2340 3762
34 1771 92 1801 lie.
105 1771 150 1804 ¹7?

35 1819 63 1840 c·
82 1817 133 1840 11'.
165 1838 173 1847 κ

32 1964 132 1994 (3.1ιρ

600 122 904 177 ΞεΗοιῙῙε,
942 135 1005 164 ετ
1038 118 1231 165 Nous
1266 121 1638 169 ILLUSTRATiss.

216 206 389 250 Ephefini.
415 204 549 238 Praesens
559 203 677 238 Canon
697 203 832 237 damnat
852 203 951 237 solam
975 202 1092 236 succes-

159 259 165 265 ‘
216 257 336 290 fionem
357 254 590 288 haereditariam
607 278 618 294 ,
643 253 683 287 de
701 265 762 296 qua
790 255 930 298 Joannes
949 252 1091 286 Cherna-

215 307 338 346 cenfis,
372 305 507 339 Ordinis
530 303 778 338 Praedicatorum
800 311 811 344 ‘,
850 304 885 337 in
919 304 1031 337 litteris
1050 301 1089 336 ad

215 356 326 389 fratres
348 356 421 389 suos
447 354 487 389 de
510 352 666 395 erroribus
690 354 750 387 suae
770 350 894 398 gentis.
922 353 1092 386 Par-ochi&

215 404 355 449 Episcopi
371 404 447 446 fiunt
469 404 647 445 hereditario
661 405 730 444 jure
750 412 804 446 per
819 402 1089 447 consanguineorum

216 456 406 490 violentiam.

265 505 429 541 Adversus
450 504 597 539 eamdem
620 504 846 539 successionem
872 502 1032 539 declamat
1056 504 1091 538 in

215 553 359 590 secundo
369 558 430 590 suae
442 555 692 589 consecrationis
713 553 929 589 anniversario
945 555 1092 588 sermone

214 606 350 641 Sanctus
363 606 434 640 Leo
447 605 591 650 Magnus
606 630 613 637 .
641 609 720 638 Dum
730 609 839 638 Divim‘
857 627 867 642 ,
891 604 971 646 quod
991 606 1011 636 a
1034 606 1091 637 Pa-

215 664 263 690 tre
286 655 417 697 cbristus
429 660 575 689 Dominus
596 662 722 698 accepit,
750 655 909 688 sacerdotii
922 655 1093 688 Sacramen-

215 713 280 740 tum
289 711 379 739 etiam
389 708 433 739 ad
442 706 589 739 humanas
597 711 736 747 pervenit
738 704 906 747 funiliones
919 728 931 744 ‚
957 715 1013 736 non
1037 712 1093 746 per

211 761 433 801 generationum
443 761 592 790 tramitem
605 761 697 789 currit
710 779 720 795 ,
747 766 798 789 nec
818 755 896 797 quod
903 765 969 787 caro
982 756 1016 788 (θ’
1022 752 1094 797 san-

211 812 280 851 guis
301 812 434 846 creavit,
460 807 598 852 eligitur,
630 803 688 848 sed
709 805 828 847 ccffante
850 805 1007 847 privilegio
1034 807 1093 836 Pa-

215 853 297 890 rrum
308 881 319 897 ,
346 856 572 897 &familiarum
582 852 683 886 ordine
701 855 893 896 praetermiffo
905 878 915 892 ,
940 866 987 886 eos
1006 853 1093 884 reffo-

213 916 261 938 res
273 904 398 946 Ecclefia
407 909 514 945 accipit
532 927 544 943 ,
568 915 637 945 quos
649 905 778 944 spiritus
790 903 917 936 sunaus
934 910 1090 944 praepara-

213 960 279 987 vr't.
306 958 385 987 Utin
403 954 509 996 populo
520 953 682 994 adoptionis
706 956 780 991 Dei,
814 955 899 993 cujus
914 953 1091 993 universitas

209 1002 398 1046 sacerdotalis
419 1013 508 1045 atque
530 1003 636 1046 regalis
649 1001 704 1042 est,
734 1014 789 1035 non
808 1007 1014 1045 praerogativa
1037 1010 1091 1035 ter-

213 1062 294 1088 renae
304 1059 426 1096 originis
437 1053 566 1086 obtineat
586 1051 748 1085 andronem
761 1077 771 1092 ,
788 1050 844 1094 sed
863 1053 996 1095 dignatio
1015 1053 1092 1085 coele-

208 1102 264 1144 fiis
277 1109 504 1148 gratiaegl'gnat
515 1101 693 1143 Antistitem.
723 1102 766 1136 Et
794 1102 933 1146 vulgaris
955 1102 1094 1145 Aposto-

212 1153 293 1187 licus
316 1154 435 1187 Canon
446 1153 557 1193 fratri,
581 1152 671 1193 filio,
697 1162 840 1197 cognato
858 1152 1103 1194 Episcoparum

212 1202 327 1237 donari
349 1212 434 1236 vetat
444 1202 543 1236 etiam
563 1202 810 1244 Metropolitica
836 1212 891 1246 per
911 1192 1093 1237 humanum

215 1252 368 1287 affectum
379 1252 597 1287 reservatione
609 1265 616 1284 ε
644 1253 736 1295 ,Quod
745 1252 795 1285 vel
808 1250 1004 1294 specietenus
1016 1255 1090 1293 Epi-

206 1301 346 1346 scopatus
359 1301 613 1343 haeredemfacere
637 1313 694 1333 non
713 1300 751 1342 fit
757 1301 890 1342 justum.
921 1301 963 1334 Et
984 1301 1094 1335 Cano-

211 1362 271 1386 nes
282 1352 435 1393 Arabici,
461 1349 785 1385 rusticanoParocho
805 1351 961 1383 morienti
974 1351 1095 1384 facien-

210 1410 262 1434 tes
269 1402 460 1443 potestatem
467 1400 657 1443 defignandi
669 1398 726 1432 fibi
735 1398 918 1433 successoris
928 1421 940 1436 ‚
966 1398 1091 1434 addunt

209 1449 459 1493 exceptionem:
487 1446 682 1482 Dummodo
694 1457 761 1481 non
774 1446 809 1479 fit
829 1451 956 1480 nationis
960 1444 1027 1488 suae
1036 1454 1090 1479 aut

209 1495 440 1542 cdnfitnguineus
450 1523 456 1529 .

260 1547 415 1591 Ejusdem
435 1546 513 1580 mali
535 1546 673 1590 speciem
706 1543 938 1589 posterioribus
972 1545 1090 1580 saeculis

208 1597 292 1632 adeo
313 1597 500 1632 abominata
524 1597 569 1630 est
594 1596 747 1631 Romana
773 1607 813 1632 ac
838 1596 947 1643 omnis
969 1596 1088 1630 Latina

209 1646 373 1686 Ecclefia,
399 1657 435 1684 ut
446 1645 544 1680 e'tiatn
556 1646 741 1690 legitimum
754 1645 858 1680 filium
875 1645 956 1689 patri
981 1647 1089 1689 proxi-

210 1696 266 1731 me
286 1697 333 1731 in<
346 1696 433 1731 idem
454 1696 649 1730 beneficium
677 1696 829 1739 legitimae
850 1695 1018 1730 electionis
1035 1695 1087 1730 via

210 1746 380 1782 fflcoedere
406 1742 543 1780 vetue'rit
554 1745 742 1788 Agexander
753 1745 887 1786 tertius,
913 1746 965 1779 uti
986 1745 1087 1789 liquet

210 1795 330 1839 exejus
338 1794 423 1839 apud
436 1794 634 1839 Gregoriurn
647 1806 773 1835 nonum
787 1795 901 1830 litteris
917 1795 958 1828 ad
971 1793 1086 1829 Archi-

211 1836 411 1889 Episcopum
434 1843 698 1880 Cantuarienfem
722 1870 727 1876 .
770 1843 1086 1888 Archi-Episcopus

1901 124 1964 176 89

1153 203 1302 235 olendum.
1331 200 1444 236 Latius
1454 199 1519 235 haec
1535 204 1716 235 referuntur
1730 202 1764 237 in
1774 205 1840 247 ejus
1862 205 1927 238 vita
1950 215 2020 245 pro-

1153 252 1245 285 dueta
1258 253 1290 284 in
1304 251 1410 286 lucem
1424 264 1477 296 per
1491 253 1698 285 Franciscum
1712 253 1932 295 Bosquettum.
1957 254 2027 286 Ho-
2046 276 2081 306 C·
2094 283 2118 308 7·
2134 282 2176 308 15·

1152 302 1205 335 die
1217 301 1371 340 servanda*
1391 303 1435 336 est
1450 302 1650 339 Tridentina
1669 302 1862 348 *reformatio
1886 303 2030 338 seffionis

1153 347 1309 396 vigefirxiae
1343 353 1480 395 quintae.
1559 351 1562 356 ’
1687 382 1693 386 ,
1733 356 1735 359 ’

1204 402 1315 435 Altera
1332 404 1492 444 praesentis
1503 402 1651 436 Canonis
1665 413 1734 446 pars
1744 402 1877 437 damnat
1897 412 1965 435 non
1978 405 2029 436 so-

1154 452 1258 485 lorum
1283 451 1519 486 Armeniorum
1546 477 1556 492 ,
1584 452 1637 486 sed
1663 453 1697 486 δε
1718 453 1930 496 quarumdam
1953 452 2030 485 alia-

1154 513 1222 534 rum
1235 502 1448 535 Eccleliarum
1465 501 1600 535 abusum
1616 526 1626 541 ,
1653 513 1718 546 quo
1729 503 1805 536 laici
1829 513 1869 537 ex
1888 501 2031 536 ambone

1153 550 1370 596 fungebantur
1391 550 1502 584 officio
1526 550 1672 584 Lestoris
1697 562 1753 586 aut
1779 552 1946 587 Cantoris.
1982 549 2031 585 Ita

1154 602 1218 635 illis
1233 600 1251 634 a
1269 602 1302 635 N
1307 603 1407 635 icaeno
1418 600 1559 636 Canone
1572 599 1718 634 Gelafius
1731 602 1917 644 Cyzicenus
1927 626 1938 643 ‚
1948 602 2029 646 quin

1153 652 1187 687 &
1214 651 1455 687 catechumenis
1475 650 1515 684 ab
1537 650 1678 685 Ecclesia
1700 650 1925 686 Alexandrina
1939 652 2031 686 fuiffe

2049 540 2077 568 L.
2088 548 2111 567 2.
2122 546 2147 568 c.
2159 545 2203 574 30·

1154 701 1337 745 permissum
1350 703 1496 736 Socrates
1508 701 1663 734 affirmat.
1691 698 1738 733 At
1764 703 1949 744 prat-sentem
1970 694 2206 737 Cast-40²¹·

1154 763 1275 785 nonem
1298 752 1404 789 firmat
1430 752 1464 784 δε
1490 751 1626 794 septima
1645 750 1801 793 synodus
1829 775 1840 792 ,
1866 752 2033 794 praesertim

1153 801 1321 835 adversum
1343 812 1458 844 pueros
1483 801 1518 834 in
1545 800 1685 834 Ecclesia
1709 799 1852 845 legentes
1874 826 1884 841 ,
1912 801 2033 835 addens

1153 851 1301 885 obtinere
1322 851 1419 884 etiam
1445 850 1478 883 in
1504 848 1692 884 monachis.
1721 850 1765 883 Et
1789 849 1913 884 dudum
1939 851 2034 885 antea
2051 847 2142 882 C-15·

1153 899 1306 943 Synodus
1317 900 1523 934 Laodicenfis
1538 912 1545 931 ε
1575 905 1648 933 Non
1659 908 1772 942 oportet
1783 902 1913 943 amplius
1919 910 2035 943 praeter

1151 962 1198 983 eos
1213 974 1223 989 ‚
1248 956 1299 992 qui
1320 951 1492 994 regulariter
1526 954 1673 984 cantores
1696 950 1843 992 existunt,
1870 953 1904 985 ζῆ·
1925 958 1977 994 qui
1996 952 2033 984 de

1156 1002 1247 1033 codice
1259 1010 1370 1034 canunt
1381 1025 1392 1040 ‚
1417 1001 1492 1032 alios
1502 1006 1535 1032 in
1546 1001 1697 1042 pulpitum
1719 1000 1924 1044 conscendere,
1952 1003 1985 1035 ἐν
2000 1007 2033 1033 in

1156 1048 1406 1090 Ecclefiacanere.
1439 1048 1600 1083 Eumdem
1613 1050 1747 1084 abusum
1770 1052 1863 1084 fuifl‘e
1888 1052 1922 1085 in
1946 1049 2034 1085 Afri-

1154 1112 1233 1134 cana
1246 1100 1383 1134 Ecclefia
1407 1099 1539 1143 quidam
1562 1100 1680 1134 volunt
1701 1111 1744 1134 ex
1756 1100 1903 1144 Epistola
1924 1101 2032 1134 Sanffi

1154 1150 1334 1194 Augustini
1356 1150 1398 1184 ad
1417 1150 1641 1200 Qintianum
1669 1150 1893 1194 Episcopum,
1920 1150 2035 1184 distin-

1153 1201 1280 1247 guentis
1292 1201 1392 1235 laicos
1417 1201 1450 1234 &
1468 1201 1616 1236 clericos
1627 1200 1773 1236 Ecclefiae
1789 1201 1960 1241 Lectores,
1987 1198 2034 1233 di-

1153 1250 1319 1294 centisque
1342 1248 1620 1295 quadragefimum
1657 1260 1810 1293 quartum
1829 1249 1932 1284 tertiae
1956 1251 2033 1283 Car-

1154 1299 1352 1344 thaginenfis
1364 1301 1492 1343 Synodi
1506 1300 1680 1334 Canonem
1694 1300 1784 1343 loqui
1799 1298 1840 1333 de
1863 1301 1939 1333 solis
1961 1300 2035 1333 Cle-

1153 1350 1247 1389 ricis‚
1274 1361 1479 1394 nequaquam
1495 1350 1538 1384 de
1563 1350 1676 1389 laicis,
1701 1349 1736 1383 &
1762 1349 1891 1384 nullum
1912 1350 2035 1394 laicum

1152 1400 1248 1432 unica
1259 1422 1270 1436 ,
1296 1401 1328 1431 A
1333 1395 1504 1441 pocryphie
1518 1399 1689 1440 praeser-tim
1699 1400 1865 1441 Scripturae
1875 1424 1891 1441 ‚
1915 1399 1961 1434 ad*
1973 1400 2035 1434 Ec·

1151 1447 1250 1481 clefiae
1260 1456 1461 1480 conventum
1475 1447 1615 1481 leffione
1625 1446 1762 1482 evadere
1771 1448 2034 1482 Ecclefiasticum

1152 1496 1337 1529 Lettorem.
1365 1494 1515 1530 Abusum
1532 1496 1719 1531 existimant
1740 1507 1854 1531 natum
1874 1509 1915 1532 ex
1939 1492 2032 1533 indu-

1148 1546 1198 1579 &a
1220 1556 1274 1588 per
1296 1545 1486 1579 Donatissas
1509 1546 1715 1580 Clericorum
1746 1548 1857 1591 inopia
1887 1573 1892 1580 .
1929 1547 2033 1594 Qod

1152 1607 1291 1642 namque
1301 1595 1383 1629 olim
1403 1596 1464 1633 soli
1477 1595 1517 1629 ab
1546 1596 1714 1640 Episcopis
1734 1596 1895 1631 benedieti
1918 1598 2033 1632 Ledio-

1149 1656 1197 1679 res
1213 1645 1352 1679 fintistic
1371 1656 1413 1679 ex
1425 1644 1566 1680 ambone
1594 1647 1647 1680 seu
1672 1647 1799 1691 pulpito
1828 1648 1935 1692 legere
1956 1660 2034 1692 conf

1150 1696 1228 1734 sueti
1242 1720 1252 1736 ‚
1280 1695 1399 1738 liquere
1412 1695 1540 1729 videtur
1563 1707 1602 1728 ex
1614 1696 1720 1730 Sansti
1734 1697 1892 1740 Cypriani
1915 1698 2031 1732 litteris

1148 1745 1189 1780 ad
1200 1746 1292 1780 suum
1305 1745 1463 1789 populum
1489 1746 1522 1779 ἀ
1536 1745 1685 1781 Clerum.
1713 1745 1840 1781 Verum
1861 1749 1896 1780 in
1927 1749 2031 1791 prima

1148 1794 1293 1838 Epistola
1318 1795 1425 1829 notari
1450 1805 1581 1839 oportet
1603 1795 1669 1833 haec
1696 1796 1815 1832 verba:
1852 1799 1962 1842 Fecisse
1981 1811 2029 1832 me

1108 1850 1112 1851 ⁷
1132 1842 1244 1887 ‘scians
1268 1844 1417 1878 Lellorem
1438 1847 1600 1884 saturum,
1625 1858 1710 1888 quem
1726 1848 1798 1887 jam
1813 1850 1936 1889 pridem
1959 1861 2031 1892 cem-

212 1895 400 1930 Caffelenfis
428 1893 604 1933 haefitavit‚
630 1893 856 1938 consuluitque
876 1893 1083 1929 Clementem
1145 1898 1224 1927 muni
1233 1893 1341 1936 confiteo
1364 1896 1448 1928 clero
1454 1901 1627 1937 proximum
1639 1894 1813 1937 feceramus
1830 1901 1986 1942 ,·quando
2005 1897 2034 1934 ἐιμ

210 1945 369 1985 tertium,
396 1944 854 1989 AnlegitimiEpiscoporum
875 1943 933 1977 filii
959 1946 1083 1988 poffent
1144 1945 1192 1977 die
1216 1943 1341 1987 Pascbae
1360 1943 1454 1988 semel
1474 1955 1564 1987 atque
1591 1946 1696 1979 iterum
1712 1948 1862 1982 lemanem
1876 1951 2032 1992 dedimus,

210 1995 264 2030 vel
283 1995 325 2030 ad
348 1996 452 2031 sacros
473 1994 615 2029 Ordines
635 1995 836 2038 promoveri.
862 1995 907 2027 Et
928 1993 1084 2036 juramen-

1144 2002 1196 2026 aut
1222 1995 1340 2035 quando
1373 2006 1436 2027 cum
1482 1995 1660 2033 Presbyteris
1694 1997 1867 2031 Dolloribus
1895 2001 2032 2033 LedJores

117 2079 120 2081 Α
210 2054 285 2079 tum
297 2068 309 2085 ,
333 2055 400 2088 quo
410 2045 552 2087 primum
566 2045 721 2083 Latinum
734 2052 835 2087 capta:
852 2043 1086 2082 Constantino·
1140 2043 1330 2085 probaremus
1340 2068 1347 2077 .
1389 2044 1507 2080 Laicus
1533 2045 1567 2077 in
1590 2045 1758 2079 Lectorem
1790 2049 2031 2089 promovendus

164 2098 168 2104 '
210 2094 328 2138 poleos
336 2091 560 2130 patriarcham
568 2093 948 2136 quidam-adstrinxerunt
961 2093 1002 2129 de
1013 2095 1083 2128 nul*

211 2143 249 2180 lo
268 2142 311 2178 ad
331 2142 448 2183 Sanstae
458 2139 586 2186 Sophiae
596 2141 824 2178 canonicatum
834 2143 1059 2185 promovendo
1072 2168 1084 2183 ,

1145 2094 1285 2136 primum
1308 2105 1362 2136 per
1385 2093 1582 2137 Episcopum
1617 2095 1650 2128 &
1673 2095 1881 2138 Presbyteros
1908 2099 2030 2134 Docto-

1147 2153 1194 2181 res
1219 2143 1487 2183 examinabatur,
1515 2144 1687 2187 aliquoties
1707 2145 1912 2189 probationis
1935 2152 2031 2184 causa

208 2193 271 2229 nist
292 2191 425 2226 Veneto
447 2201 502 2235 pet
532 2192 696 2235 originem
722 2200 779 2225 aut
797 2192 908 2229 decem
920 2203 1082 2228 annorum
1144 2192 1319 2236 legebatin
1332 2193 1496 2233 Ecclesia,
1521 2193 1611 2227 &ita
1637 2193 1736 2229 Clero
1760 2191 1928 2239 prosimus
1948 2208 2027 2233 con—

210 2240 450 2276 habitationem
475 2266 486 2281 ,
507 2240 695 2284 reprobavit
718 2240 932 2276 Innocentius
970 2243 1082 2280 tertius
1143 2241 1352 2276 stituebatur.
1387 2243 1444 2277 Ad
1472 2241 1560 2280 hunc
1583 2254 1707 2280 morem
1741 2248 1868 2290 respicit
1891 2248 2026 2284 Sanctus

209 2299 376 2335 tamqnam
388 2290 635 2336 colligationem
645 2291 827 2335 iniquitatis
838 2315 847 2331 ,
877 2290 1081 2335 cumsam‘Jua-

210 2343 357 2390 rium-Dei
371 2351 427 2374 non
432 2339 473 2382 fit
485 2339 674 2383 hereditarip
700 2342 771 2383 jure
793 2339 831 2373 ab
853 2342 998 2384 aliquibus
1011 2343 1088 2384 pff-

1143 2290 1348 2337 Augustinus
1365 2316 1375 2328 .

488 2617 562 2702 C
619 2621 704 2704 A
762 2559 1159 2707 NoN
1271 2624 1737 2716 XXXIV.

303 2836 419 2884 Orto
454 2851 596 2885 autem
631 2837 731 2887 cum
768 2843 811 2887 δε
848 2837 933 2887 hoc
968 2843 1122 2889 Canon
1158 2838 1434 2889 sacerdotalis
1481 2843 1628 2909 aperte
1675 2843 1844 2902 edicat,
1894 2827 2018 2910 quod

336 2908 666 2970 conjurationiS,
701 2909 771 2958 vel
805 2906 1042 2958 sodalitatis
1078 2911 1242 2962 crimen
1268 2912 1404 2959 etiam
1445 2910 1501 2959 ab
1524 2914 1710 2962 externis
1735 2912 1900 2975 legibus
1939 2933 2016 2970 ver.-

203 2973 360 3031 titum,
395 2976 535 3024 multo
571 2993 716 3025 autem
753 2980 890 3040 magis
939 2979 1021 3028 hoc
1056 2978 1147 3028 fieri
1194 2983 1241 3029 in
1293 2980 1484 3028 Ecclesia

202 3042 302 3089 Nos
338 3060 513 3109 quoque
546 3045 767 3097 observare
800 3046 1037 3109 studemus,
1085 3064 1134 3097 ut
1181 3049 1212 3097 fi

1529 2981 1758 3048 prohibere
1799 2999 1975 3050 oportet
2002 3003 2017 3034 τ

1258 3050 1337 3116 qui
1383 3050 1542 3099 Clerici
1593 3066 1668 3099 aut
1705 3054 1912 3101 Monachi
1949 3055 2015 3101 in-

201 3114 324 3159 venti
360 3111 442 3160 fint
460 3114 553 3163 -vel-
580 3113 879 3181 conjurantes,
914 3120 984 3167 vel
1020 3117 1268 3169 sodalitates
1303 3121 1498 3167 ineuntes
1514 3155 1526 3179 ‚
1562 3121 1632 3169 vel
1668 3119 1871 3172 adversus
1910 3125 2014 3190 Epi-

203 3177 355 3248 scopos
389 3182 460 3231 vel
494 3184 776 3236 Conclericos
810 3187 980 3261 aliquid
1014 3189 1244 3250 struentes,
1280 3188 1306 3238 ὲ
1340 3189 1517 3256 proprio
1550 3190 1684 3253 gradu
1721 3192 1905 3242 omnino
1941 3210 2016 3243 ex-

203 3249 353 3331 cidant
371 3286 408 3331 *q

282 3428 406 3485 ,cbrm
419 3402 501 3475 tupi
510 3437 596 3477 oper.
610 3436 744 3473 TomJIB

1870 3339 1886 3370 s
1982 3327 1998 3369 ’ς’

1867 3419 1905 3478 ἐ
1916 3419 1959 3479 A·

2053 1760 2103 1796 Ep.
2135 1770 2182 1794 24.

2053 1808 2098 1836 33·
2124 1810 2170 1834 24·
