2340 3762
77 1725 119 1765 'L-
131 1735 158 1763 6.
168 1739 223 1768 c.5.

93 2382 146 2417 tp.
165 2382 208 2413 78.

90 2420 113 2453 1.
126 2429 171 2450 ιο.

347 176 410 223 14

855 154 1533 209 bissex-tarro*

268 243 442 282 stionum,
466 237 800 285 immo-&suiipfiffl
826 243 927 277 Utin
941 243 1141 286 semetipsam
1195 246 1294 278 'tim0r
1314 245 1352 285 est
1375 252 1426 279 vis
1449 247 1538 289 ipfius
1563 258 1682 283 nature
1714 246 1760 284 ad
1781 253 1925 287 tuendus»
1957 254 1992 300 se
2022 265 2077 299 per

270 295 408 328 lacerata
428 292 576 326 eamdem
599 302 667 325 rem
685 293 810 328 &velit
824 293 858 326 ἀ
879 292 985 332 nolit,
1013 292 1048 326 &
1072 303 1142 327 non

268 342 363 387 poffit
375 343 508 386 seipsam
517 341 674 386 colligens
684 342 778 386 plene
789 342 871 376 velle
892 352 948 375 aut
959 341 1053 383 plene
1072 342 1142 377 nol-

269 394 320 433 le,
347 392 401 427 sed
412 392 671 436 miseracogatur
699 392 897 433 exclamare:
925 391 1028 426 Habeo
1048 391 1143 426 audo-

267 454 333 476 rem
343 444 456 482 Deum,
480 446 547 484 quis
558 447 591 474 in
611 453 657 474 me
670 440 836 483 seminavit
857 439 909 474 boc
928 439 1035 475 bellum
1049 441 1066 473 ἒ
1093 441 1141 477 Ea

261 491 404 527 *rebellio
414 491 524 526 estlex
545 489 686 534 peccati,
711 490 880 534 ipsumque
901 487 936 524 in
950 489 1142 527 hominibus

264 557 309 580 ex
321 554 402 588 aqua
413 545 447 578 δε
458 542 578 587 Spiritu
588 541 695 574 saneto
716 539 858 575 necdum
877 542 1071 584 regeneratis
1079 543 1141 576 ori·

267 596 378 641 ginale
387 602 557 639 peccatum
569 615 581 631 ,
605 591 641 624 in
650 591 843 634 regeneratis
859 590 936 625 vero
948 590 1036 625 illius
1048 591 1142 626 cada-

269 656 342 687 ver,
367 643 513 678 faetidum
538 640 572 673 δε
602 639 853 684 contagiosum,
879 640 946 675 sola
971 641 1140 676 noviffima

268 695 366 729 beatae
385 689 639 729 Resurree'iionis
658 690 870 735 generatione
900 691 1139 734 sepeliendum.

267 746 348 778 Haec
360 744 435 779 sunt
445 741 520 783 illa,
542 750 615 785 quae
624 739 642 773 ὲ
654 740 827 784 deceptore
847 738 936 775 illata
949 763 962 781 ,
987 741 1022 775 ὃς
1032 740 1073 776 ab
1084 740 1142 776 ho-

266 794 356 829 mine
366 792 503 838 decepto
512 790 646 826 admissa
658 790 784 825 nullum
796 790 830 827 in
843 790 1009 827 salvatore
1023 790 1141 829 habue-

264 843 498 889 revestigium.
858 867 860 870 .

275 915 277 918 -
314 893 425 938 Objici
439 894 570 939 poffunt
579 892 672 928 variae
682 892 715 926 δε
727 891 1007 937 Evangelistarum
1019 892 1059 927 de
1070 893 1141 928 Do-

264 943 376 985 mino,
401 944 585 980 &Domini
603 943 645 978 de
655 942 827 985 semetipso
836 954 952 977 voces.
991 946 1080 985 Cepit
1101 951 1141 977 te·

261 997 355 1036 dere,
382 997 560 1036 &parterm
585 991 742 1033 &moestus
752 992 803 1036 effe
817 1017 824 1026 .
852 990 967 1027 Faetus
988 992 1022 1026 in
1047 991 1137 1037 Ago-

265 1045 320 1079 nia
353 1043 476 1079 sudavit
506 1043 699 1088 sanguinem
723 1052 786 1085 prae
814 1043 935 1077 mentis
965 1043 1113 1087 angustia
1127 1066 1137 1083 ,

259 1095 419 1139 eguitque
455 1092 591 1138 Angelo
618 1093 845 1127 confortante.
887 1092 966 1135 Ejus
988 1103 1054 1126 vox
1071 1092 1138 1127 est:

263 1144 369 1185 Tristis
389 1143 427 1186 est
450 1148 552 1177 animat
577 1153 642 1177 mea
668 1141 757 1185 usque
778 1143 822 1174 ad
845 1151 967 1176 mortem
981 1167 988 1174 .
1026 1145 1139 1181 Pater,

256 1192 289 1237 fi
297 1194 364 1237 fieri
373 1193 486 1236 potest,
512 1190 647 1235 transeat
668 1193 689 1224 ἃ
706 1204 752 1226 me
772 1192 854 1225 calix
887 1192 937 1231 iste
950 1215 960 1232 ‚
987 1202 1139 1226 verumta-

264 1255 333 1278 men
355 1256 412 1278 non
424 1242 497 1285 ficut
507 1255 557 1287 ego
576 1244 640 1276 volo
651 1265 663 1281 ,
683 1240 743 1285 sed
752 1241 827 1284 ficut
844 1251 877 1276 tu
889 1267 896 1274 .
926 1245 1006 1276 Deus
1017 1267 1028 1282 ‚
1057 1245 1137 1276 Deus

263 1304 349 1326 meus
357 1317 368 1332 ‚
379 1295 527 1335 quare'me
536 1291 709 1334 dereliquisti
723 1293 736 1325 ἓ
762 1291 843 1325 Haec
855 1292 952 1326 verba
962 1292 1136 1326 ostendunt

262 1342 353 1376 aliud
363 1340 566 1383 adsumptum
579 1339 763 1378 hominem,
775 1340 861 1372 aliud
872 1341 984 1372 Deum
997 1340 1137 1379 Patrem,

262 1392 413 1434 adeoque
433 1391 467 1423 &
478 1391 588 1422 Deum
600 1387 750 1422 Verbum
760 1388 801 1421 de
812 1387 962 1429 paffionis
972 1387 1074 1421 calice
1085 1399 1136 1420 vo-

259 1441 377 1475 -luissex
405 1439 470 1473 Dei
481 1438 569 1472 enim
580 1434 684 1469 Patris
704 1435 739 1469 δε
759 1435 826 1467 Dei
836 1433 939 1468 Verbi
957 1434 1003 1467 est
1024 1435 1136 1469 eadem

262 1490 414 1524 voluntas
423 1514 434 1530 ,
460 1498 556 1532 atque
565 1487 609 1520 ita
622 1484 743 1520 Christi
754 1483 896 1518 Domini
906 1482 1091 1519 voluntates
1101 1485 1135 1518 in

263 1540 406 1575 invicem
428 1534 568 1574 omniuo
592 1543 777 1580 pugnarunt
792 1558 800 1565 .
832 1534 947 1578 anue
973 1533 1019 1569 est
1045 1545 1137 1569 mens

260 1591 426 1624 variorum
441 1587 593 1622 Parrum.
632 1585 784 1624 Etenim,
810 1583 891 1618 teste
911 1583 996 1627 apud
1012 1585 1137 1618 Facun-

260 1639 342 1673 dum
353 1635 624 1680 Hermianensem
641 1633 841 1677 Episcopum
859 1631 1059 1676 *Theophilo
1078 1633 1137 1667 Pa-

261 1686 399 1724 triarcha
411 1683 638 1721 Alexandrino
650 1707 661 1723 ‚
685 1683 819 1716 Sanctus
838 1681 979 1724 Ioannes
995 1682 1137 1726 Chryso-

263 1740 388 1775 stomus
409 1734 582 1781 publicein
595 1731 738 1767 Ecclesia
758 1731 846 1765 dixit
860 1756 870 1773 ,
897 1734 990 1775 Quod
998 1732 1135 1775 christus

264 1788 389 1824 Calicis
401 1786 566 1822 transitum
587 1794 677 1817 orans
687 1781 846 1824 nonfuerit
855 1784 1016 1816 exauditus
1026 1806 1038 1823 ‚
1065 1789 1136 1826 quia

265 1851 323 1874 non
348 1837 424 1873 rede*
444 1841 562 1870 oravit.
599 1832 643 1867 Et
660 1834 694 1867 in
715 1842 827 1875 quarta
845 1833 995 1867 oratione
1022 1843 1135 1868 contra

257 1886 409 1924 'Arianos
429 1886 538 1921 scribit
561 1884 695 1918 Sandius
721 1880 932 1917 Athanafius:
961 1883 1136 1917 Perturbari

263 1945 364 1975 carnis
378 1942 532 1981 proprium
550 1934 608 1976 est,
630 1932 800 1976 potestatem
825 1932 934 1966 babere
946 1933 1078 1975 ponendi
1102 1935 1136 1968 Θ

259 1989 414 2034 sumendi,
450 1987 566 2030 quando
585 1986 674 2024 vult,
700 1988 834 2016 animam
848 1981 937 2026 suam
958 1993 1016 2016 non
1036 1982 1074 2023 est
1086 1982 1137 2017 boe

267 2040 394 2074 bominis
402 2032 577 2081 proprium,
589 2033 649 2078 sed
655 2032 741 2067 verbi
763 2037 912 2066 virtutis.
936 2033 982 2066 Et
993 2032 1135 2067 Domini

265 2090 434 2128 Verbum,
460 2083 604 2128 Transeat
622 2085 643 2116 ἃ
669 2094 715 2116 me
738 2084 815 2115 calix
842 2082 912 2123 ifle,
937 2082 1075 2128 exponit
1099 2082 1135 2116 in

266 2138 349 2173 libro
361 2138 403 2172 de
415 2135 557 2171 humana
569 2141 684 2167 natura
700 2132 719 2166 a
731 2131 844 2165 Verbo
857 2132 1001 2175 suscepta
1011 2156 1020 2164 .
1049 2135 1135 2165 Duas

266 2191 437 2224 voluntates
466 2185 514 2219 hic
532 2181 676 2225 ostendit.-
711 2184 880 2215 Humanam
910 2181 1046 2223 quidem,
1069 2193 1135 2224 quae

265 2245 366 2273 carnis
378 2236 414 2276 est
422 2261 433 2277 ‚
458 2236 550 2268 aliam
562 2235 633 2266 verb
643 2257 654 2273 ,
680 2242 746 2274 quae
760 2234 892 2264 Deitatis
904 2255 913 2264 .
938 2234 984 2262 Et
1004 2230 1135 2264 bumana

268 2290 386 2333 quidem
405 2293 526 2328 propter
545 2283 752 2326 infirmitatem
772 2286 873 2314 carnis
898 2278 1012 2323 recusat
1035 2282 1135 2322 paffio-

268 2351 335 2375 nem
347 2363 356 2378 ‚
381 2339 538 2369 Divinitas
548 2335 613 2374 rjus
622 2339 760 2374 prompta
771 2330 823 2370 est.
850 2331 895 2364 Et
914 2331 1044 2365 SanEius
1065 2330 1135 2365 Leo

269 2390 303 2424 in
318 2387 430 2423 litteris
443 2385 482 2418 ad
494 2382 679 2426 Iuvenalem
688 2378 925 2422 Hierosolyma
935 2379 1135 2424 Episcopum

270 2438 410 2473 affirmat
431 2435 465 2467 in
489 2432 641 2466 Domino
662 2431 754 2464 fuisse
778 2429 956 2470 formidinis
973 2438 1133 2472 pavorem.

260 2490 316 2523 Et
337 2486 470 2522 sanstus
493 2480 683 2516 Ambrosius
710 2479 744 2512 in
764 2479 1007 2515 commentariis
1028 2480 1134 2514 sanai

272 2537 369 2572 Luca:
391 2530 620 2577 Evangelistae.
647 2530 748 2562 Minus
767 2528 926 2562 contulerat
945 2528 1020 2562 mibi
1039 2533 1136 2563 Domi-

270 2599 325 2622 nus
336 2611 348 2627 ‚
374 2583 429 2627 nisi
434 2593 529 2616 meum
536 2578 696 2625 suftepffit
716 2578 871 2619 affeelum:
897 2578 1026 2622 suscepit
1050 2579 1136 2622 tristi-

271 2644 347 2671 tiam
368 2645 462 2670 meam
473 2656 484 2672 ,
510 2639 542 2666 ut
553 2627 715 2672 mibisuam
733 2629 871 2662 laetitiam
889 2629 1062 2673 largiretur.
1088 2628 1136 2664 At

270 2685 349 2722 vero
357 2684 493 2723 turbari,
514 2689 651 2724 pavere,
677 2689 735 2712 non
753 2678 830 2712 reHe*
843 2690 949 2719 orare,
973 2684 1070 2712 carnis
1092 2684 1134 2711 in-

267 2737 419 2779 firmitas,
445 2731 571 2774 aliaque
584 2728 617 2762 id
627 2739 731 2774 genus
750 2727 889 2762 omnino
900 2728 1075 2771 important
1084 2740 1137 2763 ne-

238 2789 242 2795 '
272 2786 416 2821 ceffarios
436 2794 474 2818 ac
495 2779 628 2816 rebelles
647 2778 751 2814 animi
772 2786 900 2812 motus:
926 2788 1007 2822 quos
1027 2777 1138 2813 Philo-

273 2834 367 2878 sophi
379 2831 516 2878 gentiles
526 2829 608 2864 reste
615 2828 771 2863 dixerunt
793 2827 894 2862 salum
906 2828 1024 2861 mentis
1033 2827 1067 2860 ἅτ
1076 2838 1138 2862 tur·

275 2884 372 2919 bellas
382 2880 639 2926 cogitationum.
667 2878 711 2912 Et
721 2876 801 2912 hinc
820 2877 970 2911 adversus
988 2878 1139 2911 Sanctum

273 2933 462 2968 Maximum
472 2930 635 2972 disputans
645 2925 787 2971 Pyrrhus
807 2926 894 2961 dixit
912 2928 1063 2961 timorem
1084 2938 1140 2960 no-

275 2983 325 3018 bis
336 2980 522 3016 naturaliter
540 2979 593 3013 seu
605 2976 887 3013 necefl'arioineffe
897 2999 906 3015 ‚
931 2976 1089 3018 subjacere
1100 2987 1140 3010 re-

275 3028 479 3077 prehenfioni
491 3028 525 3062 ἀ
535 3038 666 3070 peccato
675 3052 686 3068 ,
710 3025 851 3069 ideoque
865 3026 899 3059 in
911 3025 1062 3059 Domino
1072 3037 1138 3060 non

277 3080 412 3126 potuine
432 3080 513 3113 effe.
539 3075 645 3110 Addit
663 3077 707 3111 ita
725 3075 865 3110 omnino
884 3075 1100 3120 dogmatizari
1123 3076 1141 3110 a

278 3130 394 3169 nobit,
419 3125 640 3170 quitradimus
659 3126 691 3158 in
712 3126 865 3160 Domino
883 3126 1065 3160 voluntates
1090 3137 1143 3159 na-

277 3178 413 3216 turates:
448 3175 611 3210 Voluntas
630 3173 717 3208 enim
738 3175 893 3210 naturalis
927 3175 972 3210 est
1003 3174 1143 3208 omnino

277 3230 384 3269 idem,
413 3225 501 3270 quod
513 3223 637 3260 affectio
656 3224 826 3258 necessaria
846 3237 884 3259 ac
905 3224 1051 3259 rebellis.
1077 3224 1145 3258 Vo-

275 3291 349 3317 cem
363 3300 373 3317 ,
398 3275 561 3309 Naturalis
580 3274 745 3312 voluntas,
770 3273 816 3306 ait
839 3274 901 3308 effe
921 3273 1144 3309 scandalosam

277 3340 315 3366 ae
341 3327 465 3372 piarum
483 3323 608 3358 aurium
623 3322 810 3357 offeniivam
822 3346 830 3353 .

330 3373 517 3420 Respondet
538 3372 669 3406 Sandius
697 3371 884 3405 Maximus.
921 3373 976 3413 15·st
1000 3379 1084 3408 timor
1108 3385 1145 3406 ex

282 3436 419 3471 mura„
436 3425 471 3460 θ’
490 3430 603 3467 prater
627 3429 785 3457 naturam.
824 3423 878 3455 Ex
903 3431 1013 3458 natura
1031 3424 1147 3466 quidem

1207 296 1429 328 contrafflonem
1446 308 1455 337 ·,
1476 301 1594 338 praeter
1619 304 1851 335 naturam.vero
1864 309 1951 338 timor
1969 306 2080 347 ficon-

1206 344 1311 377 traHio
1326 353 1438 386 praeter
1454 352 1597 380 rationem
1611 371 1618 379 .
1643 351 1787 383 Timorem
1798 356 1890 395 igitur
1901 359 2014 395 preter
2024 367 2080 390 na-

1206 401 1307 428 turam
1319 397 1461 430 Dominus
1472 420 1483 436 ,
1508 397 1606 438 utpote
1624 409 1661 431 ex
1689 405 1892 444 cogitationum
1904 404 2076 444 proditione

1201 443 1367 486 profec‘lum
1378 468 1390 486 ,
1421 447 1542 488 penitus
1563 458 1620 479 non
1641 449 1773 491 admiſsi,
1802 455 1934 485 timorem
1951 457 2022 488 vero
2041 464 2079 488 ex

1205 503 1315 528 natura
1325 516 1336 533 ,
1357 497 1455 537 utpote
1477 498 1603 530 indicem
1617 495 1775 538 faciebatis
1784 502 1892 536 inditae
1903 510 2022 537 naturae
2034 504 2078 538 ad

1203 543 1403 588 tuendum-se,
1430 546 1532 579 volens
1550 555 1672 589 propter
1691 559 1744 581 nos
1757 574 1768 590 ,
1790 549 1937 594 tanquam
1958 552 2051 587 bonus
2063 578 2076 595 ‚

1203 592 1335 634 admisit.
1362 598 1434 628 Non
1453 602 1533 629 enim
1551 604 1583 629 in
1596 600 1739 638 Domino,
1758 598 1830 638 ficut
1839 605 1874 635 in
1884 601 1967 636 nobis
1981 626 1993 643 ,
2018 614 2054 637 ea
2065 627 2078 644 ‚

1203 654 1271 686 quae
1290 653 1409 678 naturae
1427 644 1551 688 insunt,
1577 647 1725 682 voluntati
1743 652 1921 685 antecedunt
1932 675 1945 693 ,
1964 651 2026 696 sed
2038 651 2077 694 fi·

1202 702 1251 726 cut
1260 694 1324 726 cum
1338 697 1407 729 vere*
1417 693 1560 738 esuriebat
1576 698 1610 731 δ’
1625 695 1744 738 fitiebat
1754 722 1764 737 ‚
1784 697 1899 739 fictum
1909 706 2011 736 timuit
2022 713 2078 737 ve-

1202 744 1254 784 re,
1280 742 1413 786 nonficut
1424 757 1495 785 nos,
1515 744 1573 788 sed
1588 744 1684 789 supra
1694 757 1746 780 nos
1759 752 1882 783 timuit.
1908 750 2075 794 Timore,

1203 804 1270 827 non
1284 792 1394 828 rebelli
1414 795 1650 838 &neceffario,
1671 795 1724 830 sed
1735 795 1922 840 obedienti,
1950 811 2005 844 per
2019 813 2079 836 vo-

1202 843 1381 884 luntatem,
1407 843 1540 879 liberam
1561 844 1735 889 &plenam
1757 847 1950 890 dominam,
1976 850 2076 894 impe-

1203 901 1289 927 rato.
1316 893 1441 928 Eadem
1451 894 1496 929 est
1517 906 1610 929 mens
1623 896 1730 930 Sanffi
1741 897 1862 932 Leonis
1881 899 1915 932 in
1929 899 2081 933 sermoni-

1203 941 1262 977 bus
1283 941 1324 977 de
1346 944 1525 979 Dominica
1558 945 1726 987 Paffione,
1763 958 1879 982 vocem
1914 948 2078 991 Domini,

1203 992 1347 1036 Transeat
1367 996 1387 1027 ὰ
1413 1005 1460 1029 me
1479 996 1557 1029 calix
1589 995 1658 1036 iste,
1694 1006 1899 1032 verumtamen
1928 1010 1987 1033 non
2004 996 2078 1040 ficut

1203 1054 1252 1086 ego
1262 1043 1347 1084 volo,
1364 1042 1422 1087 [ἴε-ά
1431 1043 1505 1086 ficut
1515 1053 1569 1083 tu,
1594 1047 1805 1089 exponentis.
1846 1051 1953 1082 Prima
1972 1055 2079 1091 petitio
2095 1048 2248 1084 Ser-500²·

1203 1092 1387 1134 infirmitatis
1401 1092 1457 1133 est,
1475 1092 1607 1137 secunda
1629 1100 1772 1130 virtutis:
1798 1098 1879 1131 Illud
1895 1105 2015 1140 optavit
2038 1110 2078 1133 ex

1202 1141 1311 1183 nostro,
1336 1142 1387 1177 boc
1396 1146 1482 1188 elegit
1491 1155 1529 1178 ex
1534 1151 1668 1188 proprio.
1695 1150 1761 1180 Nec
1771 1153 1850 1181 enim
1872 1149 1996 1190 aqualis
2019 1150 2080 1181 Pa-

1202 1199 1243 1225 tri
1262 1193 1361 1226 Filius
1383 1200 1481 1227 omnia
1502 1194 1553 1238 effe
1577 1198 1634 1228 Deo
1661 1197 1801 1237 poffibilia
1825 1195 1987 1240 nesi-iehan,
2023 1207 2079 1232 aut

1202 1242 1247 1275 ad
1265 1241 1484 1286 suftipiendam
1509 1256 1619 1278 crucem
1635 1243 1698 1286 fine
1707 1244 1765 1288 sua
1784 1253 1817 1280 in
1839 1246 1915 1280 bunc
1935 1249 2079 1281 mundum

1201 1290 1392 1332 deftenderat
1419 1294 1592 1334 voluntate,
1611 1305 1644 1327 ut
1659 1294 1739 1329 banc
1758 1295 1942 1340 diversarum
1952 1297 2080 1338 affl-Hio-

1205 1349 1275 1370 num
1294 1343 1744 1386 compugnantiam'permbata
1761 1347 1969 1384 quodammode
1989 1352 2079 1378 ratio·

1201 1398 1237 1419 ne
1242 1394 1396 1426 pateretur·
1408 1410 1417 1418 .
1443 1390 1504 1421 Sed
1519 1398 1555 1421 ut
1574 1388 1763 1431 suscipienti!
1774 1416 1785 1432 ,
1807 1390 2003 1436 ficfteptaeque
2023 1404 2078 1427 na·

1201 1443 1278 1468 turae
1298 1435 1363 1478 effet
1386 1435 1542 1476 manifhsta
1562 1435 1725 1478 distint‘lio,
1749 1441 1831 1479 quod
1843 1449 1908 1473 erat
1931 1441 2075 1483 bominis,

1202 1485 1348 1517 Divinam
1357 1484 1537 1525 defideravit
1554 1492 1721 1527 potentiam
1733 1512 1744 1528 ‚
1769 1488 1846 1530 quod
1853 1498 1918 1523 erat
1929 1493 2008 1531 Dei,
2030 1492 2078 1524 ad

1200 1532 1321 1577 causam
1332 1533 1462 1578 respexit
1471 1534 1641 1569 humanam.
1657 1538 1802 1578 Superiori
1813 1539 1962 1572 voluntati
1974 1540 2077 1576 volum

1201 1592 1250 1617 tas
1263 1584 1333 1624 efft
1345 1584 1475 1626 inferior.
1489 1585 1578 1631 Qia
1589 1596 1708 1631 nempe
1719 1586 1861 1630 vigebant
1868 1587 1971 1632 sensus
1980 1598 2076 1632 corpo·
2092 1606 2175 1647 Epist·
2186 1620 2229 1640 u·

1202 1632 1310 1675 reifine
1319 1635 1378 1678 lege
1386 1641 1511 1676 peccati,
1523 1637 1558 1668 Θ
1567 1640 1683 1669 veritas
1692 1636 1934 1680 affl-ilianumficb
1944 1636 2074 1672 modera-

1201 1687 1280 1718 mine
1290 1694 1357 1717 non
1369 1684 1498 1718 tantum
1509 1687 1642 1719 Deitatis
1651 1708 1664 1724 ,
1691 1686 1744 1720 sed
1756 1686 1790 1719 ἀ
1799 1692 1909 1720 mentis
1918 1709 1929 1725 ,
1949 1698 2002 1721 nec
2010 1697 2075 1723 ten·

1201 1731 1325 1766 tabatur
1335 1732 1473 1767 illecebris
1484 1757 1496 1774 ‚
1521 1745 1574 1767 nec
1593 1734 1713 1768 cedebat
1731 1737 1867 1775 injuriis.
1897 1737 1941 1770 Et
1952 1738 2072 1780 Templo
2090 1723 2243 1758 3²¹·¹5'²·²

1200 1788 1324 1824 corporis
1334 1784 1399 1824 ejus
1409 1784 1489 1816 nulla
1499 1788 1549 1817 vis
1561 1808 1572 1825 ‚
1597 1781 1653 1825 nifi
1665 1782 1727 1827 ipfir
1731 1790 1917 1826 permitteret
1929 1810 1940 1826 ,
1961 1785 2070 1830 potuis-

1195 1829 1242 1875 set
1255 1831 1379 1875 inferri.
1405 1833 1450 1866 Et
1470 1833 1504 1866 in
1517 1832 1668 1868 Romana
1690 1835 1743 1869 sua
1754 1833 2066 1877 SynodaMartinus

1202 1882 1323 1925 primus
1333 1881 1562 1927 elegantiffime
1582 1881 1725 1919 ostendit
1746 1884 1781 1918 iu
1803 1884 1956 1919 Domino
1977 1886 2070 1921 fuiffe

1202 1930 1397 1973 maestitiam,
1422 1930 1631 1968 formidinem
1643 1957 1654 1974 ,
1665 1933 1939 1977 perturbationem
1954 1959 1965 1975 ,
1978 1935 2070 1971 alias-

1201 1992 1264 2025 que
1272 1992 1408 2020 0mnes‚
1432 1992 1499 2024 quae
1505 1980 1566 2023 fine
1576 1983 1638 2017 ulla
1647 1983 1763 2017 macula
1780 1984 1906 2022 existunt
1922 2009 1934 2027 ‚
1957 1987 2156 2024 assum-‚8:02
2170 1998 2199 2027 5.

1202 2039 1262 2075 ptae
1278 2031 1383 2066 carnis
1392 2031 1572 2074 pastiones,
1598 2044 1655 2065 non
1680 2042 1716 2068 ut
1739 2033 1921 2075 obtinerent,
1940 2034 2013 2077 ficut
2034 2040 2084 2072 in*

1201 2081 1306 2120 nobis,
1325 2079 1384 2124 sed
1406 2090 1440 2114 ut
1465 2090 1551 2115 motae
1575 2081 1790 2122 destruerentur
1818 2091 1873 2124 per
1898 2083 2073 2119 inhabitan-

1201 2136 1242 2164 tis
1261 2130 1347 2165 verbi
1366 2136 1532 2172 virtutem,
1559 2130 1759 2174 transmutata
1777 2139 1811 2166 in
1820 2133 1923 2167 melius
1934 2143 2047 2168 natura
2058 2160 2068 2167 .

1202 2181 1245 2214 Et
1258 2190 1326 2214 non
1337 2180 1404 2215 sola
1415 2180 1587 2224 susceptrix
1599 2181 1662 2215 Dei
1677 2180 1778 2217 Verbi
1799 2182 1964 2218 Divinitas
1978 2207 1991 2225 ‚
2013 2184 2069 2219 sed

1201 2230 1235 2263 ἀ
1251 2230 1316 2274 ipsa
1331 2230 1474 2273 suscepta
1506 2229 1690 2265 humanitas
1718 2230 1834 2266 habuit
1863 2230 1941 2265 banc
1959 2233 2078 2276 miseri·

1200 2280 1311 2313 caraem
1331 2285 1485 2312 materiam
1497 2303 1509 2320 ,
1533 2287 1566 2313 ut
1580 2287 1638 2321 per
1654 2279 1724 2321 boc,
1749 2282 1830 2322 quod
1843 2283 1983 2322 passiones
2000 2291 2072 2324 per-

1201 2327 1317 2370 mifitin
1330 2327 1365 2372 se
1375 2327 1480 2372 sponte
1498 2334 1632 2370 moveri,
1657 2328 1714 2362 bas
1736 2329 1874 2370 robustius
1897 2331 2075 2373 destrueret,

1202 2378 1369 2420 &nolit-am
1387 2380 1425 2413 de
1444 2378 1493 2413 bis
1508 2378 1647 2412 liberaret
1670 2388 1827 2419 naturam,
1852 2391 1920 2422 quae
1937 2391 1994 2413 non
2011 2383 2073 2415 ali-

1200 2435 1245 2462 ter
1262 2429 1350 2473 poffet
1369 2428 1512 2469 liberari,
1537 2426 1592 2469 nifi
1606 2428 1642 2461 de
1666 2426 1716 2460 hir
1744 2436 1803 2470 per
1831 2430 1988 2470 paffionem
2006 2441 2071 2463 ear-

1201 2483 1250 2512 nis
1270 2476 1376 2522 sponte
1396 2477 1538 2522 susceptis
1560 2486 1615 2520 pro
1640 2477 1722 2510 nobis
1747 2483 1945 2520 experiretur.
1982 2479 2068 2515 Eam

1201 2529 1266 2562 effe
1287 2528 1371 2562 dicit
1396 2528 1562 2561 doe-smmi
1588 2527 1801 2561 venerabilium
1830 2530 1979 2561 Parrum.
2022 2529 2071 2565 Et

1201 2577 1354 2621 Synodus
1386 2577 1494 2611 nostra
1523 2577 1560 2611 in
1588 2576 1721 2611 decreto
1751 2576 1792 2611 de
1823 2577 1889 2612 fide
1918 2579 2072 2621 praedicat

1202 2629 1275 2660 duas
1298 2628 1450 2661 naturales
1469 2627 1639 2661 voluntates
1650 2651 1661 2667 ‚
1687 2637 1743 2660 non
1762 2633 1926 2661 contrarias
1940 2652 1953 2676 ζ
1974 2627 2072 2670 abfit,

1195 2678 1290 2718 juxta
1298 2678 1379 2719 quod
1385 2682 1469 2719 impii
1483 2677 1661 2720 afferuerunt
1678 2677 1713 2711 δε
1733 2677 1829 2711 nobis
1849 2677 2072 2720 imposuerunt

1204 2725 1332 2760 haeretici
1342 2751 1352 2766 ,
1372 2724 1428 2769 sed
1435 2726 1603 2770 sequentem
1613 2728 1676 2767 ejus
1693 2725 1853 2760 humanam
1864 2728 2044 2762 voluntatem
2054 2751 2067 2767 ,

1203 2778 1237 2811 Θ
1257 2787 1315 2809 non
1336 2775 1507 2818 refistentem
1534 2777 1586 2809 vel
1612 2775 1821 2816 relueiantem,
1840 2775 1898 2819 sed
1911 2777 2011 2819 potius
2035 2777 2070 2810 (τ

1198 2824 1359 2868 subjec‘lam
1381 2830 1504 2859 Divina
1526 2827 1589 2866 ejus
1614 2834 1704 2868 atque
1726 2831 1915 2868 omnipotenti
1933 2827 2071 2860 volunta-

1203 2881 1245 2908 ti.
1275 2875 1427 2910 Omnino
1439 2876 1539 2920 igitur
1559 2875 1724 2910 Dominus
1745 2875 1860 2910 habuit
1878 2874 2005 2910 easdem
2016 2887 2073 2910 no·

1204 2924 1327 2958 biscum
1346 2925 1506 2959 inferioris
1527 2924 1689 2968 appetitus
1718 2925 1920 2960 affectiones.
1957 2925 2072 2960 Ratio-

1203 2985 1279 3008 nem
1300 2974 1356 3008 dat
1375 2973 1598 3009 Tertullianus
1619 2974 1653 3007 in
1679 2973 1763 3008 libro
1783 2974 1826 3010 de
1850 2976 1928 3020 fuga
1948 2976 1983 3010 in
2005 2985 2073 3019 per-

1205 3024 1388 3058 secutione.
1417 3023 1560 3067 Profeffus
1582 3025 1616 3058 eb·
1635 3021 1696 3067 ipse
1717 3024 1755 3065 eff
1787 3030 1920 3058 animam
1946 3031 2073 3059 anxiam

1205 3072 1292 3117 usque
1311 3074 1355 3106 ad
1373 3082 1494 3107 mortem
1514 3096 1526 3113 ,
1562 3074 1597 3107 ὦ·
1617 3084 1736 3107 carnem
1763 3075 1932 3117 infirmam,
1957 3084 1991 3109 ut
2015 3074 2072 3108 tibi

1206 3122 1359 3163 ostenderet
1390 3129 1422 3155 in
1446 3121 1480 3166 se
1503 3131 1658 3163 utramque
1685 3122 1881 3166 substantiam
1911 3124 2072 3158 biemanam

1200 3172 1285 3215 futffe
1310 3183 1349 3206 ex
1370 3178 1552 3214 proprietate
1575 3177 1739 3207 anxietatis
1763 3181 1874 3208 animae
1886 3198 1898 3215 ,
1925 3175 1960 3207 θ
1984 3171 2072 3205 imbe-

1206 3223 1342 3257 cillitatis
1367 3228 1486 3262 carnis,
1513 3232 1549 3255 ne
1584 3223 1677 3255 aliam
1690 3247 1701 3262 ,
1726 3231 1760 3256 ut
1782 3225 1902 3266 quidam
1926 3231 2003 3253 nunc
2027 3225 2072 3254 in-

1207 3273 1375 3311 duxerunt,
1400 3274 1512 3314 utique
1536 3273 1642 3306 cuncti
1666 3272 1804 3316 duplicis
1814 3269 2006 3306 Divinitatis
2026 3270 2071 3304 fa·

1209 3321 1366 3359 bulones,
1389 3332 1442 3356 aut
1466 3327 1598 3355 animam
1616 3331 1671 3355 aut
1705 3331 1818 3355 carnem
1845 3317 1955 3359 Christi
1971 3321 2072 3352 'inter-

1206 3377 1381 3413 pretareris.
1417 3372 1563 3412 Eamque
1582 3371 1743 3406 rationein
1762 3367 1942 3411 adprobant
1963 3368 2078 3403 Parme

1210 3431 1342 3462 omnes,
1370 3421 1481 3458 Latini
1507 3421 1541 3456 ἀ
1566 3420 1668 3456 Grae‘ci
1687 3443 1695 3450 ·
1733 3417 1860 3452 Habuit
1879 3441 1891 3459 2
1917 3418 2078 3460 inquam,

1957 3467 2030 3505 Do·

2086 3051 2159 3090 Cap·
2169 3061 2198 3088 9·
