2340 3762
588 165 920 221 .Scu0111s‚
944 178 1023 208 ετ
1057 162 1662 211 ΝοτιςᾸιιυςιτιιΑ-τι.

234 250 406 296 gislitterae
423 275 434 292 ‚
460 252 640 295 omnesque
661 252 806 287 Ecclefiae
825 250 936 287 Patres
958 248 991 287 ἃ
1003 250 1110 285 Cano-

234 311 291 334 nes
302 300 500 343 frequentius
512 312 569 336 aut
581 301 744 337 ardentius
755 302 922 338 inculcant
934 324 941 333 .
968 300 1110 345 Aposto-

233 349 303 384 lum
317 373 327 389 ,
352 349 579 385 adfirmantem
593 353 632 385 in
642 351 787 386 Ecclesia
799 353 816 385 a
826 351 979 386 Domino
991 350 1111 395 pofitos

232 398 267 433 &
286 398 446 435 Dostores
470 401 682 442 &Pastore5,
709 407 876 444 exponens
899 401 935 435 in·
957 400 1112 445 Epistol&

231 447 273 483 ad
298 447 451 493 Ephesios
473 452 718 486 commentariis
739 452 870 488 Sanetus
883 449 1112 493 Hieronymus

231 498 312 532 reste
321 501 370 534 ait
379 501 527 536 distincta
541 500 696 545 quidem,
722 501 777 539 sed
799 499 968 537 individue
992 512 1114 537 conne-

231 559 274 583 xa
294 551 357 585 effe
377 551 435 585 ista
457 552 566 588 officia
585 576 595 593 ,
622 552 853 595 neminemque
876 548 1113 587 adsumendum

230 599 274 632 ad
300 600 587 637 Pastoris'nomen
602 627 613 643 ,
639 603 696 637 nifi
708 599 909 642 Douorem,
936 602 993 645 qui
1015 602 1114 635 docere

225 651 308 692 pfft
318 662 388 694 quos
394 649 493 695 pascit
504 677 511 683 .
538 651 658 697 Neque
669 650 764 688 refert
774 677 786 695 ,
807 652 896 696 quod
909 652 1010 686 solam
1023 650 1114 686 doci-

230 699 395 735 bilitatem
416 702 451 735 in
473 702 640 747 Episcopo
661 704 820 748 requirere
851 702 999 737 videatur
1023 701 1111 736 idem

228 749 411 793 Apostolus
431 776 443 792 ,
469 752 610 787 scribens
636 753 677 788 ad
705 746 928 788 Timotheum
955 777 963 785 .
990 756 1113 795 Oportet

228 799 409 844 Epifiopum
419 803 471 847 effe
480 804 599 837 docilem
609 823 617 835 .<
645 800 779 838 Etenim
791 804 825 837 in
839 803 952 837 Graeco
963 802 1009 836 est
1021 814 1087 836 vox
1096 825 1107 841 ,

226 855 403 890 Mammea,
431 863 502 894 quae
513 863 572 886 non
595 860 629 887 ut
640 856 858 894 interpretatur
869 857 986 886 Latina
1001 851 1112 892 fimplt-

180 936 183 938 ,
227 903 306 932 citas
315 920 327 937 ‚
338 899 497 942 fignificat
507 902 618 943 doceri
629 912 780 945 capacem
790 926 802 942 ,
828 901 880 936 sed
892 912 1042 944 capacem
1053 899 1113 934 do·

54 927 211 1005 g‘f'c‘mt‘·
226 957 315 981 cere.
341 947 445 983 Porro
458 948 605 986 doctrina
625 950 732 985 nostra
743 962 812 986 non
837 951 883 986 est
897 952 959 985 alia
974 976 983 991 ,
1013 950 1110 994 quim

77 984 91 1005 e
106 976 208 1012 ’ἔκη’
226 997 316 1030 sacra
335 1000 500 1044 utriusque
523 1000 606 1047 legis
616 1001 797 1045 Scriptura:
826 1002 937 1049 Qam
951 1002 1016 1035 Dei
1034 1001 1113 1036 Ver-

225 1045 306 1081 bum
316 1070 328 1086 2
352 1050 552 1087 &traditum
564 1053 597 1086 &
607 1052 761 1096 scriptum
774 1077 781 1085 .
809 1050 895 1100 Qis
906 1052 1026 1087 nesciat
1037 1051 1115 1086 Ale-

223 1097 346 1132 xandri
368 1100 502 1135 secundi
526 1114 564 1136 ac
576 1102 728 1148 Gregorii
753 1103 881 1146 septimi
911 1102 1114 1146 temporibus

223 1158 362 1184 omnem
385 1151 524 1195 Europae
557 1152 735 1187 Ecclesiam
765 1153 858 1186 fuiffe
884 1152 1114 1186 faediffimam?

135 1240 137 1242 v
164 1239 170 1250 1
224 1197 368 1233 Causam
379 1200 575 1238 datSanCtus
585 1198 699 1237 Petrus
711 1202 972 1246 Damiani,quod
982 1202 1116 1246 Episco-

50 1236 75 1275 Ῐ.
89 1239 210 1284 tiliptlh
221 1247 259 1291 pi
262 1246 417 1291 sacrarum
427 1252 647 1294 scripturarum
659 1254 773 1295 eloquia
784 1253 947 1288 nescirent
959 1276 970 1292 ‚
996 1252 1049 1287 sed
1062 1253 1111 1286 so-

54 1291 106 1318 25·
220 1296 257 1330 la
269 1299 363 1342 legum
370 1299 449 1345 scita
472 1300 630 1348 &fin-ense
655 1301 784 1346 litigium
803 1325 810 1335 .
840 1302 1011 1346 Ejusmodi
1024 1313 1116 1336 nam-

226 1358 294 1391 que
305 1350 485 1396 Episcopos
498 1374 509 1393 ,
530 1355 641 1395 quales
653 1353 687 1386 <Sc
699 1352 789 1396 supra
801 1363 1000 1388 memoratus
1012 1352 1114 1386 Neon

228 1404 459 1439 promoverat,
484 1402 595 1443 paffim
609 1399 817 1442 inconfiderate
838 1403 873 1435 &
884 1402 1015 1444 dissolute
1026 1406 1114 1436 vive

228 1456 264 1478 re
273 1445 421 1482 adfirmat
431 1451 560 1492 praefata
569 1450 682 1495 Synod
688 1459 724 1482 us
734 1448 945 1484 seleuciensis
955 1448 967 1482 .”
1057 1450 1060 1454 ’

281 1496 327 1530 Et
349 1498 450 1533 sacras
470 1497 593 1535 litteras
609 1517 620 1539 ‚-
645 1497 678 1534 &
699 1498 939 1534 Ecclefiasticos
958 1498 1113 1533 Canones

231 1544 411 1590 Episcopus
421 1548 500 1584 scire
509 1549 613 1584 debet.
631 1544 866 1584 scrutabiliter:
893 1550 974 1584 Hoc
984 1548 1053 1589 est,
1078 1548 1113 1581 δε

228 1594 415 1643 intelligere
440 1623 450 1639 ‚
488 1599 523 1633 δε
545 1600 669 1635 affiduo
693 1599 803 1633 studio
825 1598 933 1633 adhuc
954 1598 1112 1633 scrutari.

229 1645 358 1680 Merito
372 1649 491 1681 sanein
503 1649 657 1693 Epistolae
668 1649 708 1683 ad
727 1649 850 1683 Titum
869 1647 1113 1683 commentariis

229 1694 380 1731 laudatus
392 1698 622 1742 Hieronymus
633 1699 774 1745 graviter
787 1700 894 1744 arguit
908 1699 1092 1743 Episcopos
1101 1717 1112 1738 ,

227 1749 280 1787 qui
297 1750 414 1780 inertiae
430 1746 484 1791 se,
510 1748 545 1782 <9⁶
567 1755 645 1789 otio,
671 1750 705 1784 <St
721 1748 824 1792 Jimmo
844 1751 952 1783 dantes
965 1774 975 1789 ‚
997 1756 1112 1790 putant

222 1801 379 1836 peccatum
389 1797 439 1840 effe
451 1823 462 1838 ,
481 1797 511 1839 st
518 1801 688 1840 Scripturas
702 1800 844 1842 legerint,
869 1801 902 1833 (τ
912 1810 958 1832 eos
976 1823 987 1839 ,
1012 1806 1066 1840 qui
1078 1804 1111 1830 in

227 1844 290 1888 lege
301 1847 421 1881 Domini
443 1849 627 1882 meditantur
638 1851 687 1882 die
706 1850 740 1883 (5
753 1849 833 1883 node
844 1874 854 1890 ‚
880 1849 965 1892 quasi
972 1849 1109 1892 garrulos

229 1893 402 1940 inutilesque
411 1906 608 1933 contemnunt.
636 1899 792 1934 Atticum
803 1898 1110 1942 Constantinopoli-

224 1955 342 1981 tanum
354 1947 550 1993 Episcopum
562 1947 670 1984 laudat
682 1951 845 1989 socrates,
873 1949 961 1993 quod
976 1950 1009 1983 in
1024 1948 1109 1982 evol·

225 1996 340 2032 vendis
353 2008 496 2032 veterum
508 1999 639 2033 Parrum
652 2019 663 2038 ‚
689 2001 789 2034 sacras
801 2001 923 2034 litteras
944 1999 1110 2034 elucidan-

224 2046 335 2086 tium,
362 2046 487 2090 scriptis
508 2050 585 2083 effet
606 2048 746 2082 affiduus
770 2068 781 2088 ⁵
807 2049 842 2084 &
862 2049 958 2082 noc‘les
979 2057 1105 2081 tereret.

226 2095 342 2130 Etiam
363 2098 497 2133 Sanetus
508 2097 714 2143 Augustinus
733 2099 917 2141 frequenter
940 2099 1059 2133 fatetur
1079 2099 1109 2131 se

226 2146 340 2180 nostes
361 2147 504 2192 integras
526 2148 710 2183 lucubraffe
733 2168 740 2180 ι
768 2148 898 2183 Natalis
921 2148 1047 2182 Salonae
1072 2148 1107 2181 in

224 2196 395 2231 Dalmatia
407 2196 706 2242 Archi-Episcopus
716 2196 845 2241 pessime
855 2198 1102 2233 administravit:

224 2245 368 2280 Causam
380 2246 479 2281 edicit
491 2244 624 2283 Sanstus
637 2249 813 2294 Gregorius
823 2249 971 2294 Magnus
980 2273 991 2289 ,
1018 2247 1106 2292 quod

223 2306 412 2338 nequaquam
431 2297 547 2332 leeiioni
563 2298 695 2339 studeret
719 2319 730 2340 ,
757 2298 897 2342 ideoque
921 2297 1106 2340 Ecclefiastici

222 2346 338 2378 ordinis
350 2345 431 2389 usum
441 2351 590 2391 ignoraret
602 2373 609 2381 .
639 2348 717 2392 Ejus
730 2342 863 2383 frivolas
881 2349 1107 2383 excusationes

223 2396 353 2440 egregie
364 2398 498 2432 refutat.
526 2398 564 2432 ln
577 2399 682 2432 sanari
695 2395 812 2443 Aggaei
825 2398 996 2443 Prophetae
1016 2410 1106 2432 com-

224 2446 391 2480 mentariis
414 2449 547 2483 sanstus
568 2449 800 2493 Hieronymus
822 2449 855 2483 id
879 2450 1047 2493 praesertim
1061 2461 1108 2482 re·

224 2495 325 2538 quirit
346 2496 380 2529 in
403 2497 490 2537 illis,
516 2498 662 2541 quicum
684 2509 752 2532 non
764 2499 859 2542 plena
882 2500 1014 2533 scientia
1029 2500 1103 2542 Epi-

222 2545 383 2587 scopalem
409 2544 593 2582 cathedram
615 2547 869 2583 adscenderunt.
895 2550 1028 2588 saltem,
1054 2550 1102 2583 in·

223 2595 297 2637 quit
312 2619 322 2634 ,
334 2592 410 2630 illud
418 2595 551 2631 habeant
563 2622 572 2637 ‚
592 2610 624 2632 ut
634 2598 786 2640 postquam
797 2600 962 2632 sacerdotes
971 2599 1101 2640 fuerunt

219 2646 357 2677 ordinati
369 2668 379 2686 ,
405 2645 521 2689 discant
538 2648 625 2691 Iegem
636 2650 713 2688 Dei,
740 2657 775 2680 ut
792 2650 897 2691 pofflnt
908 2651 1006 2682 docere
1024 2649 1104 2691 quod

221 2695 384 2728 didicerint
395 2721 405 2736 ,
432 2698 466 2730 (9⁶
477 2706 604 2741 augeant
620 2697 780 2742 scientiam
789 2704 886 2743 magis
897 2701 989 2742 qucim
1009 2708 1075 2741 opes
1088 2724 1098 2739 ,

222 2743 369 2788 magisque
391 2747 487 2779 noc‘ies
510 2749 622 2781 &dies
645 2754 679 2781 in
700 2748 922 2790 Scripturarum
943 2750 1076 2783 trac‘latu
1088 2774 1099 2791 ,

221 2797 312 2837 quam
321 2801 353 2828 in
367 2801 530 2830 ratiociniis
550 2795 802 2840 &supputatione
813 2798 982 2842 consumant
992 2826 999 2833 .

273 2844 377 2878 Addit
390 2846 508 2880 Canon
524 2846 641 2882 horum
664 2849 816 2884 omnium
833 2851 963 2884 causam
979 2862 986 2883 :
1013 2852 1098 2894 ‚Quia

215 2891 381 2935 substantia
392 2894 549 2931 sacerdotii
560 2897 645 2937 nostri
651 2897 724 2942 fient
738 2901 852 2943 eloquia
866 2901 1024 2934 Divinitt'ts
1037 2910 1097 2933 tra-

220 2943 288 2974 dita
300 2967 310 2982 ‚
337 2946 372 2975 id
383 2944 419 2982 est
432 2970 442 2985 ‚
469 2954 543 2980 vera
562 2950 788 2990 scripturarum
808 2953 993 2984 Divinarum
1014 2953 1046 2984 di
1061 2957 1099 2984 ci-

215 2993 321 3034 plina.
350 2991 557 3037 Additenim
580 2998 729 3034 laudatus
741 2999 971 3044 Hieronymus
993 3001 1025 3033 in
1039 3002 1096 3035 eis-

220 3042 297 3076 dem
319 3047 576 3080 commentariis.
607 3050 636 3080 Si
657 3050 798 3083 Sacerdos
816 3050 854 3090 est
867 3075 878 3091 ,
899 3049 979 3094 setin·
990 3053 1095 3094 Legem

220 3095 342 3125 Domini
354 3106 368 3134 ;
387 3091 417 3135 fi
424 3100 540 3137 ignorat
551 3098 639 3139 legem
654 3120 664 3137 ,
689 3098 749 3142 ipse
771 3107 871 3144 arguit
890 3112 948 3134 non
970 3101 1021 3144 effe
1038 3104 1096 3132 Do·

219 3146 294 3175 mini
305 3144 487 3177 sacerdotem
497 3170 504 3176 .
531 3147 692 3180 Sacerdotis
704 3155 782 3181 enim
791 3149 827 3189 est
835 3146 910 3194 fiire
921 3152 1013 3194 legem
1025 3176 1035 3190 ‚
1062 3153 1094 3185 (9⁴

217 3193 263 3224 ad
279 3199 534 3236 interrogationem
544 3194 714 3238 respondere
725 3199 760 3231 de
771 3201 831 3241 lege
840 3224 847 3231 .
876 3200 919 3235 Et
930 3202 970 3235 ad
979 3201 1095 3244 Hispa·

44 3260 175 3300 Epist45·
215 3242 345 3277 niarum
383 3244 561 3289 Episcopos
585 3244 694 3280 scribit
715 3247 894 3284 Hormisda
922 3250 1094 3284 Pontifex.

215 3292 356 3328 Nec-leve
376 3305 428 3328 nec
449 3306 575 3329 vacuum
590 3292 672 3336 fuit,
698 3298 779 3338 quod
800 3308 852 3332 nec
875 3300 962 3341 apud
982 3308 1095 3335 veteres

47 1701 123 1741 cap.
139 1705 171 1733 12

48 2122 110 2156 1⁴⁸7·
124 2122 187 2152 eſsi«.

47 2229 197 2273 Lati-:pista

47 2286 95 2314 142
113 2282 160 2315 37.

44 2465 117 2507 Cap.
125 2471 158 2496 u

1887 168 1982 225 ,183

1174 251 1291 292 quidem
1302 249 1359 292 m'fi
1369 253 1497 284 Levitici
1504 255 1622 294 generis
1637 254 1723 290 viri,
1748 249 1903 295 adsandla
1912 255 2055 287 admitte-

1173 301 1283 334 bantur
1294 302 1428 340 altaria,
1457 312 1492 334 ne
1501 300 1633 342 pcffime,
1659 304 1775 334 meritis
1784 309 1955 344 contemptis
1966 328 1977 344 ,
2001 309 2055 336 aut

1168 356 1266 392 pretio
1277 347 1328 382 aut
1334 345 1563 393 praefitmptione
1574 351 1618 382 ad
1622 354 1624 357 “
1626 349 1726 396 sacros
1745 351 1841 384 cultus
1861 358 1958 393 impar
1979 363 2055 386 acce-

1174 401 1274 433 deret.
1302 403 1383 433 Tunc
1394 400 1565 445 migrabant
1572 409 1628 442 per
1650 400 1734 433 illam
1751 407 1989 446 praerogativam
2001 402 2059 442 fa·

1174 452 1321 483 miliarum
1342 451 1387 484 ad
1405 448 1538 490 instituta
1562 452 1716 483 cultorum
1728 475 1738 490 ,
1765 461 1841 484 nunc
1862 451 1900 492 est
1924 450 2057 483 dot‘irina

1170 509 1225 542 pro
1231 511 1359 545 genere.
1389 501 1484 543 ,Quod
1492 502 1555 533 illis
1572 500 1637 541 fuit
1660 500 1762 544 nasci,
1788 499 1840 534 hoc
1851 500 1934 534 nobis
1945 499 2056 534 imbui.

1174 552 1241 584 Illos
1252 551 1440 586 tabernaculo
1450 549 1548 584 dabat
1559 558 1671 584 natura
1682 573 1692 590 ‚
1717 561 1770 584 nos
1786 550 1934 586 altaribus
1949 558 2060 594 partu·

1171 599 1406 644 rirdisciplina.
1436 605 1438 607 ·

1223 651 1335 696 Pergit
1359 649 1503 687 Canon:
1528 647 1622 694 ,Quod
1633 647 1665 692 fi
1675 648 1908 693 disceptaverit,
1935 654 2060 686 nullate·

1173 703 1228 735 mis
1251 700 1445 746 consecretur.
1473 700 1518 735 Et
1534 700 1672 738 iterum:
1701 703 2059 744 InquiraturaMetropo-

1173 754 1267 786 litano
1279 776 1289 792 ,
1316 753 1372 785 &a
1391 750 1538 785 Similem
1550 751 1726 785 Canonem
1751 750 1907 785 habemus
1929 752 1946 784 ὲ
1965 754 2061 786 tertia
2076 741 2149 780 0²9·
2167 749 2194 775 ⁷·

1174 801 1311 844 Synodo
1330 801 1532 835 Francorum
1557 800 1734 834 Valentina
1747 825 1755 833 .
1782 803 1814 834 si
1832 803 1853 833 ci
1873 799 1998 845 servitio
2012 808 2062 843 pii

1176 853 1325 893 Principis
1338 850 1425 891 nostri
1448 850 1559 893 aliquis
1572 851 1747 885 Clericorum
1768 857 1904 892 venerit,
1929 860 1963 884 ut
1973 852 2061 884 alicui

1177 907 1299 935 civitati
1317 908 1511 944 praeponatur
1523 897 1686 944 Episcopus
1698 925 1708 941 ‚
1735 908 1838 936 timore
1859 901 1933 943 casto
1950 899 2062 946 solicite

1175 957 1377 985 examinetur:
1408 950 1567 992 Primum,
1593 954 1674 990 cuius
1687 958 1763 987 vitae
1767 950 1805 992 fit
1813 964 1829 994 ‚·
1855 953 1962 986 deinde
1974 953 2062 994 qu‘us'·

1171 1000 1327 1044 scientiae.
1356 1002 1401 1034 Et
1412 1006 1513 1045 vigore
1523 1000 1713 1042 ,Ecclesiastico
1720 1001 1777 1046 sub
1788 1004 1877 1036 oculis
1891 1007 1948 1037 Dei
1969 1007 2063 1036 omni-

1171 1058 1304 1094 potentis
1315 1057 1388 1095 agat
1401 1054 1645 1095 Metropolitanus
1671 1058 1704 1084 in
1724 1051 1780 1085 bac
1795 1061 1905 1095 parte,
1939 1051 2062 1096 Episco-

1173 1108 1222 1144 pis
1227 1100 1300 1143 ficut
1311 1104 1365 1134 Dei
1376 1102 1516 1142 ministris
1529 1104 1676 1135 auxilium
1681 1100 1852 1143 ferentibus
1863 1128 1874 1145 ‚
1901 1115 1938 1136 ne
1967 1113 2064 1135 macu-

1176 1154 1249 1185 latae
1260 1159 1334 1186 vitae
1345 1175 1356 1191 ,
1381 1153 1415 1185 Θ·
1424 1157 1543 1195 pompis
1552 1151 1654 1196 soeculi
1681 1151 1819 1186 turbidus
1838 1177 1848 1192 ,
1876 1155 1911 1188 ὠ·
1923 1152 2065 1195 fimonia.

1177 1213 1212 1235 ca
1231 1201 1338 1244 baerest
1350 1204 1480 1244 pollutus
1501 1228 1511 1244 ‚
1547 1202 1709 1236 humilibus
1749 1205 1783 1237 ὠ·
1806 1205 1927 1237 mundis
1952 1202 2064 1243 christi

1178 1253 1317 1286 membris
1330 1277 1341 1292 ‚
1367 1253 1554 1295 Ecclesiaeque
1569 1252 1657 1295 ipfius
1673 1251 1860 1295 supponatur
1874 1252 2041 1297 Episcopus
2054 1278 2063 1285 .

1181 1307 1246 1336 Nec
1251 1301 1417 1346 praefitmat
1428 1304 1606 1336 illiteratum
1617 1328 1628 1344 ,
1654 1304 1687 1335 &
1701 1305 1868 1345 cupiditate
1895 1309 1989 1337 nimia
2010 1314 2067 1336 cae·

1176 1362 1297 1392 catum,
1324 1355 1497 1386 redditurus
1512 1353 1596 1394 facit·
1615 1352 1664 1395 sui
1687 1360 1830 1387 rationem
1843 1378 1853 1393 ‚
1873 1354 1983 1396 populo
2006 1357 2068 1387 Dei

1172 1402 1325 1442 praeficere
1346 1426 1355 1433 .
1393 1401 1592 1436 Valentinus
1614 1402 1757 1436 Francos
1776 1406 1794 1437 a
1817 1404 1940 1437 Carolo
1958 1402 2065 1436 Calvo

1178 1449 1292 1493 Rege,
1320 1451 1453 1493 praesens
1481 1450 1602 1484 Canon
1627 1451 1758 1484 Graecos
1776 1454 1794 1485 a
1815 1453 1910 1486 dietis
1937 1450 2066 1486 duobus

1179 1498 1337 1544 Augustis
1348 1507 1518 1543 promotos
1529 1500 1548 1534 ὲ
1561 1500 1716 1534 soricibus
1738 1501 1895 1536 Palatinis
1908 1502 2065 1546 indignos

1178 1549 1360 1593 Episcopos
1371 1548 1522 1594 impetit,
1549 1561 1683 1585 omnem
1695 1551 1846 1595 deinceps
1870 1563 2066 1595 promoven-

1178 1599 1257 1632 dum
1272 1599 1433 1634 mandans
1445 1609 1514 1635 non
1526 1599 1736 1634 solummodo
1751 1600 1920 1641 psalterii,
1947 1611 2065 1636 cantus

1178 1649 1394 1684 Ecclefiastici
1415 1675 1426 1691 ,
1453 1650 1623 1685 Sacrorum
1646 1651 1824 1686 Canonum
1850 1677 1861 1692 ,
1897 1664 1935 1686 ac
1965 1651 2065 1686 Divi-

1177 1710 1292 1734 narum
1303 1700 1537 1744 Scripturarum
1564 1703 1628 1735 esse
1643 1702 1803 1743 peritum,
1830 1701 1886 1736 sed
1913 1703 1947 1735 ὃς
1971 1700 2065 1736 desu-

1177 1760 1233 1793 per
1251 1749 1432 1784 examinari
1454 1752 1473 1784 a
1494 1750 1712 1795 Metropolita
1725 1775 1737 1790 ‚
1763 1752 1904 1795 cogique
1917 1751 1959 1785 ad
1981 1751 2064 1795 jura-

1175 1808 1242 1833 tam
1266 1799 1307 1833 de
1326 1800 1480 1845 diligenti
1502 1800 1611 1835 studio
1626 1826 1636 1842 ‚
1662 1799 1816 1835 docendo
1841 1801 1966 1846 populo
1991 1826 2001 1843 ,
2028 1802 2063 1837 δε

1173 1848 1418 1894 frequentandis
1443 1861 1480 1885 ac
1493 1850 1706 1886 decantandis
1718 1850 1853 1886 Divinis
1875 1851 1909 1884 in
1923 1852 2063 1887 Ecclesia

1174 1898 1324 1934 laudibus
1338 1899 1568 1944 professionem
1582 1927 1589 1934 .
1617 1903 1681 1946 ‚Qui
1693 1899 1901 1944 disceptaverit
1915 1927 1926 1943 ,
1955 1904 1988 1936 id
2002 1902 2061 1944 est,

1173 1948 1333 1991 ejusmodi
1346 1951 1573 1994 profeffionem
1586 1964 1654 1986 non
1669 1951 1784 1986 lubens
1808 1953 1919 1987 fecerit
1933 1977 1944 1992 ,
1970 1955 2063 1986 nulla-

1173 2001 1259 2034 tenus
1271 1998 1467 2042 consecretur.
1496 2001 1539 2035 Et
1552 2002 1619 2044 jure
1640 2002 1757 2035 merito
1774 2027 1781 2033 .
1809 2003 1947 2047 Ignaros
1969 2004 2061 2038 enim

1173 2057 1211 2084 ac
1224 2051 1353 2094 ineptos
1369 2051 1674 2093 Episcoposiniquo
1698 2052 1821 2095 populo
1843 2053 1911 2087 dari
1938 2054 1969 2085 in
1995 2064 2060 2096 poe-

1174 2108 1250 2133 nam
1265 2123 1276 2141 ,
1302 2112 1340 2134 ac
1352 2102 1415 2134 effe
1430 2098 1549 2135 Divini
1575 2103 1692 2135 furoris
1714 2102 1844 2135 crudele
1868 2102 2060 2147 flagellum,

1168 2150 1255 2184 'recte
1267 2150 1363 2184 docet
1384 2150 1514 2185 laudata
1536 2150 1689 2195 Synodus
1702 2150 1884 2186 Valentina
1897 2177 1904 2185 .

1223 2199 1321 2234 Recte
1337 2202 1416 2234 item
1430 2203 1563 2244 praesens
1576 2201 1696 2236 Canon
1712 2199 1948 2247 Episcopatum
1963 2215 2060 2238 vocat

1172 2250 1334 2287 summum
1347 2251 1572 2286 Sacerdotium
1585 2277 1592 2285 .
1620 2252 1751 2287 Eodem
1764 2252 1855 2286 enim
1877 2253 1978 2286 modo
2001 2266 2059 2287 vo-

1171 2310 1222 2334 cat
1245 2301 1399 2343 Synodus
1419 2302 1636 2336 Taurinenfis
1662 2317 1673 2336 .-
1699 2303 1853 2335 Ordinatio
1872 2302 2056 2347 summorum
2076 2293 2151 2331 C²P·
2171 2303 2196 2324 ¹'

1171 2352 1375 2384 sacerdotum.
1405 2352 1448 2384 Et
1462 2352 1495 2385 in
1513 2352 1629 2386 litteris
1638 2353 1678 2386 ad
1691 2353 1881 2386 Himerium
1894 2353 2057 2388 Terram*

1171 2402 1303 2434 nensem
1331 2397 1669 2445 Archi-Episcopum
1707 2403 1839 2436 Siricius
1865 2403 2022 2437 Pontifex
2045 2416 2053 2437 :
2081 2408 2195 2447 Epist.1.

1168 2452 1281 2483 Summi
1293 2451 1445 2491 Antistites
1458 2476 1465 2483 .
1493 2452 1583 2485 Etin
1596 2453 1712 2487 litteris
1734 2451 1774 2486 ad
1796 2453 1969 2496 Synodum
1981 2453 2056 2487 To·
2076 2458 2152 2493 x22¹5·

1169 2500 1310 2535 letanarn
1324 2502 1540 2536 Innocentius
1554 2503 1698 2546 primus.-
1726 2508 1825 2538 Honor
1831 2502 1942 2546 summi
1953 2507 2057 2537 sacer·
2077 2488 2211 2543 3¹²¹st⁴²¹

1167 2552 1258 2583 dorii.
1289 2551 1333 2584 Et
1356 2551 1390 2584 in
1412 2549 1543 2586 decimo
1567 2551 1715 2588 sermone
1736 2550 1776 2587 de
1807 2555 2052 2598 quadragesima
2071 2540 2192 2608 3331,

1165 2602 1295 2635 Sanrstus
1309 2602 1395 2635 Leo:
1425 2605 1537 2635 Summi
1561 2603 1738 2644 Antistius,
1763 2605 1798 2637 (9⁸
1816 2602 1938 2647 secundi
1961 2607 2049 2637 Ordi-

1165 2653 1405 2685 nissacerdotes.
1441 2652 1617 2688 Paffimita
1631 2653 1744 2688 Patres
1768 2654 1966 2698 loquuntur.
1994 2654 2050 2687 Er-

1164 2711 1258 2742 rant,
1282 2703 1340 2744 qui
1375 2702 1533 2738 Romanae
1544 2703 1691 2739 Ecclefiae
1702 2703 1864 2737 Primarui
1885 2704 1917 2737 id
1934 2713 2050 2745 putant

1163 2751 1328 2787 adversum
1343 2778 1351 2785 .
1378 2752 1559 2789 Rationem
1587 2754 1641 2789 dat
1659 2755 1791 2788 Sanstus
1817 2753 1886 2787 Leo
1902 2752 2051 2797 Magnus

1164 2803 1197 2836 in
1209 2802 1326 2837 litteris
1335 2801 1375 2837 ad
1388 2802 1592 2838 Anastafium
1617 2805 1813 2848 Episcopum
1834 2802 2049 2837 Thessaloni·
2066 2840 2085 2859 Γ
2111 2838 2117 2844 ,

1163 2854 1306 2887 censem.
1336 2857 1487 2887 connexio
1512 2853 1693 2889 Christiani
1718 2858 1847 2894 corporis
1867 2855 2047 2887 concordiam
2064 2837 2203 2910 25:¹38*

1163 2909 1256 2947 exigit
1269 2905 1479 2937 Sacerdotum:
1506 2905 1627 2948 ,Quibus
1637 2901 1693 2947 etsi*
1702 2905 1835 2946 dignitas
1848 2914 1906 2936 non
1918 2903 1958 2946 fit
1975 2915 2048 2937 com·
2083 2900 2089 2908 ⁰
2131 2898 2140 2908 '

1161 2960 1259 2986 munis
1271 2979 1281 2994 ‚
1306 2954 1344 2995 est
1354 2962 1454 2988 tamen
1469 2957 1537 2988 ordo
1544 2956 1694 2998 generalis
1706 2978 1713 2985 .
1741 2955 1893 2996 ‚Quoniam
1920 2956 1954 2988 ⁴&
1967 2961 2047 2988 inter

1160 3003 1327 3044 beatrffimos
1341 3005 1480 3046 Apostolos
1492 3011 1524 3037 in
1530 3003 1721 3047 similitudine
1743 3002 1860 3036 honoris
1875 3004 1940 3046 filit
1964 3016 2043 3046 quae-

1161 3053 1232 3086 dam
1242 3052 1374 3096 discretio
1393 3054 1548 3096 potestatis
1561 3076 1568 3086 .
1595 3056 1642 3086 Et
1664 3055 1728 3087 cum
1747 3058 1876 3087 omnium
1895 3062 1957 3098 par
1979 3054 2044 3097 esset

1160 3103 1257 3136 elellio
1269 3122 1280 3143 ,
1305 3108 1357 3135 uni
1368 3109 1468 3137 tamen
1488 3105 1594 3136 datum
1606 3103 1643 3144 est
1662 3129 1673 3144 ,
1700 3113 1734 3137 ut
1754 3104 1886 3138 omnibus
1905 3109 2044 3146 praemi-

1159 3161 1258 3186 neret.
1287 3153 1398 3196 Itaque
1420 3164 1488 3187 non
1518 3154 1536 3187 a
1557 3150 1790 3196 jurisdictionis
1802 3154 1957 3198 potestate
1969 3179 1981 3195 ‚
2007 3156 2043 3188 in

1159 3214 1221 3247 qua
1233 3202 1355 3247 grande
1368 3204 1402 3236 δε
1417 3204 1543 3237 varium
1553 3203 1728 3239 discrimen
1742 3227 1752 3244 ‚
1778 3204 1832 3238 sed
1843 3205 1860 3238 a
1872 3205 2038 3240 consecra-

1159 3255 1272 3292 tione,
1301 3253 1333 3286 in
1348 3263 1410 3297 qua
1424 3262 1510 3296 pares
1534 3265 1673 3296 omnes,
1699 3255 1855 3300 Episcopi
1878 3264 2040 3290 vocantur

1159 3303 1277 3337 summi
1289 3300 1475 3337 Sacerdotes
1487 3328 1493 3336 .

1814 3501 1987 3536 CANON
