2340 3762
636 169 929 229 Senotus,
971 184 1040 216 ετ
1071 169 1270 217 Nous
1304 178 1680 219 'ritus-rann.
1909 173 2026 236 135⁷*

1189 256 1259 300 gelii
1267 266 1359 290 unum
1375 258 1540 300 capitulum
1555 258 1694 293 dicatur:
1720 260 1765 291 Et
1776 270 1827 293 nee
1843 259 1996 304 psallendi
2005 271 2067 297 mor

1194 315 1332 347 tenetur,
1358 319 1409 341 nec
1418 308 1515 348 hymni
1534 309 1622 342 dem
1640 314 1673 341 in
1682 319 1730 341 ore
1751 309 1942 352 cognoscitur.
1973 311 2017 345 Et
2025 308 2068 344 de
2120 328 2125 337 ι

1196 356 1336 390 Ecclefia
1359 357 1598 395 Mediolanenfi
1617 382 1628 398 ,
1655 359 1674 392 a
1696 357 1936 394 Valentiniano
1957 362 2070 395 secun-

1193 406 1238 441 do
1250 407 1403 451 Augusto
1412 430 1426 447 ‚
1451 420 1504 451 per
1515 417 1654 443 matrem
1666 408 1825 453 Justinam
1837 409 1996 443 Arianam
2009 410 2069 443 cir-

1191 457 1408 500 cumscripto,
1434 455 1471 491 in
1495 457 1658 501 Episcopo
1684 459 1743 492 suo
1765 459 1941 494 Ambrofio
1967 459 2068 502 perse-

1191 507 1359 542 cutionem
1379 508 1464 549 paffa
1485 531 1497 548 ,
1524 506 1632 541 scribit
1648 508 1780 542 Sanetus
1803 508 2010 554 Augustinus
2033 509 2070 542 in
2097 521 2157 557 L9·
2173 526 2230 557 (ῃ,

1191 556 1281 591 libris
1293 555 1561 592 Confeffionum.
1588 559 1668 589 Tunc
1677 557 1775 597 hymni
1796 557 1958 602 &Psalmi
1979 567 2013 593 ut
2022 569 2071 591 ca-

1191 605 1494 649 nerentursecundum
1514 617 1622 639 morem
1634 609 1830 642 Orientalium
1837 615 1975 654 partiugn
1986 633 1998 649 ‚
2022 615 2071 642 in-

1182 655 1389 699 stitutumest,
1416 659 1499 692 &ex
1511 657 1562 690 illo
1574 660 1608 689 in
1617 654 1787 690 hodiernum
1800 659 1972 700 retentum}
1996 659 2068 692 mul-

1190 713 1231 740 tis
1237 709 1309 749 jam
1334 709 1457 751 ac-pene*
1469 706 1604 741 omnibus
1617 705 1766 741 Ecclefiis
1781 715 1840 749 per
1855 718 1965 742 caetera
1988 710 2068 742 orbis

1189 756 1393 791 imitantibus.
1422 757 1465 792 Et
1477 758 1514 792 in
1534 756 1643 792 Sansti
1665 754 1831 791 Ambrosii
1855 758 1922 792 vita
1933 758 2072 802 Presby-

1189 817 1235 842 ter
1245 806 1421 842 Paulinus.
1449 811 1509 840 Hoc
1518 813 1553 841 in
1563 815 1693 848 tempore
1708 807 1846 848 primum
1865 807 2069 849 Antiphon,

1188 856 1307 896 hymni,
1332 868 1368 891 ac
1378 857 1496 900 Vigiliae
1511 862 1544 890 in
1558 856 1686 898 Ecclesia
1696 856 1910 899 Mediolanenfi
1926 857 2066 900 celebrari

1187 914 1355 948 coeperunt:
1392 908 1489 948 Cujus
1511 901 1686 941 celeffritatis
1713 908 1829 942 devotio
1853 906 1940 952 usque
1965 913 1998 943 in
2020 907 2069 940 bo·

1186 958 1323 990 diernum
1344 957 1424 991 diem
1435 969 1494 991 non
1510 955 1604 1001 solum
1617 963 1650 991 in
1672 959 1776 992 eadem
1786 955 1926 1000 Eccleffit,
1952 959 2060 993 verum

1187 1012 1276 1042 etiam
1296 1016 1352 1050 per
1363 1018 1459 1041 omnes
1477 1009 1555 1050 pene
1566 1009 1733 1042 Occidentis
1749 1013 1925 1051 provincias
1937 1017 2041 1042 manet
2053 1033 2061 1041 .

1187 1057 1317 1106 Qbus
1326 1070 1366 1092 ex
1379 1058 1484 1093 verbis
1494 1057 1628 1103 quidam
1639 1058 1829 1093 existimant
1849 1070 1976 1093 rnorem
1990 1059 2062 1092 Me·

1186 1108 1321 1142 diolano
1343 1108 1487 1144 Romam
1509 1120 1643 1154 quoque
1667 1107 1816 1154 migr-affe
1836 1131 1844 1140 .
1873 1108 1930 1141 Est
1954 1106 2069 1141 admo—

1186 1156 1264 1193 dnm
1275 1157 1471 1193 verosimile.
1497 1159 1525 1194 F
1527 1158 1627 1194 istitia
1638 1158 1684 1193 est
1695 1159 1762 1202 jam
1779 1157 1919 1193 addusta
1933 1158 2067 1192 Damafi

1187 1209 1355 1252 Epistola,
1381 1209 1416 1244 ὅ(
1442 1208 1570 1244 laudata
1588 1209 1697 1244 Sansti
1718 1208 1921 1252 Hieronymi
1946 1208 1981 1241 in
1995 1208 2073 1251 Epi-

1186 1259 1301 1294 stolam
1326 1258 1511 1294 adGalatas
1539 1259 1703 1303 praefatio,
1730 1260 1960 1294 afferenstunc
1984 1267 2074 1292 vete-

1186 1320 1252 1344 rem
1266 1307 1374 1344 adhuc
1384 1308 1525 1344 canendi
1536 1309 1673 1344 modum
1685 1309 1801 1344 Romae
1813 1309 1950 1354 viguifl'e
1960 1331 1972 1350 ,
1999 1319 2072 1343 om·

1186 1359 1266 1393 nino
1278 1359 1347 1403 post
1357 1358 1489 1394 Damafi
1501 1370 1642 1395 mortem
1656 1359 1702 1394 est
1711 1359 1895 1403 conscripta
1907 1383 1916 1390 .

1235 1408 1472 1442 Sanffiffimum
1483 1409 1670 1443 institutum
1680 1409 1848 1452 infigniter
1870 1408 2074 1452 perfecerunt

1185 1468 1222 1491 ac
1244 1466 1462 1501 propagarunt
1483 1458 1567 1491 varii
1604 1457 1751 1492 Romani
1772 1457 1976 1498 Pontifices,
2003 1468 2078 1501 pra:-

1185 1506 1294 1540 sertim
1322 1506 1456 1541 Sanetus
1480 1505 1660 1552 Gregorius
1672 1507 1840 1552 Magnus,
1866 1507 1909 1542 de
1940 1518 2007 1552 quo
2043 1509 2081 1542 in

1183 1555 1252 1599 ejus
1274 1557 1339 1591 vita
1360 1556 1502 1599 Joannes
1529 1558 1691 1592 Romanae
1713 1558 1862 1592 Ecclefiae
1883 1557 2078 1592 Diaconus.

1185 1609 1310 1648 Propter
1332 1606 1445 1648 musicae
1468 1607 1713 1649 compuchionem
1723 1608 1888 1641 dulcedinis
1898 1606 2081 1649 antiphona-
2100 1620 2166 1651 χῶ,
2185 1627 2245 1654 c-6.

1179 1660 1260 1690 'rium
1279 1664 1427 1690 centonem
1444 1666 1594 1691 cantorum
1618 1655 1828 1699 studiofifflmur
1848 1663 1940 1691 nimis
1962 1659 2080 1692 utiliter·

1182 1706 1356 1750 composuit.
1385 1706 1491 1741 Addit
1513 1706 1582 1750 ejus
1613 1706 1782 1752 flagellum
1804 1732 1815 1747 ,
1851 1719 1919 1751 quo
1954 1706 2078 1742 docens

1183 1755 1372 1790 minabatur
1392 1757 1520 1800 pueris,
1545 1767 1622 1790 cnm
1643 1757 1755 1792 debita
1778 1758 1991 1792 veneratione
2017 1759 2080 1792 set-

1183 1806 1250 1839 vari
1270 1806 1306 1840 in
1329 1805 1472 1841 Ecclesia
1495 1806 1721 1841 Lateranenfi.
1750 1806 1806 1841 Ad
1828 1807 1898 1851 ejus
1931 1818 2078 1852 tempora

1183 1856 1285 1890 varius
1306 1864 1345 1890 ac
1367 1856 1512 1891 dissonus
1537 1867 1593 1901 per
1615 1858 1717 1891 varias
1732 1867 1848 1902 gentes
1860 1859 1924 1892 fuit
1933 1869 2048 1892 cantus
2065 1883 2078 1899 ,

1181 1912 1328 1949 variaque
1347 1907 1448 1941 etiam
1470 1908 1555 1942 intra
1581 1919 1682 1942 unam
1713 1908 1793 1942 teste
1817 1909 1937 1943 Sansto
1961 1908 2079 1955 Augu-

1180 1956 1291 1998 stino,
1318 1956 1465 1992 Africam
1487 1955 1681 2000 consuetudo.-
1709 1957 1751 1991 ln
1772 1959 1936 1993 unitatem
1947 1959 2078 2004 Grego-

422 310 907 378 ’ScH0L10N0

255 455 466 545 ECclefiae
474 468 588 497 cantus
597 459 643 495 est
661 459 764 507 longe
786 457 1024 505 antiquiffimus
1039 481 1046 490 .
1073 455 1131 493 Et-

360 509 556 547 eniminum
582 511 737 548 &David
757 509 921 554 Propheta
940 510 1015 544 Rex
1037 517 1132 543 orna-

254 561 306 595 vit
319 585 331 601 ,
352 561 390 597 ἀ
410 559 549 603 populus
572 571 708 597 cantans
730 573 772 596 ex
794 560 952 606 AEgypto
974 558 1128 594 liberatus

251 609 353 654 abst,
380 609 458 645 &in
467 611 539 656 ipso
549 612 636 647 coelo
647 612 753 648 Sancti
764 609 1041 655 Angeliaprimo
1065 609 1128 644 suae

252 658 429 696 creationis
437 661 577 698 exordio
597 662 737 696 Divinas
758 661 868 697 laudes
892 667 1127 695 cantaverunt.

249 708 428 752 Deejusin
450 710 740 758 Ecclefiisorigine
758 710 870 747 scribit
891 711 927 745 in
949 709 1064 744 litteris
1083 708 1125 742 ad

75 777 233 820 Epist-119·
249 758 442 804 Ianuarium
461 761 594 797 sanstus
614 761 818 806 Augustinus
839 773 848 796 ε
884 764 931 794 De
951 759 1066 798 hymnis
1092 759 1127 791 ἐν

76 823 152 851 ωε.
242 809 373 855 psalmis
393 813 522 847 canendi
547 813 582 846 ts·
602 810 690 853 ipvfim
713 814 852 852 Domini,
877 811 912 845 6·
936 808 1125 852 Apostolorum

248 859 394 895 habemas
414 862 588 894 documenta
606 884 617 899 ,
641 862 676 896 6
696 863 835 903 exempla
864 884 876 900 ,
901 862 936 895 6·
953 865 1122 901 prm-epta.

245 908 353 952 Largo
361 909 469 951 ipsum
480 910 623 945 ostendit
632 919 745 955 quarta
764 909 919 954 Synodus
939 908 977 943 T
977 909 1105 942 oletana
1117 932 1124 940 .

245 957 377 1002 Nempe
386 957 458 1001 post
469 960 703 997 sacrosanstam
710 970 840 996 coenam
850 958 1020 994 Dominus
1030 957 1128 1002 hym-

0 909 12 956 s}
74 935 149 974 Cap·
165 945 212 976 ¹3·

246 1017 328 1043 num
338 1007 445 1051 dixit,
470 1009 667 1050 &Domino
680 1010 716 1043 in
737 1007 889 1045 cordibus
913 1008 1030 1043 nostris
1050 1019 1124 1043 can-

245 1066 317 1095 tare
327 1056 508 1101 Apostolus
518 1059 554 1095 in
568 1060 664 1095 variis
675 1059 757 1095 locis
766 1058 915 1104 praecepit
927 1084 934 1094 .
960 1059 1047 1093 Eum
1066 1058 1124 1103 pri-

72 1122 137 1155 με,
149 1127 209 1157 03,
243 1118 320 1144 mus
339 1108 491 1144 ordinare
510 1111 611 1155 coepit
629 1110 792 1155 gloriosus
803 1110 935 1154 Martyr
952 1108 1101 1155 [gnatius
1112 1132 1124 1148 ,

242 1156 289 1192 de
297 1169 364 1201 quo
377 1159 540 1196 Socrates,
567 1164 702 1206 ignatius
710 1159 873 1196 Antiocbiae
883 1166 915 1194 in
927 1162 1008 1201 syria
1018 1166 1123 1193 tertius

242 1209 267 1240 ci
282 1210 374 1241 Petro
383 1208 509 1252 Apostolo
520 1210 687 1254 Epiftopus
701 1210 837 1254 visionem
856 1212 939 1245 vidit
950 1211 1125 1254 Angelorum

240 1254 381 1301 sancqam
390 1264 570 1295 Trinitatem
589 1260 705 1299 hymnis
729 1263 847 1295 alterna
868 1266 932 1296 vice
953 1262 1123 1294 decantatis

243 1307 474 1343 collaudantium
485 1334 497 1349 ,
524 1310 695 1351 &formam
703 1312 830 1345 canendi
849 1316 883 1345 in
896 1322 931 1346 ea
947 1308 1052 1351 vtfione
1071 1321 1123 1343 ex-

239 1357 370 1400 preffam
385 1358 520 1401 Ecclest‘ae
531 1359 716 1395 Antiochenae
726 1362 859 1396 tradidit
869 1386 877 1395 .
903 1361 988 1395 Unde*
997 1362 1052 1393 illa
1060 1369 1125 1393 tra·

242 1407 320 1439 ditio
347 1412 381 1440 in
399 1409 534 1442 mnibus
543 1409 678 1451 Ecclefiis
696 1408 862 1452 receptaest
872 1433 879 1441 .
905 1409 1055 1452 Ignatius
1077 1409 1124 1441 ita

242 1454 369 1489 cantari
389 1456 526 1492 tradidit
543 1458 632 1491 solos
652 1456 816 1500 hymnos.
842 1457 990 1491 psalmos
1011 1455 1122 1498 adjun-

242 1505 585 1550 xeruntpostmodum
594 1506 770 1543 Flavianus
795 1507 830 1541 &
850 1506 1023 1542 Diodorus
1034 1505 1123 1540 Pres-

242 1552 350 1598 byteri
368 1555 508 1598 ejusdem
529 1555 702 1598 Ecclefiae,
727 1556 770 1593 de
782 1555 900 1602 quibus
921 1557 955 1591 in
969 1555 1123 1593 Ecclefia-

69 1623 133 1654 ιι,
145 1631 225 1661 ma.
241 1602 321 1640 stica
343 1602 479 1641 historia
497 1604 732 1643 Theodoretus
752 1632 761 1642 .
797 1611 839 1643 Hi
856 1612 972 1649 primi,
993 1605 1123 1651 psallen-

183 1667 186 1670 ·
243 1659 320 1696 tium
329 1653 458 1689 choram
469 1657 547 1690 duas
555 1665 661 1699 partes
672 1655 770 1700 divise»
778 1680 791 1698 ‚
817 1656 937 1696 hymnos
956 1658 1121 1691 Davidicos

242 1704 370 1737 alternis
391 1707 538 1739 canendos
558 1708 751 1741 tradiderunt
771 1732 779 1740 .
819 1709 901 1751 ,ραι
921 1719 972 1741 res
990 1708 1122 1749 primum

241 1753 405 1788 Antiochiae
414 1763 508 1796 coepta
518 1755 625 1798 ubique
635 1756 771 1800 pervafit
778 1779 791 1796 ,
815 1760 850 1793 6·
860 1757 906 1790 ad
912 1760 1034 1791 ultimas
1043 1757 1121 1791 orbis

240 1810 331 1836 terrae
341 1813 410 1837 oras
418 1812 589 1849 pervagata
604 1804 662 1847 est.
688 1806 762 1841 Alii
780 1805 908 1841 malunt
927 1806 969 1842 ab
988 1807 1121 1851 Ignatio

240 1852 341 1888 etiam
354 1853 494 1897 psalmos
502 1855 689 1890 alternatim
698 1856 821 1892 cantari
842 1856 942 1900 jussos
954 1880 966 1897 ,
990 1857 1120 1901 ejusque

241 1902 383 1938 instituti
394 1903 519 1948 lapsum
528 1905 547 1940 a
556 1905 719 1941 Flaviano
736 1907 771 1942 ἀ
784 1905 939 1941 Diodoro
948 1905 1120 1942 dumtaxat
2101 1892 2190 1932 Epist.
2199 1905 2208 1924 ¹
2218 1904 2273 1954 ¹5⁸,
2335 1922 2337 1925 ¹

2102 1937 2181 1973 9018-

240 1955 437 1990 correctum.
464 1953 644 1992 Davidicos
653 1957 743 1998 enim
754 1957 896 2002 psalmos
915 1957 1040 2002 semper
1059 1958 1121 1993 Ec·
2125 1990 2135 1996 s

241 2000 334 2039 clefia
354 2004 520 2042 cantavit.
838 2026 840 2028 -
1182 2007 1247 2041 rius
1267 2006 1410 2051 redegit,
1435 2019 1474 2042 ac
1497 2007 1655 2051 plerisque
1689 2018 1745 2050 per
1775 2006 1992 2042 Occidentem
2015 2009 2078 2044 Ec·
2131 1988 2222 2059 ἦῆ

293 2053 470 2100 Qidquid
481 2055 544 2096 fit,
569 2053 729 2091 vetustum
743 2056 880 2092 aliarum
905 2057 1120 2092 Ecclefiarum
1180 2056 1282 2090 clefiis
1304 2057 1487 2100 imposuit,
1514 2057 1570 2101 qui
1610 2056 1820 2100 postmodum
1842 2058 1862 2093 a
1888 2057 2080 2094 Theodoro.
2193 2055 2234 2071 ‘¹'
2263 2089 2266 2095 .

66 2124 128 2153 Lh
141 2131 168 2154 c.
181 2126 226 2155 ὦ.
242 2108 368 2137 morem
390 2105 489 2139 refert
507 2115 549 2139 ex
561 2104 705 2141 Philone
717 2107 827 2151 Judaeo
846 2106 1005 2141 Eusebius
1017 2107 1119 2142 Caesa-
1181 2106 1403 2141 Cantuariensi
1427 2106 1592 2151 Episcopo
1616 2108 1650 2141 in
1664 2106 1787 2152 Anglia
1803 2132 1814 2148 ‚
1839 2107 1860 2141 a
1884 2108 2027 2152 Pippino
2039 2109 2077 2143 δε
2259 2110 2285 2128 “⁴

240 2153 359 2187 mensis
371 2153 407 2187 in
419 2153 642 2191 Ecclefiastica
656 2154 809 2193 historia.
834 2157 912 2190 Cum
933 2168 1009 2191 unus
1025 2156 1119 2201 suavi
1180 2156 1303 2191 Carolo
1318 2157 1448 2202 Magno
1473 2156 1622 2202 Regibus
1635 2157 1668 2190 in
1682 2157 1818 2191 Francia
1831 2182 1843 2199 ‚
1868 2157 1886 2190 ὲ
1897 2159 2075 2193 Ludovico

241 2203 369 2245 quodam
377 2213 514 2238 concentu
522 2203 648 2249 psallere
657 2207 793 2241 decenter
817 2208 854 2241 ὁ·
869 2207 993 2248 modeste
1013 2218 1115 2250 occepe-
1176 2205 1244 2245 Pio
1256 2207 1290 2240 in
1303 2206 1486 2251 Aquitania
1499 2232 1510 2248 ,
1537 2207 1572 2241 in
1585 2206 1655 2240 aliis
1669 2207 1750 2241 locis
1762 2218 1815 2251 per
1834 2208 1917 2243 alios
1932 2208 1996 2243 fuit
2017 2220 2076 2243 aut

240 2259 308 2294 rit,
332 2255 440 2297 reliqui
444 2254 567 2298 placide
591 2257 733 2299 &quiete
744 2255 945 2300 auscultantes
950 2256 1117 2300 posteriores
1180 2260 1324 2301 receptus
1351 2267 1408 2291 aut
1419 2257 1629 2292 restauratus.
1657 2256 1783 2292 Merito
1812 2258 1986 2301 culpantur
2011 2259 2077 2292 Hi-

239 2301 571 2347 hymnorumpartesad
588 2315 754 2340 extremum
774 2309 834 2341 una
861 2308 1045 2342 decantant.
1074 2309 1116 2343 Et
1180 2305 1292 2348 berni,
1319 2307 1409 2352 quod
1429 2308 1530 2351 usque
1551 2307 1592 2342 ad
1603 2307 1710 2342 Sancti
1723 2306 1897 2342 Malachiae
1906 2307 2073 2344 Dunenfis

237 2352 275 2386 in
289 2352 374 2388 libro
386 2353 612 2401 Apologetico
622 2355 867 2392 Tertullianus:
892 2360 930 2390 Ut
949 2356 1071 2401 quisque
1080 2360 1117 2392 de
1182 2357 1333 2402 Episcopi
1357 2367 1413 2392 aut
1437 2358 1577 2392 Henrici
1602 2356 1734 2392 secundi
1756 2356 1948 2402 Anglorum
1968 2359 2074 2404 Regis

65 2387 138 2429 ΟΡ·
152 2398 201 2429 39·
237 2404 401 2444 Scriptum
404 2402 520 2448 sanc‘i'is
547 2407 600 2440 vel
606 2408 645 2441 de
649 2413 770 2450 proprio
779 2412 894 2453 ingenio
911 2408 1026 2450 potest,
1048 2415 1117 2450 pro·
1178 2415 1322 2451 tempora
1344 2417 1477 2442 cantum
1504 2406 1761 2442 Ecclefiasticum
1795 2408 1999 2452 ignorarint.
2027 2409 2074 2443 Et

239 2462 363 2486 vocatur
382 2460 414 2487 in
435 2456 567 2490 medium
588 2459 650 2490 Deo
669 2468 789 2491 canere.
818 2458 907 2492 Etin
926 2459 1116 2501 praefatione
1177 2456 1346 2501 quomodo
1369 2457 1548 2492 Turstinus
1561 2457 1796 2492 Glastoniensis
1817 2458 1851 2491 in
1864 2458 1990 2503 Anglia
2003 2455 2072 2492 Ab·

240 2503 373 2536 secundi
393 2503 466 2538 libri
476 2508 789 2543 commentariorum
811 2507 1116 2552 EpistolaeAposto-
1179 2509 1255 2548 bas,
1282 2508 1524 2552 Gregorianum
1537 2508 1690 2551 ejiciens,
1715 2520 1753 2543 ac
1765 2508 1874 2542 nescio
1884 2509 1977 2552 cujus
1987 2508 2073 2542 Gui-

239 2550 309 2585 licae
328 2552 370 2586 ad
394 2553 527 2590 Galatas
547 2556 680 2591 Sanctus
694 2559 944 2601 Hieronymus.
970 2562 1113 2593 Romanae
1177 2557 1276 2592 lielmi
1307 2558 1507 2592 Fiscanenfis
1543 2568 1677 2593 cantum
1712 2559 1906 2599 intrudens,
1932 2558 2070 2594 turbarit
2091 2583 2118 2613 F.
2143 2593 2201 2624 459

234 2601 334 2644 plebls
346 2602 385 2636 ab
397 2603 524 2646 apostolo
533 2605 755 2649 laudaturfides
767 2632 773 2638 .
800 2607 855 2640 Ubi
869 2608 941 2640 alibi
953 2608 994 2650 fic
1011 2610 1055 2641 ad
1059 2605 1114 2642 ἧ·-

236 2649 318 2692 lestis
350 2659 473 2689 tonitrui
485 2654 712 2698 fimilitudinem
736 2681 746 2697 ,
772 2655 916 2690 AMEN
938 2682 949 2698 ,
986 2658 1114 2692 reboat?

235 2699 370 2746 Nempe
395 2703 494 2739 etiam
520 2716 600 2740 tunc
625 2705 733 2753 adhuc
747 2707 864 2742 Romae
890 2708 976 2742 solus
996 2709 1114 2743 Leitor

238 2752 451 2795 praecinebat,
477 2756 510 2790 δε
530 2755 571 2790 ad
580 2766 763 2791 extremum
775 2758 888 2801 psalmi
915 2760 968 2792 seu
990 2757 1120 2801 hymni·

238 2802 360 2836 versum
380 2805 519 2848 populus
534 2831 545 2846 ‚
572 2809 684 2847 Amen,
710 2808 939 2851 respondebat.
967 2808 1023 2843 Est
1048 2810 1112 2843 for-

236 2859 291 2906 tun
302 2851 429 2890 laudata
441 2855 482 2889 ab
495 2855 658 2899 Apostolo
669 2857 703 2891 in
713 2858 816 2901 prima
827 2858 972 2902 Epistola
992 2858 1032 2895 ad
1045 2860 1110 2894 Co—

236 2899 377 2935 rinthios
397 2928 408 2944 ,
432 2917 531 2948 quam
556 2908 656 2941 etiam
678 2907 886 2942 Alexandriae
912 2909 970 2943 sub
993 2911 1108 2944 Sanno

234 2947 343 2984 adhuc
355 2952 534 2990 Athanasio
545 2956 680 3001 viguisse
691 2956 799 2992 scribit
811 2959 845 2992 in
859 2959 1108 2994 Confeffionum

66 3012 218 3051 1--¹⁰·C·33·
234 2999 329 3035 libris
338 3001 470 3038 Sanetus
488 3006 710 3050 Augustinus.
771 3024 773 3026 ·

286 3050 384 3086 Rene
400 3053 545 3089 Socrates
564 3056 598 3090 <Sc
610 3055 845 3093 Theodoretus
866 3059 1026 3095 affirmant
1046 3061 1108 3095 for·

235 3112 325 3135 mam
363 3100 610 3138 Antiochenam
648 3108 780 3142 tandem
818 3110 985 3144 invaluisse
1020 3111 1105 3154 apud

235 3161 351 3185 omnes
372 3151 551 3186 Ecclefias.
578 3155 711 3191 Etenim
732 3157 773 3192 de
797 3159 950 3193 Romana
965 3161 1106 3195 Ecclesia

234 3201 348 3238 scribit
367 3202 406 3236 ad
422 3204 575 3238 sanetum
588 3205 833 3248 Hieronymum
845 3209 977 3244 Sansius
987 3210 1107 3244 Dama-

233 3252 286 3286 sus
309 3251 470 3287 Pontifex
492 3254 527 3287 in
549 3253 663 3288 litteris
686 3256 857 3298 publicatis
878 3270 933 3301 per
944 3260 1103 3295 Martium

234 3300 421 3338 Milesium.
449 3306 522 3338 Peto
546 3313 627 3337 tuam
649 3304 862 3347 charitatem,
888 3316 920 3341 ut
938 3311 1104 3343 Graecorum

235 3351 430 3394 Psallentiam
441 3355 486 3386 ad
503 3365 554 3387 nos
567 3355 694 3398 dirigere
714 3356 888 3397 delectetur,
913 3364 985 3400 quta
1007 3368 1104 3394 tantae

234 3403 318 3441 apud
328 3414 379 3435 nos
389 3403 588 3446 fimplicitatis
609 3406 720 3449 indago
733 3405 772 3446 est
785 3430 795 3446 ,
820 3415 855 3439 ut
865 3408 982 3440 tantum
1001 3414 1035 3442 in
1056 3412 1104 3444 die

235 3450 387 3487 Dominica
408 3454 528 3499 Apostoli
540 3453 673 3497 Epistola
685 3467 746 3490 una
764 3462 903 3491 recitetur
914 3480 926 3499 ,-
950 3460 985 3493 (θ’
997 3462 1105 3494 Evan-

1176 2620 1275 2643 0mne
1286 2609 1377 2642 snum
1401 2608 1636 2644 monasterium
1649 2633 1659 2650 ,
1684 2610 1780 2644 refert
1791 2609 1943 2654 Rogerus
1954 2610 2069 2643 Hove-

1175 2659 1299 2694 denfis.

1224 2709 1351 2743 Cantus
1373 2710 1474 2744 nostri
1494 2710 1675 2745 utilitatem
1696 2711 1834 2755 exponit
1867 2710 1901 2744 in
1924 2710 2065 2745 Confes-

1174 2759 1302 2794 fionum
1315 2759 1405 2795 libris
1416 2761 1548 2796 Sanetus
1560 2760 1767 2806 Augustinus
1779 2786 1785 2793 .
1797 2761 1955 2804 ,Quantum
1963 2760 2040 2802 flevi
2049 2786 2062 2802 ‚
2087 2775 2206 2812 L.9.c.6.

1175 2815 1298 2845 Domine
1310 2816 1343 2844 in
1354 2811 1467 2850 hymnis
1487 2813 1523 2846 (τ
1544 2816 1667 2845 canticis
1689 2817 1751 2845 tuis
1763 2834 1773 2850 ‚
1797 2809 1984 2853 consonantis
2005 2814 2067 2845 Ec—

1170 2860 1259 2903 clefiae
1294 2861 1411 2895 vocibus
1444 2871 1603 2895 commotus
1627 2867 1751 2895 acriter.
1779 2864 1869 2893 Voces
1887 2862 1949 2894 illae
1959 2861 2064 2902 influe-

1171 2911 1246 2944 bant
1268 2912 1391 2945 auribus
1411 2918 1509 2953 meis,
1535 2914 1570 2946 ὼ·
1593 2911 1773 2953 eliquebatur
1805 2916 1922 2943 veritas
1956 2916 1990 2944 in
2014 2923 2062 2945 cor

1170 2973 1285 3003 meum,
1310 2964 1345 2996 (ν’
1364 2973 1402 2995 ex
1423 2974 1459 2996 ea
1482 2961 1626 3002 aefluabat
1646 2960 1768 3001 affec‘lus
1779 2965 1905 3002 pietatis
1917 2985 1928 3001 ,
1954 2962 2062 2996 &cur-

1171 3012 1277 3045 rebant
1287 3012 1442 3051 lachtymae
1455 3037 1466 3053 ‚
1493 3014 1527 3045 (vt
1548 3010 1621 3043 mihi
1642 3010 1713 3043 bene
1735 3019 1803 3043 erat
1822 3021 1887 3044 cum
1906 3010 1985 3044 illis.
2010 3012 2061 3047 *Et

1171 3062 1205 3095 in
1228 3062 1296 3095 alio
1317 3061 1402 3095 libro
1423 3086 1431 3092 .
1467 3061 1543 3092 Cum
1564 3058 1731 3103 reminiscor
1760 3059 1925 3099 lachrymas
1956 3072 2035 3094 meas
2048 3087 2058 3103 ,

1170 3122 1245 3155 quas
1251 3111 1324 3152 fudi
1345 3113 1390 3143 ad
1406 3121 1513 3144 cantus
1524 3108 1657 3149 Ecclefiae
1668 3118 1728 3143 tuae
1748 3114 1780 3142 in
1792 3111 1968 3151 primordiis
1977 3122 2055 3146 recu-

1167 3169 1283 3204 peratae
1300 3160 1375 3203 fidei
1393 3172 1490 3200 meae,
1515 3160 1550 3192 ό·
1570 3170 1647 3192 nunc
1674 3159 1736 3203 ipsit
1764 3170 1940 3195 commoveor
1961 3184 1971 3201 ,
1997 3173 2054 3196 non

1168 3222 1257 3245 cantu
1270 3236 1279 3252 ‚
1302 3209 1360 3253 sed
1367 3210 1455 3243 rebus
1474 3234 1484 3250 ,
1510 3220 1577 3252 quae
1586 3218 1771 3249 cantantur,
1795 3221 1860 3244 cum
1868 3212 1985 3254 liquida
2003 3223 2053 3245 vo-

1167 3274 1198 3295 ce
1218 3263 1252 3295 &
1265 3260 1531 3300 convenientiffima
1549 3261 1748 3294 modulatione
1767 3269 1932 3295 cantantur
1945 3285 1955 3301 ‚
1982 3274 2047 3295 ma·

1161 3323 1257 3355 gnam
1276 3310 1401 3349 instituti
1413 3309 1503 3350 huJ’us
1525 3310 1685 3344 utilitatem
1704 3309 1843 3355 agnosco.
1868 3314 1919 3345 1ιᾶ
1935 3312 2043 3353 fluc‘luo

1166 3367 1243 3394 inter
1259 3363 1421 3403 periculum
1430 3361 1593 3403 voluptatis
1616 3362 1893 3403 &experimentum
1913 3360 2040 3404 salubri-

1167 3417 1241 3445 tatis
1254 3433 1264 3448 ,
1288 3408 1437 3454 magisque
1447 3410 1598 3452 adducor,
1627 3422 1686 3444 non
1695 3413 1816 3454 quidem
1840 3409 2039 3444 irretractabi-

1165 3463 1222 3495 lem
1237 3459 1419 3504 sententiam
1434 3459 1588 3503 proferens
1600 3484 1611 3503 ‚
1635 3463 1781 3496 cantandi
1801 3458 2035 3503 consuetudinem

1894 3516 1998 3550 approa

2081 3043 2243 3081 Ldos-33-

69 3277 182 3318 Epist.7.
