2340 3762
375 176 481 237 '322

307 262 430 299 elationi
442 261 510 308 suae
518 262 662 312 intertffet
674 290 687 310 ,
711 266 887 305 admonuit,
910 266 1002 296 donee
1022 270 1079 305 per
1095 268 1187 296 otium

304 312 398 359 causa
407 313 497 357 ipfius
516 317 674 365 diligenter
693 314 919 360 cognosberctur.
944 314 1040 357 ,Quid
1047 315 1185 349 Patriar-

304 364 371 402 cbae
381 372 460 400 inter
469 367 679 412 initiafadum
686 366 775 398 multi
784 387 795 403 ,
819 363 961 405 quumvis
965 362 1046 406 juste
1051 363 1185 406 faelium,

304 414 572 459 reprehenderunt,
597 411 750 449 Omnino
762 412 995 456 factumjuste:
1026 413 1187 449 Romanae

303 466 397 501 enirn
409 463 725 509 Ecclefiaejudicium
743 463 892 510 lgnatIus
907 465 1036 509 propria
1052 466 1188 501 austori-

302 524 373 552 tate
381 516 546 551 retractare
557 525 626 549 non
638 524 767 559 poterat
777 538 788 556 ‚
814 513 916 560 longe
927 513 1036 550 minus
1057 516 1187 559 suspen-

304 566 383 602 dere
400 573 456 599 aut
468 564 641 600 exsufflare
656 591 664 599 .
690 569 717 599 ο
733 570 801 608 quis
818 576 858 599 ex
883 564 934 599 bis
950 571 1060 608 paucis
1080 564 1188 601 Sancti

301 617 426 667 ignatii
439 615 542 652 verbis
554 622 650 651 ortam
659 617 773 652 cladem
782 616 926 660 explicet?
939 618 1021 660 ,Quis
1032 616 1141 650 turbas
1152 616 1187 653 ὑ·

296 693 298 695 .
303 668 449 719 {adimes
461 692 473 709 ,
497 664 622 711 litesque
634 669 669 703 ὀ·
679 666 902 711 improbitatem
907 667 996 710 probi
1005 666 1085 701 illius
1097 669 1117 700 ὃ
1118 667 1189 701 iculi

303 719 428 754 dicendo
443 716 653 762 adsequatur?
679 718 775 752 slmul
794 728 830 753 ac
851 722 931 751 enim
953 719 1017 759 esus
1044 723 1185 751 nuntium

306 775 441 814 accepit,
464 779 523 803 non
539 767 793 814 sePhilofhphum
814 766 959 809 offendit,
983 766 1189 810 &infamiam

303 823 391 870 suam
408 817 776 868 prudenteraededecusque
795 822 926 853 contexit
937 841 949 859 ‚
969 817 1029 861 sed
1047 828 1139 852 cereos
1153 818 1191 851 de

307 878 422 922 Ignatii
433 871 642 919 consecratione
654 877 786 912 acceptos
796 867 907 911 abjecit
917 892 928 908 ,
954 870 989 903 ὁ·
997 866 1189 911 impudentis-

298 926 373 973 fimo
382 937 429 961 ore
439 931 618 959 innocentem
628 922 728 955 coram
748 917 892 962 universa
903 914 1028 960 Ecclefia
1043 923 1188 952 convitia-

304 986 380 1018 tus,
405 977 507 1017 lupum
512 982 572 1016 pro
581 970 700 1013 Pastore
713 967 851 1013 substitui
865 967 982 1011 furiose*
994 969 1179 1004 clamitavit.

302 1028 408 1071 Quem
428 1025 462 1059 6·
484 1026 596 1059 Petrus
610 1022 736 1064 quidam
757 1020 919 1054 sardorum
941 1016 1123 1062 Episcopus,
1150 1019 1185 1052 δ’

306 1067 491 1118 Eulainpius
514 1077 667 1116 Apamaeae
678 1095 690 1112 ‚
715 1071 835 1113 aliique‘
850 1071 867 1104 ἒ
886 1068 972 1102 Clero
993 1065 1166 1111 obscuriores
1177 1091 1189 1108 ,

323 1125 416 1170 eipfhs
430 1123 469 1159 ab
481 1121 605 1165 Ecclesia
610 1120 673 1164 fine
682 1118 769 1163 eausa
775 1117 964 1161 sejungentes
974 1141 985 1159 ,
1007 1115 1101 1160 secuti
1105 1115 1187 1160 sunt.

303 1124 521 1220 {resbyterh
545 1180 644 1214 atque
664 1169 744 1209 alii,
772 1165 853 1203 dum
875 1166 1093 1208 ordinantur,
1119 1166 1191 1202 Cle-

304 1225 368 1260 rici
389 1224 532 1258 Cereum
556 1230 693 1263 utraque
704 1228 803 1252 manu
816 1216 967 1262 gestant,
992 1228 1133 1262 eumque
1142 1228 1188 1251 ar-

306 1275 443 1310 dentem
473 1272 618 1307 offerunt
643 1267 840 1307 ordinatori
866 1268 1035 1312 Episcopo
1055 1292 1066 1308 ,
1091 1268 1188 1311 praefi-

302 1333 435 1370 gnante
450 1320 540 1368 quod
552 1319 594 1355 ab
613 1319 683 1363 ipso
694 1316 848 1355 doctrina
870 1317 985 1352 lumen
1006 1317 1168 1361 accipiant
1181 1341 1191 1357 ,

308 1376 344 1413 r&
355 1372 517 1415 creditum
537 1369 594 1405 fibi
604 1368 763 1414 populum
773 1393 783 1410 ,
809 1367 940 1402 Divino
951 1367 1087 1412 Justitiae
1100 1366 1195 1412 lurni·-

308 1436 354 1460 ne
376 1423 547 1459 accensum
571 1446 582 1463 ,
608 1419 780 1454 Pastorum
800 1417 945 1461 Principi
967 1418 1026 1451 suo
1045 1427 1190 1462 tempore

307 1472 569 1520 praesentabunt.
596 1468 645 1504 At
667 1466 746 1505 veri>
767 1467 947 1511 Episcopus
965 1491 977 1508 ,
1001 1465 1192 1501 patriarcha

306 1523 503 1570 praesertim,
529 1518 697 1555 ardentem
716 1527 844 1552 cereum
869 1528 936 1551 non
961 1515 1064 1561 gestat
1075 1526 1132 1551 aut
1142 1527 1194 1551 ac·

308 1574 414 1616 cipit,
441 1570 494 1610 sed
503 1570 577 1604 aliis
586 1569 692 1603 donat
712 1567 746 1600 ἀ
759 1566 882 1600 mittit:
908 1566 1012 1613 Qod
1024 1567 1092 1608 ipse
1106 1590 1118 1606 ,
1142 1566 1191 1600 uti

310 1623 355 1658 ed
370 1618 583 1656 Caesareenses
593 1626 636 1651 ex
646 1615 753 1649 Patris
775 1614 824 1648 sui
838 1616 974 1648 nornine
995 1613 1102 1648 scribit
1116 1614 1193 1647 San-

307 1673 382 1708 dus
402 1668 584 1715 Gregorius
606 1664 858 1704 Nazianzenus,
884 1663 923 1698 fit
934 1663 1067 1697 lucerna
1079 1662 1193 1697 Eccle-

308 1724 378 1762 fiae,
388 1721 531 1762 ideoque
541 1718 561 1753 ὸ,
573 1716 667 1751 nullo
679 1713 854 1750 hominum
866 1712 1048 1748 illuminari
1060 1712 1192 1755 debeat,

303 1771 367 1808 fed
378 1767 515 1806 omnem
525 1764 687 1801 mundum
698 1765 755 1799 fibi
767 1763 977 1799 commissum
988 1763 1173 1801 illuminare
1185 1788 1192 1795 .

308 1823 445 1860 Sanetus
456 1818 566 1863 itique
576 1817 725 1862 Ignatius
745 1813 909 1857 Gregorio
920 1814 1121 1855 Syracusano
1133 1813 1193 1847 Ar-

309 1871 572 1916 chi-Episcopo,
598 1864 722 1910 aliquid
745 1862 855 1899 solatii
875 1860 1056 1898 &honoris
1078 1862 1194 1896 volens

313 1922 501 1967 impensum
521 1942 534 1960 ‚
559 1917 647 1953 misit
667 1913 848 1950 istiusmodi
868 1923 997 1947 cereum
1016 1934 1028 1954 2
1051 1923 1194 1956 eumque

310 1973 373 2010 ille
382 1970 558 2007 detestatus
566 1965 685 2009 abjecit
694 1987 703 1995 ·
1179 1990 1203 1996 a

363 2010 476 2066 Pergit
503 2014 691 2051 Anastafius
716 2008 989 2046 Bibliothecarius
1010 2035 1018 2045 .
1049 2011 1194 2047 Favebat

311 2072 364 2109 bis
382 2070 487 2107 tribus
497 2060 814 2108 Pseudo-Episcopis
834 2060 959 2104 quidam
969 2063 1114 2102 Senator,
1135 2059 1198 2105 [ω.

314 2123 425 2159 culatis
450 2116 715 2158 administrationis
738 2113 824 2155 officio
838 2111 994 2156 fungens,
1017 2113 1192 2152 aSecretis,

312 2178 434 2208 nomine
456 2159 581 2203 Pharius
606 2190 617 2207 ,
643 2170 695 2208 qui
714 2165 759 2197 ad
779 2160 988 2198 Patriarcbale
1008 2160 1193 2205 conscendere

311 2221 467 2270 fastigium
476 2216 621 2261 affedans
632 2226 697 2250 cum
707 2218 749 2248 eis
756 2210 871 2258 seorsim
879 2211 1030 2257 colligebat
1041 2237 1053 2253 ,
1079 2213 1114 2250 (τ
1120 2211 1194 2255 fide-

316 2275 363 2310 les
398 2267 523 2315 quosque
548 2269 569 2301 a
589 2264 707 2311 sanHae
731 2268 938 2298 communionis
969 2267 1195 2304 participatione

318 2330 464 2358 avertens
474 2344 486 2361 ,
496 2321 621 2353 Divinis
631 2314 760 2358 interesse
772 2312 914 2354 Mysterns
923 2337 934 2354 ,
947 2314 1016 2345 dum
1027 2314 1046 2345 a*
1059 2315 1194 2346 Patriar-

321 2372 380 2409 cha
388 2375 506 2418 Ignatio
524 2367 740 2404 celebrarentur
751 2388 762 2405 ,
782 2364 906 2406 penitus
921 2361 1073 2405 recusabat
1084 2386 1096 2404 ‚
1120 2361 1197 2397 nibil

320 2422 436 2459 babens
449 2426 481 2455 in
492 2416 581 2462 causa
587 2421 716 2460 pietatis
728 2439 740 2456 ,
763 2414 844 2449 unde
855 2412 1024 2457 Pontificem
1038 2417 1196 2455 proprium

324 2470 551 2514 reprehenderet
569 2491 581 2508 ,
607 2465 664 2508 nisi
685 2465 765 2509 quod
782 2461 991 2507 suspicabatur
1013 2473 1079 2496 eum
1098 2468 1197 2496 vitam

324 2521 481 2564 Decefforis
497 2517 567 2562 sui,
592 2518 628 2550 id
635 2515 695 2558 est,
717 2513 832 2557 sane‘Jae
850 2519 996 2548 memoria
1009 2511 1198 2548 Patriarcbae

324 2569 459 2615 accusare
470 2566 637 2607 Methodii‚
661 2566 727 2599 cum
746 2565 794 2599 ille
803 2575 860 2597 non
878 2562 970 2607 sitlum
981 2563 1058 2598 bunc
1066 2569 1100 2597 in
1120 2563 1198 2596 nullo

327 2621 449 2665 penitus
471 2614 619 2661 accusaret
629 2640 639 2656 ‚
664 2615 769 2648 verum
780 2620 871 2648 etiam
883 2619 968 2647 miris
978 2613 1118 2648 laudibus
1123 2611 1198 2656 sem-

322 2680 381 2716 per
401 2668 538 2711 efferret,
565 2671 636 2708 quin
642 2665 743 2707 potius
767 2670 933 2697 memoriam
953 2664 1034 2697 illius
1046 2669 1123 2697 inter
1126 2661 1199 2706 san*

326 2722 389 2756 e‘los
405 2715 604 2754 Patriarcbas
616 2739 628 2756 ,
653 2716 725 2747 dum
738 2717 855 2749 Divina
866 2713 997 2753 Myfleria
1008 2722 1178 2757 gererentur
1188 2736 1199 2754 ,

321 2771 443 2818 faceret
453 2791 464 2807 ,
490 2769 524 2801 <5
535 2767 614 2800 diem
625 2762 868 2806 anniversarium
873 2761 1031 2806 solenniter
1040 2775 1075 2797 ac
1084 2769 1201 2805 impre-

326 2818 462 2862 termisse*
467 2816 556 2862 super
568 2817 634 2858 ejus
645 2820 761 2848 nomine
780 2812 938 2849 celebraret
952 2837 959 2844 .
987 2816 1142 2857 ,Quamvis
1151 2812 1202 2845 boc

327 2870 423 2915 ipsum
431 2870 511 2903 idem
523 2866 649 2902 Photius
659 2888 672 2904 ,
689 2863 762 2906 ficut
772 2872 880 2900 caetera
889 2864 968 2899 illius
974 2863 1056 2907 gesta
1064 2885 1075 2901 ,
1088 2861 1202 2905 fimstre

328 2926 533 2964 interpretans
547 2941 559 2959 ,
584 2916 689 2950 callide
692 2914 796 2957 facere
815 2911 878 2956 suis
888 2914 1070 2946 auditoribus
1086 2913 1203 2954 pradi-

329 2979 412 3007 caret
429 2994 441 3011 ,
465 2970 528 3004 alia
554 2972 694 3012 inquiens
703 2976 771 2999 eum
790 2969 822 2996 in
838 2964 922 2997 corde
941 2972 1058 3002 tenere,
1086 2964 1149 2995 alia
1170 2967 1203 2997 in

330 3028 415 3064 opere
425 3017 621 3058 demonstrare
631 3041 639 3049 .
665 3015 719 3050 Ex
730 3022 809 3051 tunc
829 3013 931 3058 igitur
941 3011 1082 3047 Photius
1100 3012 1203 3047 admi-

333 3071 373 3105 (it
383 3070 507 3105 crimen
519 3067 604 3102 istud
616 3091 627 3108 ‚
653 3065 695 3101 de
705 3076 772 3110 quo
784 3063 825 3098 ad
838 3064 929 3101 suam
946 3062 1135 3097 Romanam
1147 3062 1205 3106 Sy-

336 3118 462 3154 nodum
472 3117 558 3152 dixit
566 3115 727 3151 Pontifex
738 3114 902 3150 Adrianus
925 3113 1082 3149 secundus
1096 3126 1104 3146 :
1132 3112 1206 3146 Pbo-

337 3173 419 3207 tius,
443 3169 506 3201 cum
515 3165 611 3201 adbuc
619 3166 789 3199 mundanus
797 3163 1022 3206 minfflereffi’t,
1044 3168 1207 3207 genuinam

337 3214 670 3260 quodammodosemper
680 3216 832 3248 invidiam
846 3214 997 3248 adversus
1009 3217 1152 3251 Fratrem
1173 3213 1207 3249 δ’

339 3264 544 3308 coepiscopum
569 3265 692 3304 nostrum
718 3269 868 3309 Ignatium
886 3268 919 3296 in
932 3263 1048 3306 pec‘iore
1066 3262 1208 3307 gestans,

339 3316 376 3351 Θ
386 3315 429 3349 ad
448 3311 632 3355 Praesulatus
643 3316 754 3349 culmen
764 3326 822 3348 non
836 3315 993 3363 gradatim
1003 3311 1187 3356 conscendere
1197 3337 1208 3354 ,

341 3360 608 3411 sedpraecwiribus
624 3363 750 3402 paffibus
770 3362 915 3405 transilire
928 3363 1072 3409 gutierre,
1093 3361 1209 3407 semeti-

335 3412 424 3459 psum
433 3412 472 3446 ab
481 3408 608 3454 ejusdem
616 3409 761 3449 beatiffimt
774 3411 917 3453 Praesiclis
937 3419 1131 3447 communione
1132 3413 1210 3456 fecit

344 3472 547 3504 extraneum,
571 3460 670 3505 erper-
685 3457 736 3494 boc
754 3458 793 3494 ab
800 3460 1119 3506 universatiEcclefia‚
1144 3474 1211 3507 quae

893 163 1528 228 Dtsszurnrr'o

1236 260 1305 307 'eipfi
1316 262 1468 304 beatiffimo
1488 263 1678 300 patriarcba·
1697 274 1950 320 communicabat,
1973 277 2116 323 streddi-

1236 307 1298 371 {dit
1303 315 1427 355 prorsus
1437 323 1565 349 exortem
1576 339 1589 357 ,
1614 325 1704 362 atque
1727 324 1807 356 inter
1815 321 2012 368 sibismaticos
2020 329 2125 374 procui

1248 364 1337 399 dubia
1347 364 1492 406 constituit
1500 390 1507 398 .
2002 373 2003 376 ’
2014 374 2016 376 ’

1301 413 1509 451 Ulteriorem
1520 417 1697 462 Gregorii,
1722 419 1831 464 Petri,
1856 424 2071 472 achlampii
2087 428 2124 470 in

1250 465 1340 499 malo
1352 468 1551 512 progreffum
1570 467 1720 504 describit
1740 471 1777 506 in
1798 473 1915 510 litteris
1934 475 1976 510 ad
1996 475 2128 522 stepha·

1250 525 1331 549 num
1343 516 1468 552 sextum
1485 516 1686 553 Pontificem
1707 521 1842 558 sanstus
1853 525 2020 570 stylianus
2038 525 2127 572 apud

1252 565 1410 601 Eufraten
1433 568 1615 614 Episcopus
1634 568 1948 610 Neo-Caesareenfis:
1975 579 2039 610 Eos
2060 579 2126 612 cum

1251 616 1431 651 Patriarcba
1442 620 1576 662 Ignatius
1585 619 1631 652 ad
1647 621 1792 661 synodum
1807 622 1920 667 sapius
1942 632 2069 667 citatos,
2092 629 2127 664 θ

1251 675 1494 709 quantapoterat
1512 668 1701 705 humanitate
1724 672 1870 708 tradatos
1889 687 1992 711 curare
2012 679 2127 719 vellet,

1251 727 1290 751 ne
1299 716 1338 749 ab
1351 717 1479 760 Ecclesia
1489 721 1547 752 Dei
1565 718 1666 763 refelli
1674 722 1751 754 malo
1772 724 1934 766 insidiatori
1946 729 2059 770 praeda
2074 726 2128 769 fie-

1251 775 1339 807 rent,
1358 765 1473 815 sanare
1494 779 1552 802 non
1564 775 1684 812 potuit.
1711 770 1775 806 Per
1797 775 1951 810 undecim
1974 777 2015 811 ad
2033 777 2126 812 illum

1251 818 1460 853 annoromni
1474 816 1687 855 humanitatis
1713 833 1751 856 ac
1775 823 1978 860 liberalitatis
2002 826 2053 860 via
2072 837 2130 862 co·

1253 876 1366 901 natum
1376 867 1469 902 fuisse
1480 868 1588 904 scribit
1601 870 1739 906 Nicetas
1751 872 1923 920 Paphlago
1937 888 1946 919 ;
1972 877 2005 911 &
2025 877 2128 920 prose·

1251 916 1380 961 quitur:
1406 921 1585 961 Numquam
1597 929 1699 954 tamen
1704 929 1807 964 potuit
1819 925 1947 967 Asbestae
1957 927 2129 969 improbita-

1253 974 1313 1000 tem
1337 972 1510 1016 extinguere
1530 993 1540 1002 .
1583 973 1708 1004 Etenim
1735 976 1932 1008 Potentiorum
1952 977 2002 1009 ille
2021 978 2128 1010 limina

1251 1016 1365 1051 terebat
1372 1041 1384 1059 ,
1409 1018 1495 1060 apud
1503 1028 1602 1052 omnes
1614 1026 1715 1053 virum
1725 1023 1836 1058 nullam
1846 1024 1880 1058 ob
1895 1027 2013 1067 culpam
2030 1031 2128 1059 crimi-

1253 1066 1382 1103 nabatur
1398 1090 1411 1108 ,
1437 1069 1582 1103 &acerbe
1590 1075 1733 1103 convitiis
1751 1072 1976 1115 profi-indebat,
2002 1077 2037 1110 Θ
2057 1077 2130 1108 san-

1254 1116 1333 1151 ilum
1342 1125 1496 1150 execratus
1507 1128 1543 1151 ne
1556 1117 1719 1158 Christiani
1727 1123 1849 1163 quidem
1860 1130 1975 1157 nomine
1985 1124 2130 1168 dignaba-

1253 1174 1303 1200 tur
1315 1191 1324 1199 .
1350 1165 1529 1214 Praesertim
1539 1167 1625 1211 apud
1639 1167 1798 1205 Photium
1822 1173 1856 1208 δε
1875 1173 1941 1216 ejus
1953 1183 2131 1220 congrega·

1255 1216 1299 1250 les
1319 1241 1327 1249 .
1354 1216 1468 1262 Pergit
1487 1216 1678 1262 Stylianus:
1705 1223 1900 1265 ,Quapropter
1935 1223 2040 1258 distes
2065 1231 2130 1258 tre‘s

1255 1265 1576 1311 Pseudo-Episcopos
1585 1267 1722 1311 depofitos
1745 1271 1879 1307 Sanetus
1890 1273 2039 1318 Ignatius
2059 1285 2134 1307 ana·

1258 1315 1385 1350 themati
1392 1315 1534 1360 subjecit.
1561 1318 1614 1352 Eo
1625 1329 1768 1367 namque
1778 1331 1923 1366 tempore
1935 1324 2044 1357 omnis
2056 1323 2134 1367 llly-

1255 1366 1377 1403 riciana
1394 1366 1537 1402 dioecefis
1552 1379 1571 1410 ,·
1587 1379 1648 1404 nec
1666 1380 1736 1406 non
1749 1382 1870 1418 magna
1892 1371 1993 1408 Italiae
2002 1384 2072 1417 pars
2097 1374 2134 1409 ὰ

1256 1418 1372 1451 cuneta
1385 1417 1497 1454 Sicilia
1510 1442 1521 1458 ,
1547 1430 1603 1462 per
1613 1418 1761 1458 Leonem
1782 1420 1927 1458 Isauruin
1941 1421 2136 1458 patriarchi-

1255 1477 1298 1500 co
1308 1466 1455 1501 Romani
1466 1466 1640 1504 Pontificis
1659 1470 1798 1515 imperio
1815 1472 1998 1515 subtractae,
2024 1471 2134 1508 adhuc

1256 1514 1492 1559 spestabantad
1504 1517 1676 1562 Synodum
1701 1521 1735 1555 δε
1755 1521 1915 1566 judicium
1938 1521 2134 1557 Patriarchae

1257 1565 1624 1612 constantinopolitani
1636 1594 1644 1604 .

1307 1614 1530 1655 Depofitionis
1542 1618 1679 1651 formam
1690 1621 1829 1662 exponit
1840 1622 1876 1655 in
1890 1621 2005 1655 litteris
2014 1620 2055 1654 ad
2064 1630 2136 1654 om·

1258 1670 1316 1695 nes
1327 1661 1469 1698 dioecefis
1479 1663 1858 1710 Constantinopolitanae
1869 1668 2049 1713 Episcopos
2058 1669 2136 1704 San·

1259 1714 1326 1750 stus
1338 1712 1496 1747 Pontifex
1509 1712 1671 1750 Nicolaus
1680 1731 1691 1752 .·
1715 1721 1770 1751 Vae
1782 1723 1921 1764 Gregorio
1940 1717 2135 1766 syracusano,

1254 1771 1310 1806 per
1331 1775 1418 1806 quem
1436 1769 1470 1797 in
1482 1764 1610 1807 Ecclesia
1630 1766 1742 1809 Christi
1749 1777 1794 1803 tot
1808 1768 1956 1813 fiandala
1966 1777 2134 1813 venerunt),

1259 1819 1367 1855 quique
1377 1816 1446 1848 olim
1458 1838 1469 1854 ‚
1487 1814 1562 1856 ficut
1570 1814 1713 1860 ipfisbitIs
1720 1843 1731 1859 ‚
1756 1820 1778 1852 ἆ
1789 1823 1904 1855 Fratre
1929 1821 1964 1855 ὁ*
1973 1823 2138 1853 Commini-

1252 1862 1313 1902 stro
1323 1864 1414 1903 nostro
1423 1867 1560 1908 Ignatio,
1587 1869 1621 1900 <5
1642 1869 1663 1900 ai
1684 1870 1816 1911 synodo,
1843 1882 1911 1914 quae
1925 1867 1982 1913 sub
2003 1867 2066 1912 ipsis
2075 1867 2152 1910 ι’]ἔ,ι
2206 1890 2209 1893 v

1259 1912 1404 1955 depositus
1415 1913 1454 1954 est
1465 1938 1476 1953 ‚
1501 1916 1578 1950 &ut
1587 1917 1744 1959 Apostolica
1755 1921 1846 1952 sedes
1868 1925 1903 1952 in
1922 1921 1989 1960 eJus
2007 1919 2137 1952 damna·

1259 1967 1336 1998 tione
1345 1963 1520 2008 consentiret
1532 1989 1543 2005 ‚
1568 1966 1608 1999 ab
1616 1965 1678 2009 ipso
1697 1966 1909 2010 consacerdote
1930 1967 2023 2009 nostro
2039 1967 2137 2011 poslu·

1257 2014 1324 2048 lata
1336 2013 1374 2054 est
1386 2039 1394 2046 .
1420 2013 1549 2058 Nempe
1561 2016 1726 2060 vigentem
1740 2027 1840 2058 tunc,
1867 2018 1924 2059 qui
1950 2017 2136 2053 Provincia—

1261 2063 1324 2097 lem
1343 2063 1361 2096 ὲ
1382 2063 1622 2106 Metropolim,
1647 2075 1703 2099 aut
1726 2066 1979 2108 Metropolitam
2003 2065 2136 2110 Episco-

1261 2122 1339 2156 pum
1360 2113 1379 2146 ὲ
1398 2112 1543 2148 Primate
1568 2124 1624 2147 aut
1647 2112 1836 2151 Patriarcha
1850 2114 1918 2151 fine
1940 2116 2058 2160 praevia
2069 2114 2139 2151 Ro-

1260 2173 1361 2197 manae
1371 2161 1453 2198 sedis
1465 2162 1599 2198 licentia
1612 2163 1741 2200 vetabat
1750 2164 1919 2202 definitive
1929 2165 2050 2210 deponi
2063 2189 2075 2207 ,
2099 2166 2136 2203 in

1251 2207 1377 2248 'Latina
1389 2213 1533 2247 Ecclesia
1545 2212 1719 2249 Canonem
1729 2215 1832 2251 fuerat
1845 2217 1980 2254 Sanetus
1989 2215 2138 2262 [gnatius

1260 2263 1322 2297 isto
1344 2264 1381 2297 in
1404 2264 1463 2297 suo
1481 2262 1608 2307 judicio
1633 2264 1761 2308 secutus
1777 2292 1786 2300 .
1824 2266 1939 2313 Pergit
1964 2266 2140 2302 Pontifex.

1261 2314 1323 2347 Sed
1333 2312 1492 2356 Deceffores
1513 2318 1571 2348 mei
1581 2313 1678 2349 beatae
1687 2322 1832 2351 memoriae
1856 2321 1914 2350 Leo
1923 2327 2079 2363 quartu-18,
2103 2316 2141 2350 6·

1263 2363 1446 2399 Benedillus
1467 2364 1581 2398 tertius
1601 2389 1614 2406 ‚
1638 2367 1724 2399 sedis
1750 2367 1916 2409 Apfflolicae
1935 2368 2142 2400 moderamina

1255 2411 1440 2457 servantes,
1465 2414 1619 2450 noluerunt
1632 2414 1675 2455 st'c
1696 2427 1789 2448 unam
1807 2425 1931 2458 partem
1955 2418 2080 2455 audire,
2104 2422 2142 2447 ue

1261 2465 1332 2500 aliae
1351 2469 1438 2506 parti
1459 2463 1539 2498 nibil
1552 2465 1672 2506 penitus
1693 2464 1880 2508 reservarent
1902 2491 1910 2498 .
1938 2463 2140 2510 ‚Quamobrem

1262 2519 1381 2547 interim
1391 2513 1526 2556 depositio
1535 2512 1623 2556 ipsius
1636 2515 1659 2548 a
1670 2516 1744 2549 Sede
1759 2515 1917 2559 Apostolica
1939 2527 1996 2549 non
2002 2513 2141 2558 suscepta

1262 2563 1367 2606 manfit
1376 2565 1518 2607 infirma.
1546 2564 1696 2606 Exponit
1707 2565 1842 2600 Sanetus
1865 2566 2055 2608 stylianus.
2083 2565 2140 2598 Le-

1257 2623 1345 2657 gatos
1356 2625 1421 2647 cum
1430 2616 1541 2648 litteris
1549 2614 1594 2646 ad
1594 2611 1618 2656 s
1614 2614 1802 2655 anc‘liffimum
1815 2619 1935 2658 Papam
1946 2619 2138 2652 Romanum,

1264 2667 1395 2698 Beatum
1418 2668 1542 2698 Leonem
1562 2675 1713 2707 quartum
1732 2690 1743 2706 ,
1769 2671 1820 2708 qui
1838 2677 1903 2700 tum
1931 2664 2140 2706 Pontificatum

1258 2714 1402 2758 gerebat,
1428 2726 1492 2748 cum
1503 2710 1593 2748 Petro
1613 2717 1770 2757 Gregorius
1796 2716 1830 2749 ὀ*
1850 2716 2032 2757 Eulampius
2053 2709 2140 2755 mise·

1264 2772 1353 2803 runt,
1377 2765 1461 2799 illum
1465 2762 1542 2805 fibi,
1567 2763 1724 2807 acsi'effent
1733 2763 1810 2805 last,
1835 2766 1955 2798 ultorem
1976 2771 2139 2805 petentes.

1267 2817 1354 2856 Papa
1364 2825 1430 2858 ergo
1439 2815 1521 2847 datis
1531 2814 1576 2845 ad
1584 2817 1734 2856 Ignatium
1742 2815 1852 2846 litteris
1874 2814 1969 2847 voluit
1987 2837 1998 2853 ,
2023 2820 2058 2846 ut
2078 2814 2142 2846 Pa-

1266 2863 1400 2897 triarcba
1405 2861 1458 2906 suo
1468 2867 1581 2895 nomine
1591 2864 1738 2906 Legatum
1750 2866 1873 2896 Romam
1882 2861 2043 2903 destinaret
2052 2886 2064 2903 ,
2083 2869 2142 2903 per

1266 2924 1350 2956 quem
1359 2915 1396 2946 de
1402 2910 1652 2955 schismaticorum
1671 2911 1758 2956 causa
1776 2911 1954 2959 cognosceret
1966 2937 1974 2944 .
1999 2916 2068 2947 Nec
2087 2911 2142 2944 diu

1267 2972 1400 2997 moratus
1414 2961 1594 2995 Patriarcha
1606 2965 1756 2998 Lazarum
1769 2962 1944 2996 monachum
1954 2985 1965 3001 ‚
1984 2964 2058 3006 fidei
2077 2964 2143 2995 τοί·

1262 3012 1375 3055 feffione
1385 3013 1498 3046 clarum
1508 3035 1520 3053 ,
1545 3017 1595 3054 qui
1605 3018 1702 3046 omnia
1713 3036 1725 3053 ,
1751 3024 1818 3056 quae
1827 3015 1872 3045 ad
1882 3016 2056 3057 Gregorium
2072 3018 2144 3052 pn·

1269 3063 1426 3102 tinebant,
1452 3064 1559 3104 optime
1579 3072 1704 3096 noverat
1720 3086 1732 3102 ‚
1754 3074 1819 3096 cum
1834 3064 1948 3096 litteris
1968 3060 2067 3104 mist,
2089 3063 2143 3101 qui

1270 3116 1365 3155 Papae
1389 3111 1507 3156 causam
1528 3113 1682 3155 diligenter
1703 3111 1854 3156 exposuit.
1886 3114 1993 3155 Itaque
2010 3109 2143 3144 eamdem

1270 3169 1302 3196 in
1307 3160 1506 3206 schismaticos
1514 3160 1693 3205 sententiam
1703 3166 1770 3196 tulit
1783 3188 1794 3204 ,
1820 3174 1912 3206 quam
1925 3162 2016 3196 antea?
2033 3166 2066 3193 in
2086 3156 2142 3201 eos-

1271 3215 1338 3247 dem
1347 3214 1456 3248 tulerat
1466 3216 1601 3257 Ignatius
1614 3237 1621 3245 .
1649 3217 1745 3247 Leone
1754 3214 1824 3249 dein
1834 3224 1873 3247 ex
1885 3211 2025 3246 humanis
2042 3208 2145 3252 subla-³

1271 3274 1319 3303 to,
1344 3262 1388 3298 illi
1411 3263 1527 3297 rursum
1549 3263 1733 3303 Benedictio,
1757 3269 1810 3309 qui
1829 3266 1923 3297 Leoni
1939 3259 2081 3307 succeffit,
2105 3257 2143 3290 d?

1269 3311 1376 3357 eisdem
1396 3312 1483 3348 rebus
1500 3313 1606 3356 melesii
1618 3313 1750 3355 fuerunt
1773 3338 1781 3346 .
1815 3316 1911 3346 Enim
1934 3311 2005 3344 verb
2030 3309 2064 3341 δ’
2082 3304 2145 3348 ὶΡῘθ

1272 3362 1449 3397 Benedic¹lus
1472 3368 1524 3397 vir
1553 3361 1744 3408 sandiffimus
1774 3374 1808 3397 re
1831 3362 1987 3404 diligenter
2010 3355 2146 3401 excuffa,

1268 3412 1447 3457 sententiam
1467 3414 1630 3448 adversam
1649 3414 1715 3446 illos
1728 3410 1888 3455 ficundum
1905 3413 2058 3451 Ignatium
2078 3414 2147 3449 pro-

1273 3468 1445 3498 nunciavit.
1473 3463 1626 3507 Gregorii
1645 3461 1686 3496 ad
1698 3456 2025 3505 Papamappellantis
2045 3455 2149 3501 Legaq

2046 3516 2099 3542 10⁶
