2340 3762
374 157 477 216 '360

304 240 510 275 membranam
535 243 726 283 inquinantes
750 235 916 281 describunt

298 291 413 334 fraude
428 288 621 334 presentium
637 282 827 333 sfirnplicitati'
838 283 1001 326 absentium
1022 287 1166 319 illudatur
1176 309 1187 326 ,

304 344 339 384 g&
358 343 436 375 illud
456 342 557 374 credat
569 340 695 383 facilius
716 331 892 373 univerfitas
922 335 973 378 effe
986 338 1161 376 veriffimum
1177 361 1187 377 ‚

303 392 383 434 quod
406 391 582 432 dzffimilibus
601 391 711 430 litteris
732 381 856 436 suffitus
881 383 990 435 fecerit
1014 387 1066 431 effe
1092 388 1190 427 diver.-

300 439 387 482 [um.

442 651 785 707 CAPUT
855 657 1049 709 V111‚

335 793 555 866 Exponitur
590 797 768 850 Romana
811 793 975 847 Adriani
998 793 1155 862 secundi

513 862 708 930 Pomfficis
740 868 778 912 in
805 862 981 915 Photium

654 939 686 981 S
672 933 840 1000 ynodus,

393 1092 450 1129 Ti
477 1093 519 1130 de
550 1093 668 1131 Photii
699 1095 860 1132 horrenda
882 1095 1064 1131 temeritate
1083 1093 1191 1130 obstu—

427 1144 499 1188 puit
521 1170 532 1186 ‚
567 1146 612 1178 ita
645 1146 686 1179 de
710 1146 817 1180 Basilii
838 1146 980 1191 Augusti
1002 1147 1122 1191 pietate
1146 1145 1190 1179 est

302 1193 486 1232 admodum
506 1195 638 1238 gavisus
655 1193 824 1230 Adrianus
847 1196 1002 1231 Pontifex
1016 1220 1027 1236 ‚
1053 1194 1192 1239 ideoque

303 1243 347 1279 de
362 1241 452 1278 hist-e
473 1245 774 1280 momentofiffimis
784 1246 1018 1289 quaestionibus
1042 1245 1193 1280 definitu-

303 1304 359 1328 rus
369 1293 506 1338 collegit
518 1294 692 1337 Synodum
711 1321 721 1336 ,
748 1297 789 1331 de
802 1309 865 1341 qua
879 1298 980 1341 pergit
993 1297 1191 1330 Guilielmus

303 1342 586 1379 Bibliothecarius
601 1368 608 1376 .
634 1351 716 1380 Tunc
723 1345 859 1390 summus
873 1346 1021 1389 Pontifex
1043 1346 1193 1391 utriusque

303 1395 416 1438 linguat
429 1399 542 1436 peritis
569 1395 769 1440 imaginariae
792 1396 918 1442 Synodi
943 1397 1049 1431 librum
1056 1395 1193 1440 scrutan-

305 1446 444 1485 damper
453 1445 565 1486 aliquot
575 1447 641 1480 dies
652 1448 785 1480 decrevit
797 1471 807 1486 ,
832 1450 866 1481 (9⁹
883 1453 1004 1486 omnia,
1030 1453 1142 1489 quaein
1160 1458 1193 1480 eo

306 1493 538 1528 continebantur
548 1519 558 1535 ‚
574 1506 671 1529 cor-am
681 1498 789 1534 synodo
797 1497 926 1539 fideliter
935 1498 1112 1539 propalari,
1122 1507 1192 1539 quae

305 1549 408 1586 utique
419 1549 518 1576 omnia
521 1543 641 1584 strenue
644 1545 836 1588 perscrutata
845 1547 883 1586 est
891 1572 898 1579 .
935 1551 1023 1579 Nam
1036 1546 1192 1580 venerabi·

306 1593 347 1626 lis
369 1592 515 1634 Pontifex
535 1599 617 1627 omni
639 1595 812 1635 Senatorio,
833 1595 1033 1638 popularique
1049 1599 1197 1628 conventu

306 1643 394 1685 apud
412 1642 600 1683 beatissimum
625 1645 750 1678 Petrum
767 1644 928 1687 Apostolum
947 1649 980 1678 in
1004 1643 1197 1686 defenfionem

301 1691 371 1738 Juae
394 1692 529 1733 Ecclefiae
553 1718 565 1734 ‚
591 1693 805 1738 Dec-essorisque
826 1693 874 1739 sui
888 1693 1009 1738 sacrum
1033 1695 1198 1729 Concilium

307 1748 505 1776 convocavit.
533 1746 578 1775 Et
590 1747 690 1785 prime
703 1746 822 1787 quidem
847 1754 902 1788 per
915 1749 1042 1791 Legatos
1058 1745 1198 1787 constan-

309 1792 472 1834 tinopoleos
495 1799 624 1826 veritate
645 1795 805 1828 luculenter
825 1798 933 1828 audita
946 1820 956 1835 ‚
984 1798 1140 1838 Decefforis
1147 1795 1196 1839 sul

303 1839 398 1889 super
417 1840 584 1886 hujusmodi
608 1844 728 1877 litteras
751 1846 870 1888 legens,
887 1843 1036 1885 sinistram
1050 1844 1197 1886 tostus-fa·
1215 1842 1219 1900 ἓ

308 1904 396 1927 mam
412 1898 561 1936 purgavit
574 1918 581 1925 .
608 1894 727 1927 Deinde
741 1894 880 1927 Pharium
898 1905 962 1927 eum
973 1894 1173 1929 conciliabulo
1184 1919 1196 1936 ,

309 1941 551 1985 complicibusque
568 1941 636 1985 ficis
657 1948 745 1976 tertio
763 1943 958 1976 anathemate
978 1945 1123 1985 perculit.
1151 1946 1199 1979 Ad

310 1988 481 2028 extremum
490 1992 563 2025 vero
574 2000 746 2025 eaeterorum
750 1990 1016 2035 subscriptionibus
1038 1992 1199 2037 &senten-

311 2048 367 2081 tiis
379 2040 624 2085 roboratumprae
640 2040 761 2084 foribus
767 2044 919 2087 graduum
944 2042 1072 2087 nefandi
1082 2045 1200 2090 dogma·

313 2098 360 2128 tis
379 2091 490 2125 librum
511 2091 681 2127 cunctorum
702 2093 836 2135 pedibus
857 2094 1056 2128 conculcatum
1079 2096 1198 2137 exuffit.

314 2145 419 2187 Quem
441 2143 580 2176 nimirum
603 2152 687 2186 rogus
709 2151 742 2175 ut
758 2142 930 2185 fomentum
948 2146 1098 2186 quoddam
1120 2150 1198 2190 ignis

314 2197 434 2234 excepit
457 2217 467 2232 ‚
494 2193 528 2226 ό·
545 2194 624 2235 pene
646 2202 809 2235 antequam
826 2193 992 2237 semiustam
1003 2193 1198 2238 credipotuifi

311 2241 361 2287 fet
372 2267 384 2283 ‚
410 2253 476 2275 cum
495 2254 602 2287 magno
614 2242 727 2285 faetore
742 2249 881 2286 piceoque
901 2246 990 2278 colore
1011 2243 1199 2287 consu'mpfit.

317 2296 367 2328 Et
390 2292 544 2334 cumfirte*
558 2293 649 2335 focus
673 2295 868 2328 inundatione
883 2295 1003 2336 pluviae
1023 2295 1201 2328 naturaliter

315 2343 460 2387 debuiffet
481 2349 639 2390 extingui,
665 2344 854 2388 adpluviam
875 2342 960 2387 quafi
964 2345 1008 2378 ad
1025 2346 1078 2378 olei
1093 2352 1199 2389 guttas

315 2393 441 2437 flamma
461 2397 633 2433 convaluit,
655 2394 729 2427 &in
747 2395 852 2428 laudes
875 2396 954 2434 Dei,
978 2392 1201 2438 saneltffimique

317 2446 419 2486 Papae
443 2445 562 2478 Nicolai
579 2467 590 2483 ,
606 2441 746 2487 simulque
768 2446 894 2479 Adriani
911 2443 1023 2488 summi
1048 2444 1200 2488 Pontificis

321 2495 459 2528 veraculi
465 2493 567 2536 stupor
579 2504 643 2528 tam
655 2497 832 2530 Latinorum
851 2497 944 2543 quam
954 2498 1123 2531 Graecorum
1145 2505 1202 2528 eor-

321 2545 365 2578 da
374 2541 497 2586 resolvit
510 2568 518 2576 .
1023 2552 1026 2557 ·

374 2593 537 2628 Eamdem
547 2595 720 2638 synodum
732 2597 767 2631 in
780 2596 907 2641 Synodi
924 2596 1086 2641 praesentis
1100 2595 1206 2640 praefa-

321 2643 419 2680 tione
440 2642 551 2679 laudat
573 2644 760 2680 Anastafius
788 2647 1062 2682 Bibliothecarius
1085 2671 1096 2688 ,
1123 2646 1203 2680 allo·

319 2705 425 2738 quens
434 2692 633 2730 Pontificem
647 2696 831 2730 Adrianum
844 2698 1022 2732 secundum
1038 2723 1044 2729 .
1059 2701 1091 2742 J
1093 2707 1204 2730 oannes

320 2745 402 2783 sylaez·
413 2746 602 2788 Metropolim
622 2747 656 2781 Θ
670 2746 797 2789 Bafilius
807 2747 985 2789 spatharius
1003 2751 1127 2780 Romam
1137 2755 1206 2789 per-

320 2791 497 2837 venientes,
525 2794 675 2838 Epistolas
696 2807 731 2829 ae
748 2795 911 2838 profanum
924 2799 1046 2831 codicem
1061 2821 1071 2837 ,
1096 2803 1129 2829 in
1149 2808 1205 2838 quo

321 2845 548 2880 continebantur
561 2846 645 2891 gesta
665 2845 881 2887 conciliabuli,
909 2859 975 2889 quae
1004 2847 1129 2880 Pharius
1152 2847 1208 2878 ad-

323 2897 444 2930 versum
464 2895 629 2939 Apostolicae
653 2902 802 2931 memoriae
816 2900 933 2938 Papam
944 2899 1105 2931 Nicolaum
1118 2895 1206 2937 falso

320 2945 427 2992 fuerat
447 2954 659 2980 commentatus
673 2972 684 2988 ,
709 2954 798 2990 atque
817 2953 938 2988 omnia,
962 2958 1029 2990 quae
1050 2955 1208 2979 memorato

325 3003 433 3030 eximio
444 2995 571 3040 Praesuli
580 2997 860 3040 destinatafuerant
872 3022 882 3037 ,
911 3004 981 3040 quia
991 2997 1040 3030 ille
1060 2998 1105 3029 ad
1115 2996 1209 3029 melio-

328 3057 391 3079 rem
401 3052 500 3081 vitam
512 3053 697 3092 migraverat
706 3073 717 3089 ,
744 3048 801 3081 tibi
807 3049 952 3090 praeclaro
962 3047 1109 3091 Successori
1121 3048 1186 3088 eius
1198 3070 1209 3086 ‚

329 3097 455 3131 Domine
457 3101 489 3142 J
491 3103 575 3131 unior
589 3099 721 3132 Adriane
730 3123 740 3139 ,
768 3096 887 3141 Praesul
893 3105 999 3132 eximie
1007 3123 1018 3139 ‚
1030 3099 1117 3132 Sedis
1130 3100 1211 3139 Apo-

326 3143 434 3189 stolicae
445 3149 646 3182 moderamina
658 3142 770 3193 egr'egie
789 3151 978 3189 moderanti,
1001 3145 1208 3191 praesentant:

334 3195 399 3237 ,Qui
410 3201 560 3239 accingens
570 3197 639 3239 ficut
651 3206 701 3232 vir
723 3198 834 3232 lumbos
845 3209 910 3232 tuos
921 3224 933 3240 ‚
958 3210 1024 3242 quae
1047 3199 1097 3231 ille
1118 3199 1211 3231 decre·

334 3251 424 3277 verat
445 3246 615 3288 decrevisti,
643 3251 676 3282 (²5
699 3261 768 3292 quae
785 3248 935 3289 statuerat
949 3247 1094 3290 statuisti,
1119 3257 1212 3290 atque

335 3304 419 3327 omne
434 3296 558 3335 providi
581 3300 683 3330 Patris
697 3299 839 3332 Edic‘lum
855 3305 927 3342 pius
938 3299 1033 3333 haeres
1055 3305 1192 3332 executus
1204 3322 1213 3338 ,

340 3345 470 3385 injusta!
487 3345 703 3387 propriaeftae15
718 3350 859 3389 protinus
869 3349 1045 3389 vindicasti.
1071 3353 1158 3381 Nam
1169 3350 1214 3387 55-

338 3397 412 3437 nodo
433 3403 500 3426 mox
521 3394 606 3434 apud
627 3394 743 3426 beatum
767 3401 891 3431 Petrum
905 3399 1064 3440 Apostolum
1075 3398 1214 3438 coHeHa,

334 3446 501 3492 profanum
514 3444 638 3486 codicem
648 3443 729 3478 illum
742 3453 866 3478 cremari
888 3448 1018 3490 censmfli
1029 3474 1039 3489 ,
1065 3450 1101 3483 er
1111 3450 1156 3483 ita
1162 3447 1216 3491 fie-

897 156 1545 203 Dumna-aerio·

940 260 952 276 ,
987 244 1022 269 ut
1048 237 1188 270 videlicet
1253 243 1281 271 ri
1306 239 1391 281 apud
1408 238 1693 283 constantinopolim
1706 266 1719 284 ‚
1737 241 1825 286 fiqua
1839 247 1922 288 fone
1942 252 2127 294 ammplam

1252 292 1315 331 ejus
1327 296 1537 324 invenirentur
1548 316 1560 333 ,
1567 291 1642 332 jure
1653 293 1803 334 mandasti
1816 319 1823 327 .
1851 298 1944 340 ,Quod
1959 301 1993 332 ἐν
2007 301 2126 343 fabium

1250 340 1304 380 est.
1333 344 1379 373 Εε
1400 341 1546 376 auc'lorem
1566 343 1631 383 ejus
1647 351 1706 386 pu
1726 348 1816 378 tanta
1838 352 2004 381 temeritate
2030 352 2128 386 denuo*-

1250 393 1417 432 damnans,
1447 391 1533 429 huius
1541 397 1634 433 paria
1658 397 1835 431 occultantes
1843 395 1969 440 censura
1987 396 2128 444 stmiltse-

1250 440 1409 484 questrati.
1437 442 1560 477 Omnis
1581 440 1649 478 haec
1672 444 1827 492 Synodus
1845 446 1932 490 apud
1957 448 2132 491 septimam

1254 491 1530 536 nostraepraesentis
1554 492 1731 529 Actionem
1753 496 1909 532 suitlefta
1931 496 2133 541 &probatu

1252 540 1413 586 habetque
1426 554 1487 577 tres
1498 542 1715 579 allocutiones
1725 546 1780 581 seu
1790 548 1948 583 Auiones
1958 570 1969 586 ,
1993 547 2027 581 δε
2038 549 2135 592 quin-

1254 603 1315 635 que
1326 593 1479 637 Capitula
1502 595 1556 628 seu
1568 594 1731 637 Decreta,
1756 596 1946 643 singulatim
1957 595 2012 632 hic
2034 595 2135 634 addu-

1253 643 1369 677 cenda.

1302 693 1417 728 Prirn'ae
1432 694 1535 739 igitur
1547 695 1680 733 Anioni
1694 697 1850 743 praecipua
1860 695 1974 733 Photii
1987 699 2134 734 facinora

1255 745 1403 787 exposuit
1413 744 1588 779 Pontifex.
1615 746 1750 788 Primo,
1776 748 1868 793 quod
1891 747 2133 784 patriarchatus

1254 793 1377 828 ambitu
1406 794 1514 830 adhuc
1526 795 1628 830 laicus
1649 797 1802 832 San6tum
1822 798 1990 844 ignatium
2014 801 2139 844 semper

1247 845 1390 885 odisset,
1417 844 1557 890 ideoque
1578 846 1742 905 Gregorio
1768 849 1972 892 Syracusano
1995 872 2008 890 ,
2033 848 2137 884 Petro

1253 895 1395 929 sardens:
1407 919 1418 935 ,
1443 907 1481 929 ac
1493 896 1669 940 Eulampio
1681 897 1873 941 Apameenfi
1882 899 2047 934 damnatis
2059 899 2139 943 Epi·

1257 945 1360 987 scopis
1381 943 1544 980 adhaerens
1566 945 1634 989 ejus
1656 941 1939 983 consecrationem
1964 948 2140 990 turbasset,

1256 1007 1292 1028 ac
1302 993 1444 1029 abillius
1455 997 1694 1031 communione
1704 998 1772 1031 fine
1796 999 1893 1033 causa
1906 999 1971 1032 sese
1994 999 2140 1042 separans

1254 1045 1338 1079 inter
1349 1044 1579 1080 Schismaticos
1589 1046 1804 1080 constituisset
1814 1071 1825 1087 ,
1852 1057 1949 1091 atque
1961 1045 2062 1082 hocce
2069 1060 2141 1092 prae«

1257 1096 1327 1129 sens
1339 1093 1476 1129 schisma
1489 1106 1531 1128 ex
1551 1103 1631 1129 tunc
1645 1096 1798 1130 initiasset
1811 1121 1818 1129 .
1850 1096 2023 1137 Secundo,
2050 1097 2142 1142 quod.

1256 1154 1369 1179 contra
1380 1144 1594 1188 Apostolicos
1610 1144 1785 1187 CanoneS,
1811 1146 1926 1192 utique
1939 1146 2142 1190 trigesimum

1257 1195 1399 1238 primurn
1422 1195 1590 1240 vulgarem
1605 1219 1617 1236 ‚
1643 1197 1709 1230 vivi
1734 1208 1772 1231 ac
1795 1197 1928 1232 innoxii
1950 1197 2072 1241 Ignatii
2084 1196 2143 1231 P·-

1255 1244 1463 1280 triarchatum
1485 1255 1654 1289 tamquam
1665 1246 1812 1282 Ecclefiae
1832 1247 1960 1282 adulter
1972 1258 2027 1292 per
2039 1247 2139 1282 laicas

1257 1294 1430 1339 potestates
1455 1295 1632 1330 invafiss‘et.
1663 1296 1809 1339 Tertio,
1833 1298 1924 1342 quod
1947 1299 1983 1332 in
2005 1296 2145 1332 Patriac-

1256 1344 1354 1380 chatu
1382 1357 1450 1380 non
1471 1344 1697 1381 Christianum
1714 1348 1912 1391 Episcopum
1926 1371 1937 1389 ‚
1963 1347 2017 1382 sed
2035 1356 2144 1390 tyran·

1255 1408 1337 1431 num
1361 1395 1615 1431 Diocletianum
1636 1398 1773 1443 egisset,
1798 1397 2003 1434 adversantes
2026 1397 2146 1442 iniqui»

1257 1447 1316 1481 tati
1347 1447 1410 1480 suae
1434 1447 1617 1490 Episcopos
1640 1470 1652 1486 ,
1679 1447 1826 1483 Clericos
1843 1473 1854 1490 ,
1881 1444 2082 1490 monachos,
2108 1446 2144 1483 ἀ

1256 1495 1359 1530 laicos
1382 1495 1533 1539 affligens
1554 1495 1666 1530 exiliis
1679 1520 1689 1536 ,
1716 1496 1920 1539 carceribus,
1945 1497 2119 1533 tormentis
2132 1521 2145 1539 ,

1259 1556 1379 1581 morte.
1408 1544 1563 1592 Qarto,
1588 1546 1678 1590 quod
1701 1546 1747 1582 ob
1758 1545 1856 1583 hosce
1883 1546 2146 1586 excessusfuiffet

1259 1606 1314 1638 per
1331 1595 1484 1629 Sanctum
1507 1596 1690 1631 Nicolaum
1715 1597 1914 1633 Pontificem
1950 1607 2146 1641 correptus.

1258 1643 1395 1679 meliora
1417 1644 1525 1687 sapere
1545 1644 1737 1680 admonitus
1760 1671 1772 1688 ,
1798 1646 1996 1690 tandemque
2019 1657 2061 1681 ex
2085 1645 2148 1680 Pn-

1259 1693 1436 1730 triarchatu
1461 1695 1694 1731 latrocinaliter
1715 1697 1828 1731 invaso
1849 1696 1987 1741 dejectus
2003 1721 2011 1730 .
2039 1695 2149 1744 Qin-

1260 1745 1320 1788 to,
1345 1745 1436 1791 quod
1449 1746 1534 1780 filice
1544 1746 1656 1782 durior
1682 1758 1743 1782 nec
1764 1747 1824 1782 ista
1834 1747 1967 1791 verbera
1995 1746 2149 1785 senserit,

1261 1797 1314 1831 sed
1335 1796 1517 1832 Diabolum
1533 1821 1544 1837 ,
1569 1798 1626 1841 qui
1652 1808 1714 1832 nec
1737 1796 1757 1832 ὲ
1772 1798 1859 1832 coelo
1880 1796 2031 1842 expulsus
2050 1796 2144 1832 desiit

1261 1847 1423 1888 superbire
1436 1871 1447 1887 ‚
1473 1847 1622 1883 imitatus
1635 1847 1722 1882 varia
1731 1848 1991 1893 malignantium
2001 1857 2146 1883 conven-

1261 1895 1362 1930 ticula
1387 1896 1632 1941 &sanguinum
1659 1900 1843 1943 synagogas
1862 1891 2026 1942 tamr’iuam
2048 1896 2145 1930 latro-

1260 1956 1340 1979 num
1358 1945 1514 1989 Princeps
1525 1947 1730 1987 celebrasset,
1759 1946 1992 1992 propriumque
2012 1945 2142 1980 Patrem

1259 1996 1294 2029 δε
1320 1993 1541 2030 patriarcham
1563 1995 1730 2040 Ignatium
1748 1996 1936 2042 damnasset·
1953 1997 1990 2030 in
2016 2005 2144 2031 morem

1259 2046 1423 2079 atrocium
1448 2046 1653 2088 viperarum,
1677 2056 1749 2088 quae
1770 2044 1830 2078 nifi
1855 2045 1998 2089 parentis
2023 2043 2146 2079 crudeli

1261 2105 1340 2129 nece
1353 2105 1422 2128 non
1442 2095 1572 2138 possunt
1583 2094 1691 2127 venire
1700 2092 1742 2128 ad
1753 2092 1882 2129 lucem.
1909 2094 2045 2130 Sextum
2069 2093 2146 2129 faci-

1262 2155 1323 2179 nus
1336 2154 1501 2188 exponere
1521 2143 1603 2178 libet
1625 2143 1731 2179 verbis
1742 2143 1962 2188 Apostolicis:
1990 2144 2055 2185 Post
2080 2144 2144 2178 baec

1257 2192 1355 2237 posuit
1364 2200 1399 2226 in
1407 2194 1510 2227 coelum
1525 2205 1557 2227 or
1575 2192 1686 2237 sicum,
1713 2195 1748 2229 θ
1767 2196 1870 2239 lingua
1880 2197 1944 2237 ejus
1961 2193 2078 2238 tranfflt
2093 2192 2144 2237 su-

1257 2253 1312 2287 per
1324 2253 1458 2283 terram,
1482 2244 1554 2277 dum
1566 2244 1704 2278 videlicet
1730 2253 1833 2278 contra
1857 2250 2008 2280 Divinam
2026 2246 2148 2278 ordina-

1261 2300 1370 2328 tionem
1380 2317 1391 2335 ,
1416 2294 1529 2328 coelitus
1541 2300 1574 2327 in
1587 2295 1679 2328 Beati
1691 2293 1777 2328 Petri
1792 2298 1942 2338 Principis
1954 2295 2147 2339 Apostolorum

1263 2348 1403 2378 Primam
1414 2342 1581 2387 dispaefitam
1593 2368 1604 2385 ,
1622 2346 1742 2387 putridi
1750 2351 1882 2390 gurgitis
1890 2353 1994 2389 guttur
2005 2349 2121 2387 aperuit
2135 2367 2147 2384 ,

1264 2395 1461 2431 &adversus
1473 2393 1604 2437 ejusdem
1614 2398 1707 2438 Regni
1727 2395 1844 2435 coelestIs
1871 2396 2024 2439 clavigeri
2034 2392 2148 2436 Aposto-

1263 2448 1353 2479 licam
1366 2445 1467 2478 sedem
1478 2470 1489 2486 ,
1515 2446 1550 2479 (θ’
1554 2450 1739 2486 praecipuam
1763 2456 1798 2478 ac
1808 2443 1957 2488 summam
1971 2445 2150 2490 dignitatem

1265 2494 1501 2538 &potestatem,
1528 2495 1661 2539 linguam
1667 2493 1755 2538 suam
1766 2506 1844 2528 more
1847 2493 1996 2539 serpentis
2009 2498 2146 2534 exacuit,
2165 2518 2167 2521 -

1265 2550 1363 2579 vitam
1366 2543 1478 2588 seilicet
1495 2544 1650 2588 Decefforis
1660 2550 1719 2580 mei
1740 2544 1835 2579 beatae
1857 2547 2066 2579 recordationis
2088 2546 2149 2578 Pa·

1261 2604 1313 2638 pae
1324 2595 1585 2638 Nicolailaceffere
1596 2595 1768 2629 nullomodo
1795 2604 1948 2636 metuens,
1973 2606 2023 2629 nec
2043 2593 2149 2632 nobis,

1265 2651 1315 2687 qui
1338 2647 1404 2687 ejus
1424 2649 1482 2680 vix
1506 2645 1590 2688 digni
1610 2644 1740 2687 famuli,
1764 2655 1798 2679 ut
1811 2657 1868 2679 non
1891 2646 1990 2679 dicam
2008 2643 2146 2688 sequaces

1265 2694 1453 2737 exstitimus,
1476 2703 1598 2737 parcere
1608 2703 1760 2739 utcumque
1768 2698 1945 2739 consentiens
1959 2719 1969 2735 ‚
1990 2694 2048 2738 fied
2057 2691 2148 2735 utros-

1268 2757 1324 2788 que
1344 2743 1509 2779 maledieto
1529 2751 1670 2787 impetere
1699 2769 1710 2786 ,
1736 2747 1881 2788 quantum
1905 2751 1937 2777 in
1954 2742 1988 2786 fi·
2003 2742 2090 2785 ficit,
2114 2753 2148 2775 ac

1268 2794 1576 2839 blasphemis'inficere
1589 2795 1691 2828 verbis
1702 2792 2021 2835 existimansfaffltatis
2036 2790 2149 2834 prasti-

1263 2851 1318 2888 gia
1327 2844 1439 2888 fingere
1450 2852 1572 2877 conatus
1583 2867 1594 2884 ,
1619 2844 1652 2876 Θ
1666 2841 1756 2886 nescio
1776 2855 1843 2885 quae
1857 2842 2014 2882 Pythonica
2031 2841 2150 2886 somnia

1269 2896 1320 2928 vel
1328 2902 1503 2937 argumenta
1513 2893 1697 2935 compilando
1715 2893 1904 2935 proculdubio
1929 2892 1968 2934 est
1980 2899 2150 2926 commenta-

1268 2955 1335 2978 tus.
1364 2945 1417 2978 Ex
1430 2954 1496 2987 quo
1510 2945 1613 2987 liquet
1635 2942 1815 2983 Photium,
1841 2942 1897 2977 ubi
1921 2942 1992 2986 post
2015 2941 2151 2976 submer-

1268 2996 1337 3029 sum
1351 2994 1485 3030 Petrum
1499 2992 1687 3028 Sardensem
1698 2992 1802 3027 audiit
1823 2994 1951 3028 causam
1981 2993 2072 3026 suam
2083 2990 2152 3025 Ro-

1269 3057 1330 3079 rnae
1348 3055 1417 3079 non
1431 3043 1628 3089 prosperari,
1653 3042 1764 3077 dentes
1787 3044 1861 3078 suos
1885 3043 1984 3078 etiam
2005 3042 2039 3076 in
2062 3039 2151 3075 hunc

1270 3095 1469 3130 Pontificem
1490 3094 1608 3128 acuisse
1620 3119 1627 3126 .
1753 3121 1756 3124 Α

1322 3143 1453 3179 Exinde
1463 3144 1614 3188 exposuit
1625 3144 1782 3180 Pontifex
1795 3170 1806 3187 ,
1831 3145 1937 3188 qualis
1961 3145 1994 3179 &
2013 3146 2151 3187 quantus

1273 3195 1381 3230 fuisset
1402 3193 1596 3229 Anteceffor
1616 3196 1691 3230 suus
1712 3195 1895 3236 Nicolaus,
1921 3205 1973 3240 per
1995 3192 2154 3237 imagina-

1277 3247 1359 3280 riam
1375 3242 1490 3280 Photii
1503 3245 1674 3288 synodum
1690 3245 1878 3288 nequiffime
1904 3257 1941 3280 ac
1962 3241 2088 3289 peffime
2109 3241 2151 3273 la-

1276 3305 1416 3331 ceratus.
1444 3296 1532 3330 Eum
1557 3296 1746 3331 fuiffedixit
1758 3296 1947 3334 noviffimi,
1974 3303 2027 3336 per
2049 3290 2152 3323 varias

1277 3346 1480 3381 calamitates
1500 3345 1646 3381 nebulosi
1671 3370 1683 3386 ,
1720 3347 1876 3391 temporis
1891 3351 2022 3380 ‚novum
2049 3338 2152 3376 fidus,

1279 3396 1384 3431 immo
1409 3396 1578 3436 &solem‚
1603 3395 1700 3431 nullis
1712 3406 1858 3439 unquam
1879 3391 2035 3434 prosperis
2056 3390 2155 3423 infra·

1283 3449 1392 3488 etum,
1418 3447 1516 3480 nullis
1539 3447 1675 3481 adverus
1696 3443 1940 3489 perturbatum,
1966 3440 2014 3475 uti
2038 3439 2154 3493 docuit

2040 3498 2107 3533 eJus
