2340 3762
49 1769 137 1811 Epist.
162 1782 188 1804 ι.

49 1819 77 1842 c.
93 1822 125 1848 4·

618 163 913 222 Scironis,
955 176 1018 210 ετ
1051 161 1254 212 Νοτῐε
1288 173 1668 210 ηιυετκΑτῐ.

239 256 364 302 ingreffu
380 252 518 297 Eeclqfiae
534 257 692 298 privetur.
723 253 828 303 Qiod
837 252 1006 289 decretum
1028 250 1064 285 in
1079 250 1119 285 li-

235 307 296 345 bro
316 307 377 341 suo
402 304 630 343 Poenitentiali
659 304 772 340 laudat
799 302 977 349 Gregorius
1005 301 1117 337 tertius

231 355 396 395 Pontifex
422 382 434 399 ‚
455 355 610 399 additque
619 354 833 399 quarumdam
843 353 930 398 apud
952 364 1015 387 nos
1028 352 1117 388 Lati·

57 401 129 441 C⁸P=
146 412 194 441 ²5·
234 417 299 447 nos
319 406 474 451 gentium
514 406 687 441 Canonem
706 405 908 442 contrarium
931 416 942 437 .-
979 404 1116 437 Mulieres

232 456 378 497 menstruo
403 465 530 500 tempore
557 456 715 497 Ecclefiam
741 467 799 490 non
822 460 936 488 intrent
959 477 971 493 ,
998 454 1079 497 quod
1091 451 1122 494 fi

230 503 480 551 praesumpserlnt
491 529 503 545 ,
514 513 577 539 tres
588 505 790 542 hebdomadas
798 509 968 547 poeniteant
977 527 985 534 .
1015 501 1116 547 Apud

233 556 342 600 plures
350 567 461 592 tamen
474 556 636 600 prevaluit
648 556 801 601 Gregorii
811 554 932 599 Magni
943 553 1116 588 decretum.

233 606 282 644 Et
292 605 372 641 hinc
384 605 490 642 Graeci
501 604 698 641 schismatici
709 618 770 643 nos
784 630 796 647 ,
820 605 909 648 quafi
933 604 1115 648 Dionysius

236 655 481 694 Alexandrinus
491 657 620 698 Latinae
628 656 775 698 Ecclesiae
784 654 927 703 potuerit
940 653 1118 706 praescribe-

1899 178 1993 229 163

1177 260 1209 284 re
1232 272 1243 288 ,
1269 257 1413 293 arguunt
1438 257 1476 284 ut
1502 247 1682 284 Canonum
1709 250 1987 292 praevaricatores.
2016 252 2065 287 At

1177 298 1350 335 laudabilis
1371 299 1416 342 est
1441 310 1515 343 mos
1535 309 1694 343 uterque,
1719 296 1902 350 habuitque
1925 303 1997 336 suas
2019 314 2069 336 ra·

1175 351 1298 384 tiones.
1326 350 1379 383 Ex
1400 349 1465 383 illis
1491 351 1643 393 praesens,
1670 360 1769 393 quem
1793 350 1934 384 omnino
1954 350 2068 394 proba-

1177 412 1250 435 mus
1261 425 1272 440 ,
1300 400 1421 434 Canon
1433 399 1585 434 homines
1595 398 1787 443 conjugatos
1799 408 1890 434 vetat
1919 398 2068 436 habitare

1177 451 1211 484 in
1226 450 1400 489 Ecclefiis‚
1425 460 1482 484 aut
1517 450 1634 484 vicinis
1656 448 1972 486 catechumenorum
1993 450 2067 484 aedi-

1177 499 1236 534 bus
1261 513 1270 533 z
1313 499 1408 546 Qin
1430 496 1535 533 imme»
1555 500 1655 533 etiam
1676 499 1713 534 in
1735 499 1853 535 nostris
1876 500 2067 535 caemeteriis

1178 550 1269 585 nulla
1291 548 1386 595 poffit
1410 550 1474 583 effe
1497 546 1654 589 laicorum
1674 548 1838 585 habitatio
1860 576 1867 583 .
1893 549 1984 584 Nam
2009 561 2066 594 pet

1176 611 1313 635 omnem
1327 598 1550 633 voluntarium
1562 622 1573 639 ,
1599 598 1700 634 etiam
1713 600 1926 645 conjugalem
1937 623 1949 639 ,
1973 600 2066 636 efflu-

1177 661 1258 691 xum
1268 649 1413 688 Ecclefia
1437 659 1536 696 atque
1546 648 1767 685 caemeterium
1782 651 2017 694 profanantur.

557 1023 634 1119 C
691 1025 778 1115 A
834 1029 934 1115 Ν
990 1027 1083 1114 Ο
1137 1025 1237 1111 N
1351 1020 1740 1114 XCVIII.

232 1293 441 1438 Qui
466 1296 594 1346 alteri
620 1291 875 1364 desponsam
899 1296 1124 1347 mulierem
1145 1312 1201 1346 eo
1225 1292 1369 1346 adhuc
1403 1296 1513 1344 vivo
1532 1328 1546 1354 ,
1581 1296 1654 1344 cui
1690 1293 1943 1378 desponsata
1981 1297 2061 1359 est,

413 1367 462 1421 in
484 1367 735 1435 nuptiarum
759 1366 884 1419 ducit
906 1366 1166 1419 societatem
1188 1403 1203 1428 ,
1240 1364 1445 1415 adulterii
1470 1365 1646 1416 crimini
1681 1364 1963 1434 subjiciatur.

412 1586 905 1638 SCHOLION·

289 1732 420 1768 Imilem
433 1733 607 1770 Canonem
619 1732 804 1773 habemus&
815 1737 932 1773 Siricio
945 1736 1110 1772 Pontifice

314 1783 350 1816 in
372 1784 489 1819 litteris
509 1785 551 1820 ad
567 1784 757 1821 Himerium
774 1786 876 1822 Archi
887 1807 900 1815 -
911 1788 1110 1832 Episcopum

226 1831 511 1870 Tarraconensem
522 1858 529 1866 .
556 1838 604 1869 De
621 1838 766 1878 conjugale
786 1839 947 1872 violatione
964 1836 1112 1880 requtfivi-

218 1882 261 1924 st}
271 1908 282 1924 ,
301 1883 332 1926 fi
340 1882 551 1928 desponsatam
561 1887 615 1919 alii
619 1886 754 1927 puellam
765 1889 844 1922 alter
869 1894 903 1922 in
924 1891 1111 1921 matrimonio

219 1934 306 1976 pqffit
315 1936 468 1976 acctpere?
493 1939 554 1969 Hoc
562 1947 599 1970 ne
604 1936 664 1978 fiat
675 1960 687 1977 ‚
713 1939 808 1971 modis
845 1937 978 1972 omnibus
998 1936 1110 1971 inhibe.

225 1995 315 2024 mus,
340 1990 411 2027 quia
420 1986 473 2019 illa
484 1985 643 2019 benediHio
654 2012 665 2028 ‚
691 1998 784 2029 quam
812 1997 954 2031 nupturae
970 1989 1110 2022 sacerdos

223 2038 351 2075 imponit
362 2058 372 2073 ‚
398 2036 483 2075 apud
487 2036 593 2076 fideles
604 2036 757 2079 cujusdam
765 2037 918 2082 sacrilegii
943 2037 1034 2078 instar
1047 2037 1084 2077 est
1099 2062 1110 2077 ,

49 2080 124 2120 (ἶᾶἓῖ
141 2087 187 2117 51·
219 2081 250 2125 fi
255 2083 317 2116 ulla
337 2082 556 2127 transgreffione
566 2086 710 2119 violetur.
738 2086 778 2120 In
794 2087 979 2131 Capitulari
993 2086 1108 2130 Aquis·

225 2133 373 2177 granenfi
385 2133 525 2170 Carolus
536 2134 682 2181 Magnus
696 2147 755 2181 pro
769 2141 924 2182 Nupturae
946 2136 1026 2183 legit
1042 2141 1107 2172 Nu·

1170 1593 1258 1627 ptae,
1283 1595 1380 1630 atque
1394 1582 1438 1618 ita
1449 1593 1517 1617 non
1529 1581 1571 1617 de
1592 1584 1818 1627 sponsalibus,
1844 1585 1899 1621 sed
1922 1587 1977 1632 agi
1999 1586 2073 1628 exi·

1176 1634 1285 1670 stimat
1296 1635 1337 1669 de
1352 1634 1567 1669 matrimonio
1578 1644 1652 1668 rato
1665 1660 1672 1667 .
1701 1635 1746 1670 Et
1762 1634 1848 1671 certe
1868 1636 1905 1670 in
1921 1636 2071 1681 Respon-

1174 1685 1214 1719 fis
1237 1685 1277 1720 ad
1301 1685 1520 1730 Bulgarorum
1545 1684 1735 1729 quaestiones
1761 1686 1923 1722 Nicolaus
1948 1687 2071 1732 primus

1173 1734 1334 1770 Pontifex
1354 1733 1516 1778 sponsalia
1544 1756 1555 1772 ‚
1579 1737 1786 1771 contrastum
1808 1737 2071 1779 connubialem,

1173 1784 1208 1818 &
1219 1785 1351 1829 nuptias
1362 1784 1536 1829 distinguit
1549 1794 1585 1818 ut
1596 1786 1657 1820 tria
1682 1784 1808 1821 diversa
1822 1811 1833 1828 ,
1861 1798 1917 1831 per
1937 1789 2070 1832 nuptias

1174 1834 1362 1880 intelligens
1374 1835 1579 1869 matrimonii
1592 1836 1928 1872 consummationem.
1960 1837 2068 1886 Qid-

1173 1885 1251 1929 quid
1264 1886 1323 1924 fit,
1349 1884 1447 1920 etiam
1458 1885 1618 1928 sponsalia
1633 1886 1754 1930 semper
1768 1888 2009 1923 consueverunt
2031 1889 2069 1923 in

1174 1935 1317 1970 Ecclesia
1327 1935 1421 1975 fieri,
1449 1935 1602 1970 benedici
1628 1935 1646 1969 ὲ
1670 1937 1868 1979 Sacerdote,
1893 1940 1957 1973 effe
1981 1940 2068 1973 sum-

1175 1996 1234 2019 mae
1244 1985 1483 2030 obligationis,
1511 1985 1560 2018 uti
1590 1986 1692 2028 liquet
1708 1997 1749 2020 ex
1763 1988 1905 2022 Canone
1929 1988 2067 2023 undeci-

1174 2047 1230 2070 mo
1243 2035 1428 2085 Ancyrano
1439 2059 1451 2076 ‚
1480 2035 1511 2068 δε
1525 2034 1794 2080 quinquagesimo
1811 2048 1930 2082 quarto
1956 2037 2072 2072 Elibe-

1174 2085 1258 2120 rino.
1286 2084 1412 2121 Eorum
1430 2094 1542 2122 tamen
1555 2086 1776 2130 praevaricatio
1788 2100 1859 2127 non
1871 2088 1916 2124 est
1928 2088 2067 2133 plenum

1173 2135 1369 2172 adulterium
1387 2161 1395 2169 .

526 2515 1200 2611 CANON
1352 2517 1770 2609 XCIX*

223 2764 441 2904 POrro
477 2768 562 2819 hoc
610 2789 789 2840 quoque
837 2771 886 2824 in
920 2777 1229 2826 Armeniorum
1272 2775 1448 2839 regione
1480 2771 1575 2824 ficri
1609 2772 1845 2823 didicimus
1870 2807 1883 2832 ,
1939 2772 2061 2841 quod

356 2838 537 2906 quidam
573 2842 690 2892 intus
726 2847 772 2893 in
808 2842 936 2894 sacris
972 2845 1180 2896 altaribus
1216 2849 1410 2896 carnium
1446 2845 1640 2894 membra
1687 2857 1928 2910 coquentes
1966 2844 2057 2894 fru-

362 2908 423 2957 sta
455 2910 641 2962 offerunt
668 2950 683 2974 ,
717 2914 1019 2966 Sacerdotibus
1053 2916 1223 2982 judaice
1258 2915 1564 2966 distribuentes
1596 2952 1608 2962 .

1648 2910 1868 2981 roirca
1904 2916 2058 2965 Eccle-

224 2974 327 3024 fiam
363 2979 685 3033 immaculatam
720 2983 937 3036 servantes
965 3023 979 3048 ‚
1031 2987 1256 3038 statuimus
1291 2988 1401 3037 nulli
1437 2988 1568 3035 licere
1603 2982 1824 3034 Sacerdoti
1858 2981 2057 3054 separata

222 3048 416 3095 carnium
454 3052 648 3102 membra.
681 3054 738 3105 ab
771 3055 1051 3107 offerentibus
1086 3061 1280 3127 accipere
1308 3094 1322 3119 ‚
1357 3056 1429 3107 scd
1465 3059 1519 3105 iis
1553 3055 1637 3104 sint
1672 3058 1909 3117 contenti,

1957 3075 2056 3125 quae

222 3114 422 3167 offerenti
457 3119 547 3169 visa
583 3122 743 3175 fuerint
783 3163 796 3187 ‚
842 3127 1052 3194 ejusmodi
1101 3129 1327 3180 oblatione
1374 3127 1487 3177 facta
1522 3140 1645 3176 extra
1679 3126 1923 3180 Ecclesiam
1944 3162 1958 3177 .
2006 3128 2052 3177 Si

222 3190 324 3258 quis
357 3203 503 3239 autem
538 3190 623 3241 hoc
658 3212 748 3246 non
782 3197 934 3249 fecerit
962 3235 975 3263 ‚
1023 3198 1291 3264 segregetur.

744 3356 1526 3458 gabauranamma&

324 3491 430 3544 chrm.
448 3506 528 3549 Lupi
538 3507 625 3551 oper.
637 3507 717 3542 vom.
730 3508 788 3543 111.

1505 3509 1540 3545 X
1591 3522 1619 3550 2
1865 3507 2006 3543 SCHO·
