2340 3762
639 169 946 225 ScHOL115‚
984 180 1046 212 ET
1080 165 1274 214 Nous
1310 155 1681 215 utusraa‘u.

296 248 455 296 :Antiqua
467 252 617 289 Ecclefiae
626 253 799 298 disciplina
811 254 873 289 fuit
882 251 981 298 longe
992 250 1137 288 sanatio:-

252 301 310 339 Ἐκ
319 312 356 335 ea
368 304 459 337 enim
473 306 626 344 Sanctum
638 304 838 347 Dionysium
849 328 861 344 ‚
872 303 1136 342 Alexandrinum

249 350 454 396 Episcopum
474 379 486 395 ‚
523 356 616 393 suum
633 352 855 394 patriarcham
868 354 882 394 ‚'
919 352 1136 398 interrogavit

248 399 335 434 olim
348 402 501 439 Basilides
513 403 659 449 AEgypti
678 404 877 450 Episcopus,
896 406 970 447 ,Qua
993 403 1064 436 bora
1087 404 1137 436 die

247 449 600 496 ‹Pascbaesolvendumfit
611 456 791 496 jejunium?
818 457 910 497 Ajens
931 454 1046 496 aliquos
1065 453 1136 496 fra-

248 508 314 533 tres
325 504 438 544 dicere,
460 506 542 546 quod
551 513 681 546 oporteat
695 505 791 539 hocin
810 506 888 549 galli
906 513 995 537 cantu
1010 504 1133 546 facere3

247 551 324 583 alios
332 556 404 586 vero
415 577 427 593 ,
453 556 535 596 quod
546 554 665 598 vespert³
674 558 712 589 id
715 550 886 597 faciendum
890 553 929 596 fit
941 579 949 587 .
973 557 1038 598 ‚Qui
1055 559 1134 591 enim

249 603 353 635 Romae
358 600 433 645 fient
437 604 558 645 fratres
570 629 581 646 ,
602 607 720 649 gallum
740 603 928 649 exspecqant.
956 608 1003 638 De
1022 610 1060 637 iis
1081 615 1130 638 aa·
1151 641 1158 645 ,

250 660 332 691 tem,
355 653 567 698 quibicfimt,
592 657 677 690 dixit
686 657 766 699 quod
773 656 879 693 citius.
909 655 1000 689 Ante
1011 655 1131 689 Domi-

246 700 331 734 nicae
350 702 625 747 Resurre-stionis,
649 717 747 749 quam
770 703 912 742 omnino
936 704 1064 740 constat
1086 704 1131 738 fa-

244 751 331 784 stam
352 753 394 787 de
414 757 530 801 noste,
556 758 714 800 punctum
735 768 802 791 non
826 755 1020 794 solvendum
1046 754 1128 794 istud

243 799 427 850 jejunium,
463 807 608 849 antiquis
631 803 827 842 Christianis
851 814 917 839 erat
943 814 1068 842 certum
1095 805 1128 838 &

243 850 367 894 fixum
395 863 429 887 at
438 855 514 896 quia
524 857 681 898 punctum
692 854 776 889 istud
788 857 910 899 semper
921 855 1038 898 latuit,
1058 864 1127 888 erat

239 899 336 934 locus
345 902 476 942 diversae
485 903 712 942 consuetudini
726 906 760 938 ὅ(
771 904 940 946 quaestioni
950 930 957 937 .
981 904 1127 947 Respon-

240 947 293 982 dit
314 951 392 985 vero
415 953 563 991 laudatus
583 953 767 998 Dionysius
781 979 788 986 .
816 958 903 996 Eos,
930 960 982 998 qui
1001 956 1126 987 nimium

231 997 403 1045 festinant,
428 1005 463 1039 (9⁴
488 1006 581 1046 paulo
609 1012 679 1038 ante
702 1006 831 1038 mediam
850 1005 963 1038 nocqem
977 1007 1126 1047 jejunium

228 1048 385 1095 frangunt
396 1077 408 1093 ‚
435 1062 470 1086 ut
483 1057 661 1099 negligentes
681 1066 716 1088 ac
725 1060 958 1098 intemperantes
971 1055 1125 1098 reprehen-

238 1100 353 1146 dimus;
385 1115 431 1136 eos
443 1102 562 1145 autem;
587 1112 640 1147 qui
647 1104 811 1146 differunt,
838 1108 873 1140 &⁵
888 1107 1050 1148 plurimum
1059 1115 1124 1148 per,

230 1148 355 1196 ferunt,
381 1155 468 1187 &ad
475 1164 614 1196 quartam
636 1154 724 1199 usque
736 1157 874 1200 vigiliam
885 1155 1013 1198 fhrtiter
1038 1156 1124 1198 absti-

236 1211 310 1235 nent
319 1226 331 1243 ‚
359 1213 392 1236 ut
399 1204 553 1249 generosos
562 1217 599 1243 ac
610 1206 742 1242 laborum
753 1208 916 1244 tolerantes
925 1204 1103 1250 sufiipimus
1116 1232 1122 1238 .

235 1250 386 1298 Qidam
399 1257 534 1293 cunc‘ios
547 1280 557 1296 ,
583 1256 718 1300 quidam
739 1256 883 1299 quinque
892 1267 947 1290 aut
960 1267 1100 1300 quatuor
1111 1281 1122 1296 ‚

234 1302 370 1345 quidam
392 1306 561 1347 pauciores
587 1304 718 1348 maj0ris
738 1303 952 1340 hebdomadae
963 1306 1032 1340 dies
1057 1307 1123 1340 sine

234 1353 330 1386 omni
343 1353 418 1387 cibo
431 1355 668 1400 transigebant:
688 1355 820 1395 Horum
833 1356 983 1394 omnium
994 1357 1040 1390 ait
1052 1368 1121 1390 non

234 1401 299 1434 esse
308 1413 418 1443 parem
429 1405 664 1442 condicionem
679 1429 687 1440 .
1123 1430 1125 1432 >

285 1449 390 1483 Porro
410 1453 570 1485 rationem
587 1475 598 1492 ,
625 1463 665 1486 ex
680 1462 744 1495 qua
756 1453 937 1490 etiamnum
958 1452 1064 1486 Graeci
1086 1453 1121 1487 &

232 1510 351 1534 omnes
370 1500 454 1533 olim
468 1500 580 1536 Latini
602 1502 712 1536 nolint
733 1513 771 1535 ac
792 1503 959 1536 noluerint
981 1502 1120 1546 jejunare

233 1561 334 1586 omne
344 1549 544 1585 Sabbathum
557 1576 568 1592 ,
593 1550 695 1585 edicit
706 1551 841 1590 Sanetus
865 1552 1070 1598 Augustinus
1085 1554 1119 1587 in

234 1600 351 1634 litteris
363 1601 403 1635 ad
415 1602 615 1641 Casulanum
628 1601 857 1644 Presbyterum
868 1628 875 1634 .
904 1615 921 1635 ,ε
929 1605 953 1635 d
955 1602 1120 1647 fignifican-

234 1652 307 1686 dam
316 1657 447 1693 requiem
460 1653 660 1695 sempiternae
672 1651 884 1690 beatitudinis
896 1677 906 1698 ‚
931 1665 998 1695 quae
1011 1654 1060 1685 illo
1070 1654 1119 1689 die

233 1710 291 1744 per
311 1700 452 1735 Domini
477 1702 543 1735 Dei
564 1702 605 1736 ab
623 1703 718 1736 omni
731 1713 829 1745 opere
846 1704 905 1737 suo
917 1705 1059 1746 requiem
1083 1704 1118 1737 δε

230 1750 441 1784 cessationem
450 1751 617 1794 fignificata
631 1753 690 1792 est,
720 1752 891 1792 ,Christiana
906 1752 1065 1797 sobrietate
1085 1755 1118 1787 (a

227 1799 410 1844 frugalitate
436 1799 586 1844 servata,
616 1804 730 1845 jejunit
753 1805 903 1836 vinculum
928 1805 1115 1836 relaxamus.

232 1850 387 1894 Uterque
398 1862 470 1885 mos
479 1851 524 1885 est
535 1853 677 1886 omnino=
702 1852 809 1886 bonus
834 1855 868 1887 <Sc
885 1854 1024 1886 sanstus.
1053 1853 1113 1888 Ec-

231 1900 325 1934 clesia
344 1902 433 1938 enim
445 1902 572 1936 diversis
594 1903 652 1936 sub
672 1912 742 1939 un‘o
760 1903 915 1947 dogmate
938 1903 1055 1937 ritibus
1067 1916 1117 1937 or-

230 1962 308 1985 nata
320 1951 365 1984 est
391 1952 503 1996 regina
516 1953 758 1988 circumamicta
772 1953 984 1992 varietatibus
996 1978 1006 1992 ‚
1026 1954 1115 1989 ideo-

229 2012 295 2044 que
307 2001 425 2035 merito
434 2002 553 2036 clamat
575 2004 694 2037 assidue
713 2004 866 2046 pacificus
888 2003 1113 2048 Augustinus:

231 2055 432 2092 Nequaquam
443 2053 479 2084 de
488 2055 590 2094 Regiae
599 2053 687 2092 vestis
700 2059 846 2086 varietate
857 2056 1035 2097 litigandum
1044 2076 1055 2092 ‚
1080 2065 1114 2087 ne

232 2099 319 2141 ipsius
340 2103 465 2144 Regina·
475 2125 485 2142 ‚
511 2101 560 2133 ubi
569 2112 659 2134 unam
668 2102 761 2144 fidem
773 2109 865 2135 etiam
878 2105 917 2136 de
928 2103 996 2146 ipsa
1016 2110 1113 2146 requie

228 2156 391 2184 retinemus
402 2175 413 2190 ‚
438 2156 579 2187 interiora
594 2152 727 2187 membra
738 2164 881 2186 vexemus
893 2178 900 2185 .
938 2152 1018 2187 Hoc
1040 2153 1085 2189 est
1101 2178 1111 2194 ,

227 2210 266 2233 ut
277 2200 480 2239 manducans
499 2213 567 2235 non
587 2202 844 2240 manducantem
869 2213 936 2237 non
961 2205 1110 2246 spernat,

225 2250 262 2284 &
283 2261 352 2284 non
374 2252 577 2286 manducans
598 2253 852 2290 manducantem
875 2265 944 2287 non
967 2251 1109 2296 judicet,

225 2299 279 2332 sed
293 2301 483 2336 inoffensam
495 2303 704 2347 fraternitati-s
727 2304 913 2339 societatem
933 2304 1107 2339 servemus.

225 2350 317 2396 Qia
327 2351 402 2383 vero
416 2351 562 2394 tuncsola
575 2364 639 2385 cum
649 2351 937 2395 quibusdampautis
951 2377 961 2393 ,
987 2354 1048 2388 five
1060 2354 1107 2390 illi

223 2401 384 2442 proximis
395 2401 459 2436 sive
478 2401 691 2450 longinquIs,
719 2402 871 2437 Romana
885 2402 1052 2440 Sabbatho
1067 2403 1108 2447 jer

222 2448 356 2491 junabat
369 2451 510 2489 Ecclesia
527 2477 537 2492 ‚
564 2453 682 2486 Sansto
702 2453 894 2498 Augustino
918 2454 1022 2500 magis
1046 2454 1107 2498 pla·

223 2499 292 2532 cuit
303 2511 373 2534 mos
384 2501 559 2547 antiquus.-
586 2505 707 2542 sentio,
732 2504 864 2547 inquit,
890 2503 1106 2547 adstjgntfican-

223 2549 296 2585 ,dam
316 2557 446 2592 requiem
459 2549 695 2593 sempiternam,
727 2553 778 2586 ubl
801 2554 841 2594 est
863 2566 968 2590 verum
997 2555 1107 2588 Sabba-

221 2597 307 2635 ‚tbum
330 2624 340 2639 ‚
368 2602 580 2638 relaxationem
599 2627 610 2642 ,
637 2614 728 2645 quam
747 2603 973 2644 constricflionem
991 2607 1105 2646 jejunit·

219 2650 321 2690 aptius
336 2657 492 2685 convenire
513 2678 520 2685 .
548 2651 673 2690 Verum
686 2652 839 2687 Romana
863 2654 1003 2687 Ecclesia
1029 2655 1104 2689 sem-

220 2699 387 2745 pervincit
405 2713 412 2732 ε
441 2702 525 2739 Earn
538 2702 669 2736 tandem
682 2704 790 2740 secuta
799 2703 844 2737 est
867 2704 975 2737 omnis
986 2704 1103 2749 Hispa-

222 2749 276 2786 nia
298 2773 309 2789 ‚
346 2751 522 2794 omnisque
544 2751 654 2787 nostra
677 2752 806 2791 Eccefia
828 2753 1000 2788 Gallicana
1019 2779 1030 2795 ‚
1056 2756 1103 2793 uti

220 2807 309 2845 patet
318 2811 359 2835 ex
369 2801 507 2843 Synodo
519 2800 699 2846 Agathensi
717 2828 726 2843 ‚
753 2814 866 2846 quarta
891 2803 1102 2840 Aurelianen-

221 2847 267 2885 fi,
290 2849 324 2883 δε
345 2850 527 2895 Capitulari
554 2853 662 2887 Sancti
689 2850 909 2898 Theodulphi
949 2855 1101 2900 Episcopi

221 2894 462 2937 Aurelianensis
489 2927 499 2943 ,
536 2902 768 2940 mandantibus
789 2905 823 2941 in
851 2905 1101 2952 Qadragesima

219 2946 320 2984 ttiam
333 2948 490 2985 Sabbatha
501 2951 634 2995 jejunari
649 2978 660 2993 ‚
687 2954 826 2998 solisque
838 2955 1026 2991 Dominicis
1036 2956 1098 2990 die·

220 2995 283 3030 bus
296 2997 397 3032 laxari
409 3000 568 3043 jejunium
579 3027 586 3034 .
613 3003 671 3037 An
685 3005 794 3040 omnis
807 3005 916 3041 Gallia
928 3016 1000 3040 toto
1013 3017 1100 3040 anno

218 3046 376 3082 Sabbathi
399 3047 554 3091 jejunium
575 3055 729 3098 receperit
748 3079 759 3095 ‚
787 3056 893 3091 nolim
913 3056 1098 3091 adfirmare-

216 3094 456 3136 Posterior->ibus
476 3099 624 3135 Ecclefiae
635 3104 755 3140 saeculis
780 3106 885 3149 ipsum
910 3106 1098 3142 introduxe-

217 3157 296 3186 runt
309 3148 442 3186 Sanetus
467 3148 581 3187 Petrus
595 3151 753 3187 Damiani
768 3179 779 3194 ,
805 3155 985 3199 Gregorius
1007 3158 1098 3200 septi-

216 3208 292 3244 mus
320 3197 503 3240 PontifeX,
529 3201 563 3239 ὃς
584 3200 744 3238 Urbanus
770 3204 945 3248 secundus:
973 3206 1021 3240 At
1043 3219 1097 3250 po-

215 3246 285 3281 tius
310 3248 344 3281 in
372 3247 520 3292 Deiparae
533 3248 703 3293 Virginis,
731 3264 829 3295 quam
852 3255 885 3286 in
914 3255 1098 3292 Dominicae

217 3298 386 3340 sepulturae
412 3310 448 3335 ac
465 3299 661 3342 Apostolicae
676 3301 810 3336 tristitiae
832 3301 995 3341 honorem
1011 3330 1018 3337 .
1045 3307 1097 3343 Ex

217 3357 333 3383 totum
345 3349 524 3392 praescripto
538 3350 720 3383 etiamnum
733 3349 832 3388 hodie
843 3363 899 3394 per
910 3363 1010 3392 omne
1021 3355 1097 3391 Sab-

219 3394 357 3434 bathum
368 3399 386 3433 a
397 3399 546 3433 carnibus
557 3399 694 3434 abstinet
706 3400 845 3435 Ecclesia
860 3401 977 3440 Latina
991 3428 997 3435 .

269 3446 386 3487 Tertia
397 3448 534 3499 quaestio
545 3449 590 3486 est
605 3474 616 3495 2
642 3450 699 3487 An
710 3451 971 3501 quadragesima:
981 3454 1098 3490 Domi-

1920 191 2015 230 109

1200 249 1283 285 nicis
1293 250 1409 285 diebus
1420 249 1525 284 Graeci
1549 250 1680 294 antiqui
1693 250 1791 285 etiam
1810 266 1922 289 carnes
1941 253 2080 289 mandu-

1199 302 1303 335 carint
1319 302 1332 334 ?
1358 301 1422 336 Pro
1436 310 1525 344 parte
1535 299 1739 336 adfirmativa
1752 303 1830 335 facit
1845 305 1878 337 in
1891 305 2078 340 Florentini

1202 350 1347 386 Concilii
1361 349 1495 384 historia
1517 350 1677 397 Sylvester
1699 352 1922 395 Sguropulus‚
1947 353 2076 394 §Latinis

1197 401 1360 435 erroribus
1371 401 1587 438 adnumerans
1599 425 1610 442 ‚
1634 402 1716 443 quod
1736 402 1874 436 dicamus
1892 413 1950 435 non
1968 405 2074 444 licere,
2091 404 2140 436 L-1
2148 412 2173 436 ι.
2186 410 2254 444 ca,

1198 453 1325 484 durante
1338 450 1592 495 ,Quadragefima‚
1618 451 1666 486 bis
1692 456 1724 483 in
1740 449 1913 494 septimana
1933 452 2075 484 carnibus

1196 501 1299 544 vesci.
1321 501 1365 535 Et
1377 501 1531 546 antiquus
1541 501 1730 535 Graecorum
1747 502 1866 537 Canon
1879 526 1890 543 ,
1914 503 2074 537 adductus

1194 551 1212 585 a
1227 551 1387 586 Trastatu
1410 550 1788 593 Constantinopolitano
1811 552 1946 589 Patrum
1959 550 2075 586 Praedi-

1193 613 1341 636 catorum
1355 614 1362 634 :
1388 603 1422 633 Si
1431 607 1497 642 quis
1510 610 1614 636 carnes
1638 600 1674 632 (θ’
1685 602 1780 634 caules
1792 607 1825 636 in
1836 604 1884 638 die
1905 606 2076 642 Domintco,

1192 652 1290 686 etiam
1314 663 1371 695 per
1386 650 1678 697 Quadragefimam
1690 674 1702 691 ‚
1728 662 1784 684 non
1803 655 1960 687 comederit
1972 678 1983 694 ,
2008 653 2076 688 Cle-

1191 707 1267 735 ricus
1291 703 1457 743 deponatur
1482 726 1493 742 ‚
1518 702 1614 735 laicus
1642 708 1910 735 excommunicetur
1932 728 1939 735 .
1967 699 2077 737 Addit

1191 752 1363 789 Tractatus
1384 753 1498 787 omnia
1518 749 1605 794 apud
1626 750 1702 785 illos
1724 748 1888 786 Sabbatha
1901 776 1910 791 ,
1937 761 2078 796 excepto

1191 812 1280 843 uno,
1306 804 1368 836 esse
1380 801 1614 841 celeberrima,
1639 800 1805 844 epulisque
1830 825 1841 842 ,
1869 800 2015 842 balneis,
2041 803 2076 836 ὃς

1189 852 1319 885 ludicris
1328 851 1500 887 celebrari.
1529 851 1595 885 Pro
1607 862 1697 894 parte
1719 862 1830 886 autem
1852 852 2007 896 negativa
2029 853 2075 886 fa-

1187 902 1232 936 cit
1241 901 1415 936 austeritas
1426 900 1614 944 Theophili
1626 900 1818 937 Patriarchae
1828 900 2074 942 Alexandrini,

1186 952 1389 986 rescribentis
1402 951 1591 988 Dominicae
1605 951 1798 998 Epiphaniae
1820 951 1986 998 Vigiliam
1998 976 2009 992 ‚
2036 951 2073 985 in

1187 1002 1240 1037 die
1261 1002 1444 1039 Dominica
1470 1012 1719 1043 occurrentem,
1746 1014 1815 1039 non
1843 1001 1980 1047 quidem
1998 1001 2074 1046 jeju-

1187 1053 1327 1087 nandam
1351 1078 1362 1094 ‚
1387 1051 1618 1089 honorandam
1646 1062 1755 1087 tamen
1781 1052 1977 1088 abstinentia
2004 1062 2075 1086 car.

1186 1102 1278 1137 nium
1300 1127 1311 1144 ‚
1339 1104 1373 1137 δε
1400 1102 1476 1136 solis
1494 1104 1634 1146 dactylis
1652 1112 1733 1138 tunc
1759 1102 1973 1137 vistitandum
1992 1126 1999 1133 .
2026 1101 2072 1135 Et

1185 1152 1275 1197 quod
1286 1153 1371 1188 olim
1382 1153 1532 1189 Armenii
1544 1154 1579 1188 in
1599 1152 1881 1189 Annunciationis
1906 1151 1988 1188 festo
2001 1161 2071 1185 non

1187 1204 1243 1237 nifi
1259 1228 1270 1243 ,
1298 1204 1397 1248 idque
1408 1215 1449 1237 ex
1461 1204 1590 1248 speciali
1602 1204 1761 1238 Romanae
1789 1202 1941 1240 Ecclefiae
1961 1202 2070 1235 imita-

1186 1254 1300 1295 tione,
1326 1255 1438 1288 oleum
1465 1256 1499 1289 ὅ(
1513 1254 1612 1298 pisces
1634 1254 1864 1295 comederint,
1888 1250 1973 1296 apud
1994 1250 2071 1285 Cle-

1185 1314 1327 1338 mentem
1338 1304 1506 1338 Galanum
1529 1305 1665 1338 testatur
1686 1304 1720 1338 in
1746 1304 1864 1340 litteris
1885 1303 1925 1337 ad
1938 1302 2072 1344 Hayto-

1186 1365 1259 1387 nem
1273 1354 1400 1398 Regem
1413 1353 1600 1390 patriarcha
1614 1354 1793 1398 Gregorius
1804 1354 1941 1389 Sisensis.
1967 1349 2071 1398 Qod

1182 1403 1296 1435 eadem
1311 1404 1344 1435 in
1357 1404 1619 1451 Qadragesimae
1630 1404 1818 1439 Dominicis
1844 1404 1877 1436 δε
1897 1401 2070 1435 Sabbathis

1182 1450 1391 1484 comederent
1412 1475 1423 1490 ,
1459 1462 1516 1486 eos
1541 1452 1679 1495 graviter
1714 1453 1820 1496 arguit
1860 1449 2070 1494 Nicephorus

1182 1500 1332 1534 Calixtus
1344 1526 1352 1533 .
1379 1501 1490 1548 Qare
1516 1501 1634 1535 merito
1647 1501 1782 1536 Parrum
1806 1501 1862 1535 ille
1874 1501 2068 1534 Praedicato..

1181 1562 1254 1585 rum
1266 1550 1441 1585 Trastatus
1466 1551 1642 1587 adductum
1675 1553 1863 1586 Graecorum
1892 1551 2067 1585 Canonem

1181 1602 1226 1635 ait
1239 1603 1301 1635 effe
1315 1600 1483 1635 novellum
1510 1612 1737 1637 commentum
1764 1599 2065 1636 schismaticorum.

1182 1651 1237 1684 Est
1255 1648 1447 1695 Nicephoro
1461 1651 1597 1689 Calixto
1619 1650 1761 1686 omnino
1787 1651 1963 1696 posterior.

1229 1702 1357 1750 Qarta
1377 1702 1507 1744 quaestio
1518 1702 1563 1735 est
1575 1727 1585 1743 ‚
1612 1701 1664 1735 Ex
1677 1713 1740 1745 qua
1752 1704 1847 1736 causa
1873 1702 1907 1735 &
1918 1713 2066 1745 tempore

1180 1753 1278 1785 fuerit
1304 1762 1371 1785 tam
1396 1752 1555 1786 aLatinis
1581 1753 1678 1793 quam
1704 1751 1855 1786 aGraecis
1870 1751 2066 1785 damnatum

1179 1801 1367 1835 Dominicae
1388 1801 1572 1844 jejunium?
1599 1802 1799 1844 Respondeo
1819 1801 1927 1846 primo
1940 1825 1951 1841 ‚
1977 1801 2066 1835 dam-

1179 1852 1349 1886 nationem
1371 1852 1461 1885 illam
1473 1852 1506 1885 in
1520 1862 1656 1896 utraque
1671 1851 1808 1887 Ecclesia
1824 1851 2066 1897 fuifferigidis-

1176 1902 1289 1935 simam
1307 1924 1316 1935 .
1340 1905 1703 1943 DieDomtnicojejunare
1715 1926 1725 1941 ,
1750 1903 1859 1945 inquit
1878 1901 1919 1935 ad
1932 1902 2067 1938 Casula-

1177 1963 1255 1985 num
1265 1954 1398 1988 Sanstus
1407 1950 1615 1997 Augustinus
1625 1979 1635 1994 ,
1656 1952 1838 1996 scandalum
1850 1952 1888 1993 est
1899 1964 2040 1995 magnum
2050 1978 2064 1994 ,

1176 2002 1317 2044 nist‘forte
1338 2003 1448 2044 aliquis
1460 2004 1583 2038 idoneus
1590 2003 1629 2042 fit
1639 2005 1722 2036 nulla
1731 2003 1885 2043 refechone
1896 2001 2064 2044 interpofita

1175 2054 1257 2085 ultra
1266 2051 1484 2088 hebdomadam
1491 2061 1666 2094 perpetuare
1683 2054 1834 2095 jejunium
1849 2079 1859 2094 ‚
1886 2060 1919 2085 ut
1941 2055 2060 2093 jejunio

1173 2104 1375 2146 quadraginta
1387 2103 1503 2136 dierum
1514 2127 1524 2142 ,
1552 2105 1697 2145 quantum
1715 2110 1848 2144 potuerit
1862 2129 1870 2142 ‚
1898 2109 2061 2145 appropin-

1174 2162 1261 2194 quet,
1281 2151 1353 2194 ficut
1366 2153 1584 2199 aliquosfewffe
1603 2160 1811 2197 cognovimus.
1841 2157 1929 2186 Nam
1957 2155 1991 2187 <5
2016 2155 2060 2185 ad

1173 2201 1270 2246 ipsum
1294 2204 1569 2245 quadragenarium
1594 2214 1746 2237 numerum
1768 2204 1932 2246 pervenisse
1957 2215 2059 2245 quem-

1173 2254 1244 2285 dam
1255 2277 1266 2293 ,
1292 2255 1311 2287 ἂ
1314 2253 1471 2294 fratribus
1484 2253 1547 2295 fide
1562 2255 1733 2298 drgntffimis
1747 2254 1830 2288 nobis
1844 2253 2056 2296 adseveratur»

1171 2303 1209 2344 est
1221 2329 1228 2335 .
1256 2304 1516 2346 ,Quemadmodum
1528 2310 1606 2336 enim
1618 2314 1754 2340 veterum
1769 2307 1898 2336 Patrum
1919 2310 2057 2346 tempori.

1172 2353 1224 2386 bus
1238 2352 1342 2396 Moyses
1370 2356 1404 2387 (35
1418 2354 1508 2388 Elias
1529 2352 1608 2386 nihil
1624 2363 1726 2387 contra
1738 2355 1874 2397 prandia
1896 2353 2057 2386 sabbatho-

1170 2416 1237 2436 rum
1242 2403 1380 2444 fecerunt
1391 2428 1401 2443 ,
1430 2404 1494 2435 cum
1507 2403 1610 2436 diebus
1624 2406 1830 2450 quadraginta
1845 2406 2051 2447 jejunarunt3

1171 2455 1215 2486 itit
1227 2460 1275 2495 qui
1284 2458 1411 2497 potuerit
1421 2451 1533 2498 septem
1561 2455 1624 2486 dies
1629 2450 1800 2495 jejunando
1821 2454 1945 2495 transire
1958 2479 1969 2494 ,
1996 2466 2055 2487 non

1162 2503 1218 2546 fibi
1235 2505 1278 2535 ad
1288 2504 1495 2545 jejunandum
1517 2505 1602 2548 eligit
1625 2508 1807 2537 Dominicum
1830 2506 1910 2537 diem
1923 2529 1933 2544 ,
1954 2502 2054 2546 sedin

1168 2561 1205 2587 iis
1222 2565 1285 2586 eum
1299 2559 1439 2593 invenit,
1466 2566 1538 2596 quos
1547 2557 1759 2597 jejunaturum
1776 2553 1810 2600 fi*
1828 2556 1977 2596 plurimos
1999 2566 2052 2588 vo-

1168 2611 1216 2638 vit
1233 2629 1240 2636 .
1270 2603 1439 2647 Ejusmodi
1468 2605 1674 2639 auctoritates
1702 2603 1859 2638 habemus
1885 2606 1991 2647 plures
2017 2605 2053 2638 ὅς

1169 2655 1345 2688 Canonum
1373 2654 1406 2688 &
1428 2653 1582 2690 Patrum‘
1610 2654 1698 2687 Nam
1726 2656 1759 2688 ὃ(
1789 2654 1974 2687 Eustatium
1998 2653 2053 2686 Se-

1168 2704 1334 2739 bastenum
1364 2703 1585 2747 Episcopum,
1614 2706 1725 2747 primae
1736 2705 1901 2738 Armeniae
1928 2703 2052 2738 Metro-

1165 2755 1323 2798 politam,
1350 2753 1440 2797 quod
1453 2754 1506 2791 die
1520 2755 1698 2789 Dominica
1719 2780 1728 2794 ‚
1755 2754 1832 2788 licet
1855 2765 1922 2787 non
1946 2753 2054 2796 super-

1166 2805 1308 2839 stitionis
1328 2827 1338 2846 ‚
1363 2804 1415 2841 sed
1441 2805 1688 2839 exercitationis
1714 2806 1806 2838 causa
1832 2803 2049 2845 jejunandum

1162 2854 1292 2890 doceret
1315 2878 1325 2893 ‚
1358 2855 1525 2891 damnavit
1550 2855 1704 2901 Synodus
1731 2853 1930 2897 Gangrensis
1955 2879 1962 2886 .
2003 2853 2048 2889 Et
2070 2841 2146 2883 Cull’·
2166 2848 2212 2877 ¹8·

1164 2904 1373 2949 Theophilus
1384 2904 1570 2939 Patriarcha
1584 2904 1834 2939 Alexandrinus
1861 2904 1963 2937 etiam
1975 2903 2049 2938 Do-

1163 2956 1290 2990 minicae
1318 2954 1509 2999 Epiphaniae
1520 2954 1702 2999 Vigiliam,
1729 2953 1763 2986 in
1784 2953 1964 2988 Dominica
1991 2954 2046 2989 die

1161 3015 1406 3044 occurrentem,
1432 3006 1587 3047 rescripsit
1611 3003 1795 3038 nullatenus
1816 3003 2046 3046 jejunandam.

1163 3056 1213 3089 Ex
1227 3055 1341 3089 eadem
1364 3054 1473 3099 regula
1504 3065 1562 3087 nos
1574 3053 1687 3087 Latini
1714 3052 2046 3098 omnemVigiliam,

1161 3117 1214 3139 aut
1226 3104 1312 3139 certe
1321 3105 1389 3151 ejus
1397 3104 1556 3151 jejunium
1569 3104 1790 3141 transferimus
1801 3106 1834 3139 in
1845 3100 2044 3140 Sabbathum

1162 3155 1340 3199 praecedens
1360 3180 1367 3190 ‚
1942 3157 1945 3161 ’

1210 3204 1406 3248 Respondeo
1419 3202 1561 3238 secundo
1573 3229 1584 3244 ,
1610 3202 1859 3242 damnationem
1873 3205 1958 3241 hanc
1972 3217 2040 3243 non

1161 3257 1220 3289 effe
1231 3255 1406 3290 Canonem
1417 3253 1647 3298 Apostolicum
1659 3280 1666 3287 .
1691 3255 1825 3292 Etenim
1838 3256 2037 3301 Apostolum

1160 3305 1296 3341 Paulum
1312 3328 1321 3343 ,
1348 3304 1381 3338 &
1402 3304 1559 3347 plurimos
1580 3316 1657 3339 cum
1677 3305 1738 3341 illo
1753 3306 1863 3344 fideles
1883 3313 1916 3344 tn
1938 3306 2039 3339 diebus

1161 3353 1356 3394 Pentecostes,
1382 3355 1455 3390 &in
1478 3356 1526 3388 dte
1537 3356 1686 3391 Dominico
1696 3357 1842 3400 jejunasse
1853 3382 1864 3398 ‚
1890 3368 1930 3390 ex
1947 3355 2039 3387 Affis

1159 3403 1359 3447 Apostolicis
1368 3403 1505 3440 advertit
1517 3405 1551 3437 in
1567 3405 1712 3448 Epistola
1725 3407 1764 3439 ad
1778 3406 1947 3440 Licinium
1962 3405 2039 3437 San·
2063 3413 2197 3452 spinas.

1157 3456 1223 3491 estus
1246 3452 1490 3497 Hieronymus.
1518 3453 1563 3490 Et
1572 3455 1691 3491 exinde
1713 3453 1974 3536 ΡτὶῑείΗὶεηῑίίιῗξ
1995 3453 2036 3490 ad.

1956 3514 1986 3538 ie

2094 1391 2125 1422 11³.
2145 1400 2213 1428 450.

2092 1508 2254 1544 10180053.
