2340 3762
621 141 940 201 δεεστ-ηεξ
974 155 1042 189 ετ,
1071 136 1268 190 Nous
1304 155 1679 191 ntum-nnn.

1895 162 2000 211 1132

580 324 662 421 C
717 327 803 413 A
857 328 958 416 N
1013 324 1105 417 O
1160 324 1272 412 N
1354 322 1724 415 LVIII.

385 543 499 592 Emo
533 558 683 592 eorum
706 580 720 605 ‚
766 546 846 611 qui
884 542 979 592 sunt
1030 544 1078 592 in
1116 538 1269 590 ordine
1307 540 1515 589 laicorum
1536 572 1550 598 ,
1598 539 1753 589 divina
1790 538 1868 590 fibi
1907 538 2069 621 myste->

416 615 483 662 ria
518 614 740 682 impertiat
777 612 980 683 praesente
1017 608 1236 681 Episcopo
1262 648 1276 673 ,
1334 612 1404 661 vel
1444 607 1705 677 Presbytero
1729 645 1743 668 ,
1791 612 1864 660 vel
1901 615 2066 663 Draco-

235 700 300 733 no
335 681 355 730 .’
398 685 489 754 Qi
528 701 676 735 autem
717 686 803 736 tale
841 683 950 752 quid
985 684 1110 741 ausus,
1149 680 1278 730 fuerit
1317 718 1330 742 ,
1366 696 1415 733 ut
1458 695 1663 750 praeterea
1706 696 1805 745 quae
1838 679 1934 730 sunt
1959 701 2068 732 con·

236 753 389 803 stituta
428 754 588 804 faciens
623 792 636 816 ,
673 773 757 805 una
796 754 1036 823 septimana
1071 751 1308 814 segregetur
1349 787 1363 814 ,
1410 755 1453 802 &
1492 768 1545 801 ex
1585 768 1640 800 eo
1687 748 1895 800 doceatur
1940 768 2069 802 ηοω

237 825 426 892 amplius
463 823 661 892 sapere,
694 842 827 894 quam
886 824 1028 895 sapere
1058 837 1256 891 oportet.

434 1013 923 1062 Scnomon.

324 1156 427 1192 Anon
448 1158 519 1205 ogit
529 1159 570 1194 de
578 1160 708 1204 publica
722 1159 933 1198 Eucharistiae
956 1164 1043 1200 intra
1059 1165 1120 1200 Ec-

347 1208 476 1244 clesiam
497 1209 783 1247 administratione
796 1237 806 1252 ,
834 1214 1060 1259 majoremque
1081 1215 1122 1249 de

233 1258 301 1303 ipsa
313 1258 450 1295 abusum
470 1262 566 1295 refert
588 1263 677 1297 sexta
691 1264 836 1307 synodus
859 1264 1058 1299 Parifienfis.
1084 1269 1122 1298 In

232 1307 411 1352 quibusdam
417 1315 581 1352 provinciis
609 1320 712 1345 contra
724 1315 819 1356 legem
840 1316 988 1347 Divinam
1003 1340 1013 1355 ,
1039 1326 1123 1349 cano-

234 1365 388 1401 nicamque
414 1360 628 1400 institutionem
656 1360 797 1402 faeminae
818 1362 936 1405 sandi:
965 1366 1121 1405 Altaribus

59 1287 91 1319 Ι..
102 1289 162 1323 xx·
171 1295 217 1326 45.

231 1407 354 1449 ultrose
365 1415 505 1451 ingerunt
517 1434 528 1449 ,
549 1409 673 1451 sacrata
698 1411 777 1452 vasa
802 1415 989 1450 impudenter
1011 1409 1128 1446 c‘ontin-

226 1464 321 1499 gunt,
352 1457 387 1489 ὀ*
396 1459 476 1498 quod
487 1456 535 1488 his
547 1459 649 1497 majus
660 1482 672 1498 ‚
699 1460 883 1492 indecentius
896 1483 906 1498 ‚
933 1461 1121 1504 ineptiusque

231 1505 291 1545 est,
317 1513 417 1547 corpus
443 1504 664 1550 &sanguinem
675 1509 796 1541 Domini
803 1510 925 1550 populis
941 1517 1122 1554 porrigunt,

232 1554 341 1590 &alia
351 1566 499 1598 quaeque,
523 1567 591 1598 quae
601 1556 665 1600 ipso
685 1558 769 1591 dic‘lu
784 1557 859 1601 fient
886 1565 1011 1601 turpia,
1037 1572 1123 1595 exer-

232 1611 316 1639 cent.
341 1604 486 1640 Relistus
511 1606 576 1640 fuit
597 1606 713 1641 abusus
737 1619 781 1642 ex
796 1610 1040 1645 communione
1066 1611 1122 1646 do-

230 1653 390 1694 mestica,
415 1656 451 1688 in
462 1666 526 1698 qua
538 1657 676 1700 quisque
686 1657 788 1692 laicus
801 1683 812 1699 ‚
841 1659 942 1693 etiam
963 1661 1116 1703 faemina,

231 1703 292 1738 fibi
302 1704 359 1748 ipsi
370 1703 609 1741 Eucharistiam
620 1706 735 1742 dabat.
763 1708 859 1743 Hinc
872 1709 1007 1752 quidam
1032 1712 1118 1746 idem

231 1753 338 1796 ipsum
349 1754 384 1786 in
398 1754 543 1789 Ecclesia
553 1758 836 1801 praesumpserunt.
867 1758 993 1795 Contra
1007 1760 1112 1807 legem

232 1802 416 1844 Divinam,
441 1803 676 1849 &perpetuam
692 1809 846 1842 omnium
864 1808 923 1843 sub
946 1811 1033 1845 coelo
1057 1812 1118 1846 Ec·

232 1852 399 1887 clefiarum
411 1854 557 1897 praxim,
586 1855 627 1890 de
647 1867 711 1900 qua
721 1856 951 1893 Tertullianus
975 1860 1008 1893 in
1032 1859 1116 1895 libro

231 1902 275 1937 de
285 1914 408 1937 corona
430 1904 564 1938 militis:
591 1906 791 1947 Eucharistiae
810 1911 1034 1943 Sacramentum
1059 1923 1117 1944 non

230 1954 269 1986 de
290 1954 414 1987 allorum
435 1966 526 1987 manu
538 1979 549 1995 ‚
575 1967 667 1997 quam
684 1956 929 2000 Praefidentium‚
956 1961 1012 2004 qui
1038 1962 1112 1995 sunt

230 2001 292 2037 soli
304 2002 481 2047 Episcopi,
507 2004 716 2049 Presbyteri,
743 2018 780 2041 ac
805 2008 973 2050 Diaconi,
1000 2011 1035 2044 in
1060 2023 1117 2054 pu-

230 2052 322 2086 blico
332 2052 479 2087 Ecclefiae
490 2066 657 2089 conventu
675 2056 838 2098 sumimus.
868 2057 976 2093 Aliter
999 2061 1117 2094 nonni·

231 2099 283 2134 hil
310 2101 452 2143 Iustinus
464 2103 593 2145 Martyr
618 2105 652 2138 in
675 2106 814 2140 secunda
841 2118 900 2150 pro
917 2107 1115 2143 Christianis

231 2149 421 2195 Apologia.
450 2151 641 2195 Posteaquam
666 2156 760 2195 (stis,
785 2162 837 2199 qui
846 2158 975 2199 praeest,
991 2165 1115 2203 gratias

229 2206 292 2243 egit
303 2223 313 2238 ,
338 2202 372 2234 6·
382 2203 510 2244 populus
521 2209 615 2236 omnis
628 2204 782 2239 benedixit
794 2230 804 2246 ,
830 2211 872 2248 ii,
901 2214 951 2250 qui
961 2210 1046 2250 apud
1061 2221 1114 2242 nos

231 2252 357 2284 Diaconi
374 2253 533 2291 dicuntur,
559 2255 635 2287 dant
662 2261 814 2298 unicuique
839 2268 936 2290 eorum
950 2281 961 2297 ‚
988 2265 1037 2300 qui
1060 2260 1115 2291 ad-

226 2298 302 2342 sunt
317 2325 328 2341 ,
349 2304 572 2343 percipiendum
591 2313 706 2345 panem
726 2330 738 2345 ‚
764 2311 892 2347 vinum,
920 2309 954 2341 ὁ·
978 2320 1089 2351 aquam
1103 2333 1114 2349 ‚

230 2360 299 2395 quae
309 2361 373 2384 cum
378 2356 550 2395 gratiarum
562 2354 673 2388 ac‘iione
702 2354 868 2398 consecrata
888 2355 985 2399 sunt,
1013 2359 1048 2392 (9
1073 2360 1117 2392 ad

228 2409 295 2440 eos,
323 2405 373 2442 qui
383 2399 513 2444 absunt,
542 2403 716 2445 perferunt.
744 2404 844 2449 Apud
864 2407 1053 2442 Romanam
1080 2409 1114 2442 &

230 2449 310 2482 alias
322 2449 477 2492 quasdam
490 2451 647 2488 Ecclefias
658 2455 778 2499 portari
796 2457 838 2490 ad
864 2456 1011 2491 absentes
1036 2469 1114 2492 con-

231 2498 364 2533 suevisse
373 2501 474 2535 etiarn
486 2512 542 2544 per
555 2501 766 2548 Acolythos‚
791 2505 894 2550 liquet
917 2518 959 2541 ex
969 2508 1115 2550 passione

231 2548 340 2581 Sanffi
365 2548 526 2584 Tharfitii
551 2576 563 2592 ‚
589 2553 739 2589 Romani
766 2554 952 2599 Acolythi,
977 2557 1018 2592 de
1045 2571 1112 2603 quo

230 2597 425 2634 Romanum
445 2599 747 2648 Martyrologium.
774 2608 872 2648 ‚Quam
901 2610 1020 2650 Pagani
1045 2609 1109 2641 cum

229 2649 410 2692 invenlffent
435 2657 560 2693 corporis
583 2652 691 2694 christi
703 2656 897 2688 Sacramenta
918 2665 1112 2698 portantem,

227 2706 377 2740 coeperunt
389 2698 552 2743 disquirere
564 2705 640 2745 quid
652 2714 791 2748 gereret:
820 2710 859 2739 At
885 2706 933 2740 ille
956 2709 1112 2750 indignum

224 2749 366 2789 judicans
376 2755 476 2791 porcis
483 2753 609 2792 prodere
618 2761 804 2798 margaritas
820 2780 833 2797 ,
859 2764 924 2789 tam
935 2758 988 2790 diu
1002 2757 1041 2790 ab
1051 2758 1111 2791 illis

230 2797 376 2832 mallatus
388 2797 560 2841 eslfusti'bus
587 2805 622 2837 (ν
641 2805 793 2847 lapidibus
808 2829 819 2846 ‚
846 2807 937 2840 donec
956 2806 1112 2842 exhalaret

231 2844 386 2888 spiritum.
416 2853 462 2884 Et
472 2855 604 2886 revoluto
613 2856 678 2895 ejus
697 2864 810 2898 corpore
825 2854 961 2901 sacrilegi
983 2857 1112 2901 distuffo—

234 2907 280 2928 res
292 2898 367 2932 nibil
376 2902 630 2936 §aeramentorum
644 2904 752 2945 Christi
772 2911 807 2939 in
818 2907 957 2941 manibus
983 2917 1039 2941 aut
1061 2920 1112 2942 ve·

226 2940 320 2985 stibus
346 2956 525 2985 invenerunt
540 2978 547 2984 .
575 2953 678 3001 Qod
706 2957 819 2990 nescio
844 2957 918 3000 quis
937 2957 1110 3001 Presbyter

233 2995 473 3034 Alexandrinus
485 3009 623 3046 exiguam
635 3008 796 3046 quamdam
821 3006 1016 3048 Eucharistiae
1035 3017 1109 3050 par-

54 1931 130 1970 Cap.
142 1938 170 1966 3.

55 2649 131 2686 Aug·
148 2651 193 2685 15:

1170 1007 1335 1061 {minister
1347 1008 1392 1043 est
1405 1009 1504 1044 etiam
1516 1009 1708 1045 Diaconus.
1736 1012 1782 1045 Et
1792 1008 1924 1054 quidem
1952 1012 1987 1044 in
2017 1010 2070 1054 Ju-

1170 1058 1264 1092 ·stini
1291 1058 1449 1102 Martyris
1473 1060 1616 1095 Ecclesia
1641 1084 1652 1100 ‚
1677 1061 1727 1095 uti
1755 1061 1902 1096 Calicem
1925 1086 1936 1101 ,
1964 1060 2010 1094 ita
2035 1060 2070 1094 δε

1183 1109 1330 1143 sanctum
1341 1108 1466 1144 Panem
1478 1111 1652 1146 Diaconos
1663 1111 1838 1145 solenniter
1855 1109 2068 1144 ministrabat.

1183 1157 1292 1193 Aliter
1303 1160 1458 1202 Synodus
1470 1159 1698 1196 Laodicensis:
1713 1165 1786 1194 Non
1797 1169 1908 1204 oportet
1920 1158 2068 1199 Ministros
2086 1171 2120 1199 c,
2137 1178 2184 1206 ²5·

1183 1210 1295 1242 Panem
1306 1211 1400 1251 dare,
1428 1212 1481 1244 vel
1500 1212 1630 1245 Calicem
1651 1211 1832 1244 benedicere.
1860 1211 1903 1245 Et
1929 1209 2070 1244 secunda
2085 1211 2120 1240 C·
2139 1218 2185 1246 15·

1182 1257 1375 1293 Arelatensis
1414 1272 1421 1291 :
1448 1262 1594 1295 Diaconus
1620 1270 1723 1303 corpus
1749 1260 1857 1301 Christi
1884 1285 1895 1301 ,
1917 1258 2069 1302 praesente

1184 1308 1355 1348 Presbytero
1380 1334 1391 1351 ‚
1419 1312 1540 1347 tradere
1565 1323 1622 1344 non
1645 1309 1816 1354 praesumat
1839 1337 1844 1341 .
1884 1310 1927 1343 Et
1955 1319 2069 1354 quarta

1182 1357 1466 1403 Carthaginensis:
1499 1363 1671 1401 Diaconos,
1694 1359 1843 1403 praesente
1876 1360 2070 1399 Presbytero,
2159 1405 2162 1408 1
2228 1405 2230 1409 .

1182 1406 1403 1448 Eucharistiam
1428 1416 1554 1450 corporis
1581 1410 1692 1450 christi·
1712 1411 1825 1451 populo
1842 1434 1852 1449 ,
1876 1409 1906 1449 fi
1929 1409 2070 1448 neceffitas
2087 1402 2161 1440 cal*-
2179 1406 2228 1438 38.

1180 1462 1284 1496 cogat,
1303 1455 1399 1497 juffiis
1421 1467 1516 1500 eroget
1533 1483 1540 1489 .
1569 1459 1614 1491 Et
1633 1459 1668 1491 in
1692 1456 1918 1492 Decretalibus
1943 1456 1984 1491 ad
2005 1457 2072 1491 Lu-

1180 1503 1280 1537 caniae
1293 1504 1474 1549 Episcopos
1497 1506 1614 1542 litteris
1636 1509 1769 1542 Sanetus
1793 1508 1952 1542 Pontifex
1975 1507 2072 1544 Gela·
2089 1514 2175 1555 Epist·
2199 1527 2225 1554 9.

1179 1552 1240 1586 fius
1275 1566 1283 1585 ε
1312 1557 1394 1588 sacri
1419 1562 1546 1598 corporis
1569 1565 1818 1601 praerogationem
1838 1556 1896 1600 sub
1917 1557 2070 1601 conspet‘lu

1181 1603 1334 1645 Pontificis
1355 1604 1408 1648 seu
1422 1606 1608 1648 Presbyteri,
1637 1607 1694 1648 nisi
1708 1608 1757 1640 bis
1775 1606 1946 1650 absentibus
1958 1632 1968 1647 ‚
1995 1610 2071 1640 Βία-

1179 1659 1242 1686 coni
1257 1655 1313 1693 jus
1327 1665 1385 1688 non
1410 1654 1539 1690 babeant
1562 1659 1738 1692 exercendi.
1767 1657 1810 1691 Et
1823 1657 1905 1700 apud
1919 1659 2073 1692 Sandium

1180 1701 1395 1739 Ambrofium
1415 1706 1450 1739 in
1461 1707 1648 1741 officiorum
1674 1707 1764 1742 libris
1776 1708 1910 1741 sanstus
1928 1707 2072 1742 Lauren-

1181 1753 1247 1786 tius
1257 1752 1419 1788 Romana:
1429 1756 1577 1789 Ecclesiae
1590 1755 1885 1792 Archi-Diaconus
1903 1757 1944 1791 ad
1957 1758 2073 1791 Ponti-

1179 1802 1274 1836 ficem
1287 1802 1429 1838 Xixtum
1455 1806 1657 1841 secundum:
1686 1811 1837 1850 Experire
1858 1832 1869 1847 ‚
1895 1809 1994 1840 utrum
2016 1814 2072 1841 mi-

1179 1851 1299 1893 nistrum
1310 1854 1445 1887 idoneum
1454 1857 1572 1899 elegeris
1584 1883 1594 1898 ‚
1622 1864 1668 1891 cui
1683 1857 1838 1899 commist'sti
1849 1860 1994 1891 Dominici
2002 1856 2072 1903 san-

1174 1908 1277 1945 guinis
1305 1902 1579 1947 dispensationem.
1608 1907 1652 1941 Et
1676 1909 1811 1943 sanstus
1830 1908 1901 1943 Leo
1924 1909 2073 1954 Magnus

1179 1952 1214 1984 in
1229 1953 1374 1987 sermone
1384 1952 1424 1988 de
1436 1955 1553 1990 Sancto
1567 1957 1752 1992 Vincentio
1767 1984 1777 2000 ,
1794 1957 2070 1994 Archi-Diacono
2088 1984 2160 2021 Cap·
2179 1994 2204 2013 ι.

1180 2001 1331 2036 Ecclesiae
1355 2004 1693 2051 Caesar-Augustanae:
1720 2008 1831 2048 Christi
1853 2009 1984 2041 Calicem
2012 2021 2072 2042 cre-

1179 2052 1320 2085 demibus
1330 2053 1519 2094 ministrabat
1543 2062 1574 2089 in
1586 2055 1735 2099 salutem.
1763 2059 1807 2092 Et
1823 2058 1855 2092 in
1870 2059 2017 2093 sermone
2029 2060 2070 2094 de

1179 2100 1270 2144 lapsis
1292 2103 1426 2137 Sanetus
1437 2105 1642 2150 Cyprianus:
1672 2111 1801 2141 Calicem
1825 2111 1972 2142 Diaconus
1990 2118 2071 2152 pra·-

1175 2148 1310 2192 sentibus
1332 2153 1435 2193 offerre
1454 2162 1557 2197 coepit.
1585 2157 1758 2192 Diaconus
1784 2160 1895 2203 itaque
1919 2159 2069 2194 Calicem

1178 2201 1279 2235 etiam
1291 2201 1455 2247 Episcopo
1466 2216 1522 2239 aut
1536 2205 1730 2250 Presbytero
1741 2210 1892 2252 praesente
1904 2234 1914 2248 ‚
1942 2209 2068 2244 Panem

1179 2262 1247 2284 non
1262 2253 1320 2284 nisi
1336 2253 1401 2287 illis
1412 2254 1597 2291 absentibus
1608 2282 1619 2297 ‚
1645 2267 1700 2292 aut
1710 2258 1784 2292 sane
1798 2259 1839 2293 ab
1853 2259 1918 2292 illis
1938 2261 2067 2303 praesen-

1177 2299 1265 2334 tibus
1285 2301 1383 2343 jussus
1405 2328 1416 2343 ,
1444 2304 1572 2348 publice
1595 2308 1800 2343 ministrabat
1820 2334 1825 2339 .
1852 2309 1962 2354 Qare
1985 2309 2069 2343 reste

1178 2350 1265 2393 apud
1292 2351 1464 2397 Rogerum
1486 2355 1718 2391 Hovedensem
1744 2359 1858 2392 statuit
1883 2361 1916 2392 in
1930 2359 2068 2401 synodo

1179 2399 1372 2435 Eboracenfi
1397 2401 1581 2439 Richardus
1606 2406 1904 2452 Archi-Episcopus
1924 2409 2068 2443 Cantua-

1178 2449 1286 2484 rienfis
1299 2477 1308 2491 ‚
1335 2462 1372 2486 ut
1392 2464 1461 2487 non
1487 2455 1545 2488 nisi
1561 2457 1686 2491 summa
1708 2458 1844 2502 &gravi
1865 2470 2002 2503 urgente
2015 2471 2066 2492 ne-

1177 2500 1318 2535 ceffitate
1332 2526 1342 2542 ‚
1370 2505 1518 2537 Diaconus
1540 2515 1644 2548 corpus
1660 2506 1768 2547 Christi
1778 2520 1918 2552 umquam
1946 2519 2041 2554 eroget
2054 2523 2066 2543 .-

1178 2551 1329 2592 .Quoniam
1347 2554 1427 2586 illud
1442 2552 1498 2597 soli
1505 2551 1683 2598 sacerdotali
1704 2560 1812 2592 Ordini
1839 2565 1993 2593 convenire
2015 2561 2067 2594 de-
2082 2556 2149 2593 F·45
2156 2567 2180 2593 5·

1177 2606 1272 2634 crevit
1296 2608 1482 2644 antiquitas.
1509 2604 1615 2641 Addit
1635 2608 1677 2642 de
1704 2608 1832 2642 solenni
1853 2608 2064 2644 Eucharistiae

1177 2649 1364 2684 delatione:
1391 2655 1530 2688 sacerdos
1542 2663 1575 2689 in
1581 2665 1704 2700 propria
1721 2658 1850 2702 persona
1861 2659 1993 2699 Hostiam
2018 2666 2063 2692 in-

1172 2699 1272 2741 firmis
1294 2702 1411 2744 deferat
1431 2729 1437 2735 -
1466 2705 1510 2740 Et
1533 2706 1724 2751 Capitulare
1751 2709 1881 2742 Odonis
1906 2710 2062 2752 Episcopi

1177 2748 1356 2786 Parifienfis
1391 2766 1397 2785 :
1424 2759 1497 2788 Non
1518 2764 1700 2798 permittant
1729 2759 1894 2798 Presbyteri
1915 2762 2059 2793 Diaconos

1175 2805 1434 2841 (communicatur
1449 2805 1613 2850 Episcopus
1624 2815 1664 2841 eis
1678 2834 1687 2851 ‚
1715 2815 1764 2852 qui
1777 2808 1828 2841 hoc
1841 2807 2059 2851 nonservant)

1175 2849 1291 2891 deferre
1302 2853 1656 2900 infirmissacrosanequm
1679 2867 1778 2901 corpus
1791 2862 1935 2898 Domini,
1967 2858 2059 2900 nifiin

1175 2902 1333 2941 ncceffitate
1343 2928 1353 2944 ‚
1379 2906 1443 2938 cum
1454 2908 1594 2941 sacerdos
1616 2908 1723 2952 absens
1729 2908 1832 2950 ficerit
1843 2933 1855 2949 ,
1875 2906 1933 2951 sed
1938 2907 2057 2952 semper

1173 2952 1314 2985 sacerdos
1337 2954 1459 2996 deferat
1482 2982 1488 2988 .
1518 2958 1561 2992 Et
1590 2959 1712 2992 Leonis
1746 2959 1850 3002 quarti
1881 2959 2057 2994 Pontificis

1174 2999 1326 3036 Homilia
1345 3005 1384 3038 ad
1410 3004 1620 3049 presbyteros
1645 3008 1806 3044 Curatos:
1833 3009 1969 3051 Infirmos
1985 3018 2058 3052 pro·

2089 1790 2228 1825 L.1.c.41-

231 3052 291 3078 tem
304 3046 390 3080 laico
402 3059 498 3091 puero
510 3051 634 3087 dederit
645 3055 878 3098 deportandam
891 3056 931 3091 ad
942 3059 1106 3092 infirmum
1170 3057 1241 3091 pria
1261 3064 1352 3085 manu
1363 3062 1589 3097 communicate,
1617 3060 1650 3091 (ν
1674 3059 1771 3092 nullus
1790 3058 1956 3103 praesumat
1981 3070 2055 3092 com.

233 3096 442 3139 Serapionem
454 3123 466 3139 ,
484 3101 568 3143 apud
580 3102 758 3140 Eusebium
770 3106 1002 3141 Caesareensem
1017 3108 1104 3142 testa*

1172 3107 1334 3134 munionem
1353 3105 1424 3137 laico
1450 3106 1501 3139 vel
1501 3106 1641 3147 faeminae
1652 3109 1769 3143 tradere
1794 3111 1839 3143 ad
1859 3109 2054 3151 deferendum

60 3142 121 3172 Ῑ--6-
135 3144 214 3178 036·
231 3146 329 3179 turin
343 3146 457 3181 litteris
484 3149 524 3183 ad
546 3150 683 3187 Fabium
698 3155 948 3192 Antiochenum
975 3158 1108 3192 Sanctus
1157 3151 1299 3193 «infirmis
1312 3178 1319 3183 -
1347 3154 1417 3195 Jaffl
1428 3154 1551 3198 pridem
1563 3158 1652 3191 enim
1673 3159 1837 3202 PUbllcam
1851 3159 2053 3194 delmonem

231 3195 411 3239 Dionysius
434 3197 618 3234 Patriarcha
647 3203 888 3241 Alexandrinus

231 3246 444 3280 conficiendae
469 3249 554 3283 solus
581 3250 755 3295 Sacerdos,
780 3256 814 3291 id
833 3256 898 3296 est,
928 3256 1107 3301 Episcopus

911 3232 918 3239 .
944 3207 1107 3253 roirea
1172 3202 1234 3235 esse
1247 3201 1410 3246 publicam
1433 3205 1750 3245 administrationem
1763 3209 1906 3246 Ecclesia
1930 3209 2053 3255 judica-

1174 3254 1242 3285 vit.

231 3296 264 3330 ὅ(
275 3296 464 3340 Presbyter,
490 3298 618 3343 publice
628 3301 890 3340 administrandae
902 3305 1108 3343 Eucharistiae
1155 3278 1162 3343 l

288 3479 293 3500 ;
332 3469 440 3512 christ.
453 3476 531 3522 Lupi
542 3481 627 3520 oper.
641 3478 719 3511 Tom.
729 3479 785 3512 ΠΙ

1502 3473 1530 3509 p
1694 3482 1696 3486 .
1822 3469 1996 3505 CANON
