2340 3762
647 150 833 195 lnnnx
867 149 1106 205 Renum,
1144 161 1208 192 ετ
1241 145 1594 196 Vsunonum.

275 246 418 284 sceptus:
445 237 594 284 probatio
608 235 912 271 nihilominusante
936 234 1106 279 religionis

245 310 249 313 «
275 289 504 335 ingressumest
518 287 757 332 antiquiffima.
990 287 1046 329 96.
1074 295 1105 320 2.

226 340 388 376 Monachi
398 341 438 375 ad
451 338 687 383 Episcopatum
706 335 825 376 evecti,
852 336 971 370 vestem
993 346 1106 368 mona-

252 416 255 419 >
275 392 389 425 sticam
400 391 606 425 retinuerunt
618 413 625 419 .
651 387 731 433 318.
745 398 775 422 2.
787 394 866 430 319.
888 396 915 420 1.
928 383 1104 419 Monachis

274 441 396 476 Graecis
406 441 440 475 id
461 447 674 484 praeceptum‚
700 435 789 479 quod
814 434 854 469 de
866 435 993 470 Latinis
1015 433 1103 471 haud

245 509 248 511 v
276 491 414 536 legitur.
980 495 1059 531 3¹9-
1072 494 1102 518 2.

225 539 391 577 Monachi
411 539 564 583 Episcopi
586 537 626 573 ad
648 535 882 572 monasterium
904 535 1030 582 regreffi
1053 534 1107 568 de-

277 590 346 626 nuo
371 589 412 625 ad
439 591 675 633 Episcopatum
701 585 812 622 crebro
838 588 913 621 sunt
939 584 1105 630 promoti.

247 657 251 660 -
300 651 324 676 0
350 666 356 672 .
372 653 403 678 2-

225 651 392 725 Mdnaihi
414 691 450 725 in
463 691 640 734 Episcopos
651 690 752 723 evecti
766 687 916 722 habitum
931 683 1106 720 monacha-

276 740 341 774 lem
353 743 477 786 gestare
497 739 677 783 jubentura
695 737 852 773 Concilio
872 734 1078 771 Lateranenfi
1095 747 1106 767 t

275 790 386 826 Modo
396 791 512 826 sufficit
525 790 575 824 vel
587 788 736 823 habitum
750 788 799 822 vel
812 787 957 822 colorem
971 811 977 818 .
990 793 1102 831 320-2-

224 839 389 875 Monachi
401 841 447 875 ob
469 840 545 874 fidei
567 840 786 874 constantiam
808 837 850 871 ab
862 836 1017 870 haereticis
1042 830 1110 868 dire

276 892 386 925 vexati
408 915 415 923 .
447 891 524 930 196.
543 900 570 922 1.
588 900 619 922 2.
646 889 707 920 Uti
728 890 747 920 ὰ
769 887 883 920 Leone
905 885 1014 917 Isauro
1040 907 1051 923 ‚
1076 882 1109 916 δε

275 937 501 972 Constantino
512 934 731 978 Copronymo
743 960 750 966 .
938 942 1012 979 197.
1032 943 1058 967 1.
1078 944 1107 968 2.

223 985 390 1029 Monachi
417 985 500 1020 olim
522 985 564 1018 ad
576 992 701 1018 certum
714 982 947 1017 monasterium
959 982 1085 1026 profeffi
1101 1007 1111 1022 ‚

278 1037 368 1072 secus
386 1034 618 1070 Mendicautes
629 1057 638 1072 ,
664 1034 745 1068 cur?
985 1033 1064 1068 203·
1081 1042 1107 1066 1.

226 1085 390 1122 Monachi
413 1097 468 1130 per
489 1083 682 1119 tonsuram&
695 1082 886 1118 Gentilibus
896 1081 1106 1117 diffidebant.

245 1154 250 1158 ·
304 1139 331 1174 3.
363 1149 392 1173 ι.

225 1149 390 1222 Mo9nachi
402 1198 440 1221 ac
453 1186 573 1221 Clerici
590 1185 723 1220 scenicis
734 1183 821 1219 ludis
833 1196 871 1219 ac
880 1182 1023 1218 cursibus
1037 1181 1105 1215 Cir-

277 1236 427 1272 censibus
441 1237 588 1270 intereffe
603 1245 752 1269 vetantur
765 1260 773 1266 .
994 1241 1047 1274 79.
1078 1244 1108 1268 1.

222 1286 407 1322 Monachis
418 1286 515 1322 debet
526 1283 668 1320 solitudo
678 1286 740 1319 effe
752 1283 903 1330 amabilis
915 1309 923 1315 .
1003 1290 1062 1328 97.
1078 1295 1104 1319 1-

222 1336 406 1379 Monachis
428 1347 518 1372 extra
544 1335 778 1370 monasterium
798 1357 809 1373 ‚
835 1334 1005 1378 praesertim
1032 1344 1109 1367 curn

275 1388 435 1428 faminis,
461 1397 531 1421 non
551 1386 643 1420 licuit
656 1384 869 1419 manducare.
981 1392 1061 1421 210.
1076 1396 1106 1420 2.

222 1435 410 1473 Monacbis
433 1437 499 1480 jam
517 1435 645 1480 pridem
671 1435 874 1469 sacramenti
899 1434 1107 1468 Poenirentiae

276 1486 516 1522 administratio
526 1485 572 1518 est
586 1484 755 1517 commissa
767 1507 774 1514 .
963 1492 1044 1529 391.
1067 1494 1101 1519 2·

222 1535 473 1572 Monachorum
496 1533 727 1567 indumentum
740 1532 841 1576 nigrae
859 1533 961 1567 vestes
973 1557 981 1565 .
1006 1540 1062 1577 97.
1080 1542 1107 1566 1.

276 1586 348 1619 Alii
360 1584 432 1627 post
443 1583 571 1618 colores
584 1582 734 1625 assumpti
747 1606 753 1613 .
1026 1579 1106 1615 ibid.

224 1634 437 1670 Monachum
457 1632 548 1667 nulla
573 1633 729 1666 ante-adia
750 1631 888 1667 crimina
909 1631 952 1666 ab
965 1630 1107 1677 ingressu

277 1686 311 1718 in
323 1684 517 1729 religionem
528 1690 730 1716 remorantur
742 1706 753 1722 ,
779 1692 835 1715 cur
848 1682 865 1705 2
954 1682 1012 1723 93.
1030 1694 1056 1718 1.
1072 1695 1103 1720 2·

225 1734 436 1769 Monachum
445 1733 529 1767 olim
541 1732 592 1765 vel
604 1742 735 1776 paterna
747 1731 881 1766 devotio
893 1756 905 1773 ,
918 1733 969 1766 vel
980 1733 1107 1776 propria

275 1785 354 1819 fecit
365 1783 538 1829 professio·
564 1790 618 1827 93.
634 1794 664 1818 1.
685 1782 762 1815 Filii
775 1781 792 1814 a
805 1782 991 1824 parentibus
1014 1783 1107 1817 altari

275 1834 400 1869 oblati.
427 1833 498 1879 Qi
523 1832 604 1866 ritus
624 1831 642 1864 a
665 1833 695 1865 S.
719 1831 896 1865 Benedicto
917 1833 1105 1870 emanavit,

276 1884 331 1917 sed
341 1884 360 1916 a
371 1883 545 1917 Caelestino
558 1882 616 1916 111.
628 1880 801 1926 abrogatus
813 1906 821 1914 .
1004 1889 1060 1925 94.
1077 1891 1108 1915 1·

223 1929 415 1968 Monachus
427 1930 641 1973 Episcopatus
653 1931 814 1974 appetitor
824 1955 835 1972 ‚
861 1928 1108 1974 quodammodo

273 1983 320 2017 est
335 1980 494 2023 Apostata
508 2002 515 2009 .
986 1989 1064 2025 3¹2·
1076 1991 1106 2014 2.

224 2029 412 2067 Monastica
424 2025 574 2070 profeffio
586 2024 687 2070 graece
704 2026 993 2070 BenediHiogranae
1003 2027 1108 2072 appel·

275 2083 360 2116 latur
384 2105 392 2111 .
419 2077 469 2111 Ea
492 2074 673 2109 benedictio
694 2086 762 2109 non
787 2075 832 2109 est
855 2077 1108 2112 consecrationis

275 2130 396 2175 species
406 2153 417 2169 ‚
441 2125 569 2171 fuitque
578 2125 608 2159 S.
621 2125 775 2160 Antonio
790 2148 799 2164 ‚
811 2125 946 2168 aliisque
958 2126 1105 2169 antiquis

277 2183 411 2226 ignota.
1006 2186 1063 2223 94.
1077 2189 1106 2213 2·

225 2231 413 2266 Monastica
425 2227 518 2263 vestis
530 2226 571 2261 ab
581 2225 737 2260 haereticis
757 2225 900 2261 ludibrio
916 2250 927 2267 ‚
952 2226 970 2261 a
984 2225 1106 2262 Catho-

276 2282 346 2314 licis
359 2279 467 2314 habita
481 2277 700 2312 venerationi.
983 2286 1061 2313 202.
1078 2288 1104 2313 1.

222 2330 413 2366 Monastica
439 2329 506 2363 vita
532 2326 577 2361 est
603 2327 737 2361 recessus
760 2327 779 2361 ὲ
806 2326 938 2371 strepitu
977 2327 1104 2361 saeculi.

325 2407 331 2412 .
347 2391 375 2416 1.
389 2392 420 2416 2.

223 2390 448 2465 Mgriasticam
470 2428 573 2462 vitam
584 2426 809 2471 profitentibus
829 2427 1031 2472 signaculum
1046 2428 1104 2461 im-

276 2479 412 2524 pressum
425 2501 435 2517 ‚
461 2478 583 2522 quale?
1001 2487 1046 2524 94
1070 2487 1101 2511 2.

223 2529 426 2564 Monasteria
450 2528 605 2562 destrutsta
627 2539 664 2562 ac
677 2527 858 2571 profanatas
871 2527 1029 2562 Ecclefias
1041 2528 1104 2561 Ca-

273 2591 343 2614 non
366 2578 515 2614 decimus
533 2578 647 2613 tertius
670 2578 745 2612 Vll.
772 2577 899 2619 Synodi
914 2577 1048 2612 mandat
1061 2587 1103 2610 re-

273 2630 423 2663 staurari.
983 2636 1059 2671 197.
1073 2639 1101 2663 2.

223 2679 427 2714 Monasteria
449 2676 594 2722 duplicia
616 2677 757 2713 virorum
773 2690 811 2712 ac
824 2676 997 2712 mulierum
1018 2677 1103 2711 olim

274 2728 456 2771 frequentia
470 2742 480 2761 :
511 2728 559 2762 At
569 2727 641 2762 raro
661 2729 728 2762 fine
742 2728 944 2762 offendiculo
955 2753 963 2760 .
991 2736 1069 2772 207.
1083 2738 1101 2760 i.

271 2776 416 2820 duplicia
440 2778 566 2812 ordinis
591 2778 901 2812 Praemonstratenfis
934 2777 1101 2811 extincta.-

273 2827 371 2860 Secus
381 2828 410 2860 S.
425 2827 535 2860 Basilii
548 2838 586 2861 ac
597 2828 626 2860 S.
638 2827 785 2871 Birgittae
795 2853 802 2859 .
972 2827 1055 2863 208·
1071 2839 1100 2863 2-

218 2876 460 2911 nonasterium
497 2878 531 2911 in
559 2877 715 2921 privatam
749 2877 949 2910 mansionem
987 2877 1099 2920 nequit

222 2968 226 2973 ,
271 2926 483 2961 commutari.
937 2935 1054 2962 101.1.
1066 2935 1097 2960 2v

220 2974 462 3023 Monophysitae
472 2975 506 3010 in
515 2974 648 3012 Christo
659 2986 757 3012 unam
769 2975 941 3011 voluerunt
951 2986 1099 3010 naturam

270 3026 483 3070 compositam
496 3049 504 3057 .
1003 3037 1054 3073 17.
1072 3037 1098 3062 1-

219 3074 521 3111 Monothelirarum
541 3075 663 3120 primus
672 3075 738 3110 dux
761 3074 887 3110 videtur
899 3074 1099 3110 Theodorus

269 3125 514 3159 Pharanitanus
536 3150 543 3156 .
571 3136 600 3171 7.
623 3135 653 3160 2.
680 3127 833 3161 Soloi-um
859 3125 1095 3160 monachorum

270 3176 470 3218 Episcopus.
498 3174 530 3210 8·
548 3184 580 3211 1·
600 3177 739 3210 Occasio
748 3176 891 3210 errandi.
1016 3175 1095 3209 ibid.

220 3223 455 3262 Monothelitae
466 3225 575 3265 Cyrus
587 3249 599 3265 ‚
625 3225 773 3271 Sergius,
798 3225 996 3260 Theodorus
1007 3250 1019 3266 ‚
1035 3226 1095 3259 &c

270 3273 477 3309 anathemate
487 3274 619 3318 percussi
632 3299 639 3306 .
999 3286 1055 3322 42.
1067 3285 1095 3309 2.

223 3321 456 3359 Monothelitae
465 3323 544 3358 duas
557 3324 591 3358 in
606 3323 739 3359 Christo
753 3335 881 3360 naturas
903 3325 1097 3368 profiteban-

274 3380 348 3412 tur,
371 3383 405 3411 at
425 3385 523 3408 unam
546 3374 750 3409 voluntatem
772 3399 782 3415 ‚
810 3386 973 3418 unamque
988 3385 1097 3418 opera-

278 3421 403 3457 tionem
416 3447 424 3455 .
448 3423 479 3461 8.
489 3435 520 3459 2.
549 3425 580 3458 S.
595 3425 741 3458 Leonem
754 3425 905 3459 nituntur
916 3435 1093 3469 exponere.

325 3469 430 3511 chrm.
445 3475 525 3516 Lupi
535 3477 622 3516 oper.
636 3476 771 3506 Tomm.

1220 242 1255 277 9.
1273 244 1301 269 1.
1327 231 1457 267 SS.PP.
1469 231 1526 265 sibi
1536 237 1718 272 accersunt.
1951 229 2050 276 stibid.

1173 278 1406 317 Monothelitae
1419 293 1459 316 ex
1470 282 1595 316 unitate
1606 286 1744 324 persona
1764 290 1924 324 unitatem
1935 290 2050 324 volun-

1222 333 1298 367 tatis
1323 332 1357 366 &
1378 332 1578 376 operationis
1602 332 1769 366 deducunt
1789 360 1797 367 .
1822 349 1852 379 9.
1877 351 1907 376 2·
1935 338 2052 382 Atque

1221 394 1263 417 ex
1280 382 1405 425 duplici
1425 383 1593 418 voluntate
1615 382 1877 419 contrarietatem
1895 400 1934 422 ac
1948 389 2051 428 disse-1

1222 432 1370 467 nantiam
1383 456 1390 463 .
1966 438 2049 472 ibid.

1167 479 1404 530 ›Monothelitae
1426 482 1460 516 in
1482 483 1667 528 assignanda
1682 485 1835 518 Dei-viril}
1862 486 2052 527 operatione

1222 531 1408 566 variabant.
1438 543 1489 568 10.
1511 546 1537 569 1.
1565 534 1636 567 Alii
1650 535 1833 575 Divinam,
1856 534 1917 569 alii
1932 544 1973 571 ex
1997 532 2053 567 du-

1223 582 1298 625 plici
1312 593 1410 615 unam
1422 585 1634 626 compositam
1646 584 1844 619 statuebant.
1877 580 2047 620 1o.2'³.11.i.

1173 629 1404 666 Monothelitae
1426 644 1567 676 quatuor
1579 634 1733 676 Synodos
1753 635 1989 677 acceptabant,
2013 644 2053 667 ac

1221 683 1250 715 S.
1264 682 1385 715 Leonis
1395 681 1617 726 dogmaticam
1630 683 1810 727 Epistulam
1824 709 1830 715 .
1971 685 2002 720 8.
2018 691 2053 718 2.

1173 731 1407 766 Monothelitae
1432 733 1550 776 scripto
1560 735 1650 768 suam
1671 733 1770 769 fidem
1781 735 1907 777 profem
1920 761 1927 767 .
1954 733 2048 779 Quo-

1221 793 1293 815 rurn
1307 779 1424 815 chartae
1436 783 1468 815 in
1479 783 1538 817 Vl.
1550 784 1687 826 Synodo
1701 783 1818 819 exustae
1829 808 1836 816 .
1947 792 2002 829 43.
2020 792 2051 816 2.

1173 829 1406 866 Monothelitae
1415 832 1579 868 silentium
1590 833 1632 868 de
1640 845 1704 868 una
1715 833 1765 867 vel
1774 834 1899 877 duplici
1913 835 1947 868 in
1958 833 2053 868 Chri.

1222 881 1271 914 sto
1295 882 1489 924 operatione
1515 883 1534 917 a
1559 884 1588 917 S.
1603 883 1794 927 Sophronio
1819 883 2055 927 impetrarunt.

1229 940 1279 973 19.
1298 941 1322 963 1.
1349 931 1431 965 Item
1444 932 1486 966 ab
1499 932 1677 968 Honorio.
1930 933 2009 968 ibid.
2020 945 2053 969 2-

1173 977 1406 1025 Monotiielitae
1429 982 1580 1025 stipulata
1602 986 1688 1027 pacis
1709 984 1831 1020 silentia
1857 984 2060 1030 praevaricati

1222 1031 1313 1063 suam
1324 1028 1453 1064 haeresin
1478 1030 1595 1074 ubique
1605 1033 1873 1070 disseminarunt.
2002 1061 2010 1067 -
2045 1059 2053 1066 ·

1172 1078 1424 1116 Monothelitici
1454 1083 1571 1113 erroris
1590 1079 1743 1114 authores
1766 1106 1771 1112 .
1797 1095 1827 1127 ς.
1854 1096 1880 1120 1·
1907 1083 2054 1131 Qando

1224 1129 1278 1164 hic
1292 1139 1379 1163 error
1389 1129 1489 1172 coepit
1503 1155 1510 1162 .
1524 1132 1680 1175 6-1-17-2-
1695 1129 1775 1172 Ejus
1785 1134 1971 1174 progressus.
1986 1133 2053 1167 184.

1174 1179 1363 1215 Morticinis
1374 1177 1568 1223 quibusdam
1580 1180 1762 1214 etiamnum
1773 1179 2057 1217 abstinetur-1224.

1172 1230 1385 1265 Mortuerum
1408 1229 1535 1273 capillis
1557 1231 1589 1264 se
1606 1240 1782 1270 exornare,
1808 1230 1950 1274 graviter
1972 1229 2058 1265 olim

1222 1277 1465 1323 reprehensum.
1930 1283 2007 1317 161-
2023 1293 2056 1318 2.

1172 1330 1329 1365 Mulieres
1348 1340 1462 1363 omnes
1483 1330 1653 1365 nonnullae
1663 1330 1789 1373 synodi
1810 1328 2058 1366 acohabitatio-

1221 1392 1263 1415 ne
1273 1391 1348 1414 curn
1362 1380 1502 1414 Clericis
1526 1381 1748 1416 excluserunt.
1958 1383 2012 1425 63-
2024 1391 2057 1415 2.

1171 1429 1368 1464 Mulieribus
1405 1430 1439 1463 in
1468 1430 1608 1465 Ecclesia
1631 1443 1693 1465 nec
1713 1431 1850 1473 docere,
1877 1442 1939 1464 nec
1962 1430 2059 1463 virile

1221 1478 1366 1513 officium
1393 1489 1540 1513 exercere
1552 1480 1736 1522 permissum
1751 1505 1756 1511 .
1898 1479 2011 1515 1281·
2026 1491 2057 1515 2-

1173 1530 1296 1563 Musica
1310 1528 1418 1571 gravis
1432 1529 1466 1561 in
1481 1529 1620 1563 Ecclesia
1632 1529 1835 1564 decantanda
1850 1555 1856 1561 .
1945 1529 2012 1573 ¹38-
2024 1538 2055 1565 2-

1173 1577 1322 1613 Mustum
1347 1579 1527 1611 consecrari
1553 1578 1658 1613 valide
1679 1579 1807 1624 potest,
1834 1581 1921 1614 secus
1945 1577 2057 1611 botrus

1224 1627 1374 1664 nondum
1386 1629 1547 1671 expressus
1559 1653 1567 1663 .
1932 1639 1947 1664 1
1957 1637 2006 1664 12.
2023 1637 2059 1664 2.

1595 1730 1632 1763 N

1172 1826 1383 1910 NAtura
1407 1826 1531 1862 Christi
1556 1839 1624 1862 non
1651 1828 1754 1872 potest
1770 1829 1834 1864 dici
1854 1829 2049 1874 composita.

1305 1887 1357 1916 17.
1389 1888 1417 1910 1.

1172 1923 1426 1968 Negotiationes
1451 1924 1485 1957 in
1508 1925 1662 1959 Ecclesiis
1686 1937 1743 1961 aut
1768 1929 1957 1963 caemereriis
1982 1929 2053 1963 fieri

1221 1972 1406 2017 prohibitae.
1527 1998 1529 2001 .
1933 1986 2006 2023 139.
2024 1991 2055 2015 1-

1173 2021 1344 2068 Neophyti
1355 2034 1409 2066 per
1423 2026 1569 2058 ostavam
1583 2024 1712 2060 Paschae
1724 2025 1866 2062 infantes
1878 2027 2049 2072 appellati.

1225 2084 1280 2111 112.
1300 2086 1321 2107 i.

1172 2123 1345 2167 Neophyti
1370 2147 1380 2164 ‚
1408 2125 1576 2167 praesertim
1604 2124 1622 2159 ὲ
1643 2127 1787 2170 palatio,
1814 2116 1996 2173 incon‘grue
2017 2128 2051 2161 in

1222 2174 1403 2217 Episcopus
1426 2175 1648 2217 assumuntur,
1675 2189 1733 2210 cur
1756 2179 1768 2211 ?
1790 2181 1865 2215 267-
1878 2190 1910 2217 2·
1938 2180 1975 2212 ln
1992 2178 2052 2212 Ec-

1222 2224 1314 2258 clesia
1342 2224 1712 2268 constantinopolitana
1738 2227 1756 2260 a
1784 2226 1939 2261 Nectario
1965 2229 2054 2262 ince-

1222 2283 1334 2317 ptum:
1360 2272 1399 2307 In
1413 2273 1575 2307 Tharasio
1597 2275 1831 2319 dispensatorie
1852 2278 2027 2317 toleratum
2042 2303 2052 2311 .

1222 2333 1300 2371 270.
1313 2335 1350 2358 1.,
1361 2322 1390 2355 Ε
1403 2324 1512 2357 Laicis
1529 2325 1645 2359 itidem
1657 2326 1895 2370 presbyterales
1917 2340 1956 2363 ac
1971 2328 2051 2361 Dia-

1220 2373 1351 2408 conales
1361 2373 1584 2416 promotiones
1595 2374 1789 2411 damnantur
1801 2402 1808 2410 .
1834 2377 1914 2413 ibid.
1927 2377 1964 2413 Id
1977 2378 2049 2412 vitii

1219 2424 1253 2457 in
1267 2423 1401 2458 Francia
1412 2424 1586 2467 grassatum
1600 2450 1607 2457 .
1966 2428 2046 2462 ibid.

1169 2471 1362 2517 Neophytis
1372 2473 1471 2508 etiam
1484 2474 1518 2508 in
1531 2474 1646 2519 Belgio
1665 2476 1714 2511 lac
1725 2477 1805 2511 vino
1834 2478 1965 2512 mistum
1979 2489 2048 2521 pro-

1216 2534 1384 2567 pinatum.
1763 2535 1771 2543 ·
1944 2538 2044 2564 112.1.

1169 2573 1415 2617 Neophytislac
1439 2575 1472 2609 ἀ
1485 2576 1550 2610 mel
1574 2577 1608 2610 in
1623 2578 1703 2611 sesto
1717 2577 1863 2612 Paschali
1888 2578 1955 2611 dari
1968 2589 2045 2612 con-

1217 2626 1343 2658 suetum
1357 2650 1364 2657 .
1393 2635 1483 2659 111.2.
1497 2637 1562 2662 112·
1576 2639 1594 2659 1.
1611 2627 1703 2675 Qid
1713 2627 1746 2660 id
1759 2628 1918 2671 fignificet
1930 2652 1937 2659 .
1963 2627 2042 2661 ibid.

1167 2673 1422 2718 Neophytorum
1434 2676 1691 2710 consecrationes
1705 2676 1910 2721 Episcopales
1919 2677 1973 2712 dis
1968 2689 2044 2720 pen-

1215 2725 1342 2759 satione
1359 2724 1503 2759 Ecclefiae
1515 2724 1671 2760 Romanae
1681 2738 1817 2771 eguere.
1921 2727 2038 2773 3801.

1166 2773 1299 2809 Nicatna
1316 2774 1470 2817 Synodus
1491 2774 1533 2807 11.
1543 2777 1595 2809 seu
1620 2775 1693 2810 Vll.
1713 2776 1895 2820 Synodusa
1908 2776 2042 2812 S-Tha-

1213 2825 1294 2860 rasio
1307 2824 1483 2868 postulata.
1511 2824 1666 2860 Pontifex
1686 2826 1726 2860 ad
1739 2827 1967 2869 praefidendum
1992 2827 2043 2860 in-

1214 2876 1350 2909 vitatus.
1378 2883 1455 2920 234
1466 2886 1496 2910 2.
1511 2873 1609 2909 Nova
1622 2876 1699 2910 dein
1711 2877 1802 2911 missa
1814 2877 1946 2921 legatio.
1980 2876 2041 2911 Pa-

1212 2925 1293 2968 palis
1314 2925 1355 2959 de
1376 2935 1445 2958 non
1465 2925 1662 2966 praesidendo
1687 2925 1819 2962 admissa
1848 2926 2039 2961 excusatio.

1213 2975 1349 3020 Legati.
1373 2974 1450 3009 ibid.
1462 2974 1618 3009 Pontifex
1641 2976 1809 3018 plurimaa
1827 2978 1947 3011 Graecis
1970 2976 2040 3010 vult

1210 3025 1380 3059 observata
1408 3049 1415 3056 .
1443 3033 1519 3068 235.
1548 3036 1575 3061 1.
1603 3024 1864 3062 Patriarcharum
1889 3026 2036 3073 Legati.

1211 3085 1325 3120 2352.
1353 3074 1590 3117 Episcoporum
1604 3087 1755 3111 numerus
1765 3076 1912 3111 incertus.
1926 3077 2034 3123 236-1.

1210 3124 1292 3158 Haec
1305 3121 1455 3166 Synodus
1465 3123 1606 3167 primum
1618 3125 1942 3171 Constantinopolim
1953 3125 2036 3160 indi-

1210 3175 1258 3208 &a
1269 3198 1281 3214 ,
1306 3172 1382 3207 inde
1394 3184 1507 3207 vocata
1519 3174 1682 3209 interdum
1695 3176 2033 3220 Constantinopolita-

1210 3236 1273 3258 na:
1301 3222 1424 3258 Verum
1439 3223 1472 3256 in
1489 3223 1699 3259 Nicaenorum
1709 3227 1889 3271 Metropoli
1902 3223 2028 3269 peraffla-

1209 3272 1288 3307 ibid.
1312 3272 1346 3306 δε
1360 3274 1430 3317 236
1450 3283 1480 3307 2.
1511 3274 1668 3309 lnchoata
1680 3288 1771 3311 anno
1783 3277 1859 3322 787-
1878 3278 1909 3306 5⁰
1921 3271 2030 3304 Bafifi·

1208 3335 1246 3357 ca
1258 3325 1287 3358 S.
1307 3322 1439 3365 Sopbiae.
1452 3334 1473 3358 2
1476 3332 1554 3370 371.
1576 3324 1717 3360 Nicaenae
1726 3325 1850 3369 Synodi
1863 3320 1903 3354 11.
1917 3319 2031 3354 Aetio-

1209 3385 1265 3407 nes
1288 3381 1475 3407 enarrantur
1501 3399 1507 3405 .
1536 3374 1615 3408 ibid.
1642 3375 1677 3409 δε
1702 3377 1783 3416 seqq·
1808 3370 1933 3404 Omnia
1957 3371 2028 3403 aaa

1208 3422 1358 3459 Adriano
1371 3422 1526 3458 Pontifici
1540 3423 1649 3458 retulit
1662 3419 1881 3460 confirmanda
1893 3443 1901 3452 .
1926 3427 2030 3464 2454,

1500 3472 1535 3505 H
1563 3471 1583 3505 h
1610 3472 1630 3505 h
1879 3466 1978 3505 Actio
