2340 3762
675 119 855 166 INDEX
891 115 1129 177 RERUM,
1165 134 1228 170 εἰ·
1261 120 1616 174 VERBORUM.

265 202 498 244 concionandi
510 205 584 240 usus
594 202 679 249 apud
693 203 825 237 Graecos
835 203 936 238 rarior
946 227 958 245 ‚
969 205 1140 248 praesertim

310 256 395 300 apud
408 256 601 290 Armenios.
1038 266 1093 303 75·
1109 267 1139 291 1.

259 301 457 341 confirmati
483 307 567 340 olim
592 305 693 339 etiam
717 305 859 339 infantes
878 315 885 335 z
914 303 1004 348 quod
1032 313 1140 339 tamen

307 355 372 398 jam
383 356 510 399 pridem
523 356 616 402 desiit
631 380 637 387 .
1018 364 1096 404 343.
1109 366 1138 391 2-

256 405 478 444 Confirmatio
501 404 725 446 &Presbytero
749 405 817 439 fine
828 403 985 448 Episcopi
1007 405 1138 439 licentia

305 454 425 491 collata
436 480 448 497 ,
472 457 561 490 irrita
572 454 634 488 est.
666 464 741 503 343.
755 464 786 489 2.
812 454 851 487 In
865 453 1005 489 Ecclesia
1018 454 1136 489 Latina

304 505 462 549 Episcopi
474 506 621 540 Romani
635 506 768 540 licentia
780 516 862 548 opus
873 505 917 538 est
933 531 939 537 .
1013 515 1091 552 341.
1107 515 1138 550 1.

252 555 479 590 Confirmatio
504 556 538 590 ὅ(
565 555 718 589 Extrema
746 554 875 589 Unstio
901 553 943 588 ab
967 553 1136 594 Armeniis

257 622 260 624 >
305 606 437 640 tandem
450 608 613 649 expunsta
628 630 640 646 ‚
666 617 723 639 cur
739 607 752 639 2
1010 613 1087 652 344.
1102 617 1134 641 2.

251 655 476 700 Confirmatio
488 657 524 690 in
539 655 644 690 haeresi
658 665 790 703 accepta
801 679 814 696 ,
839 654 889 690 uti
910 654 972 689 &a
986 652 1133 689 schisma-

302 706 372 741 tico
380 706 500 741 collata
512 706 557 739 est
576 704 682 740 valida
697 730 705 737 .
849 715 933 752 ¹341.
948 716 978 741 1.
1004 706 1132 747 &seqq-

251 756 473 792 Confirmatio
497 767 568 790 non
590 756 635 794 est
648 753 894 797 Sacramentum
907 764 1133 790 mortuorum·

304 817 380 855 343·
394 818 424 844 2·

248 857 552 892 confirmationem
562 858 651 900 posse
662 867 704 890 ex
714 857 807 891 causa
818 856 926 890 iterari
935 853 1036 889 hodie
1056 864 1132 888 cen-

299 908 372 942 sent
391 908 496 942 Graeci
507 905 702 940 schismatici
716 918 727 937 .-
753 903 807 938 sed
817 913 924 938 errant
934 903 1130 948 gravissime.

302 964 423 1003 343·>2·

248 1002 524 1039 confirmationis
547 1001 787 1037 administratio
810 1002 888 1037 solis
910 1003 1079 1047 Episcopis
1092 1003 1132 1038 ab

297 1051 445 1089 Ecclesia
455 1053 575 1087 Latina
587 1052 698 1097 passim
713 1054 865 1087 reservata
876 1079 884 1086 .
915 1064 991 1102 339.
1003 1063 1033 1088 2.
1046 1053 1131 1088 Pres-

295 1104 421 1147 byteris
447 1113 557 1137 tamen
582 1102 747 1137 interdum
773 1104 920 1137 concess'a
947 1130 953 1137 .
993 1114 1069 1152 340.
1102 1115 1129 1140 1.

294 1152 397 1198 Apud
424 1153 555 1188 Graecos
579 1163 620 1187 ex
645 1152 778 1188 licentia
804 1153 969 1198 generali,
995 1154 1127 1189 absente

294 1204 461 1247 Episcopo
480 1229 487 1235 .
1006 1214 1083 1252 340.
1096 1216 1127 1241 2-

246 1252 520 1289 Confirmationis
541 1254 647 1290 forma
671 1263 741 1287 non
764 1253 810 1287 est
823 1278 834 1294 ‚
859 1254 1050 1297 signaculum
1059 1254 1129 1290 dom·

295 1307 424 1347 Spiritus
434 1302 550 1337 sanans
562 1329 569 1334 .
598 1303 675 1339 160.
693 1315 720 1339 1.
747 1301 827 1337 Alia
838 1304 961 1339 vetusta
974 1305 1105 1340 affertur
1116 1329 1123 1337 .

294 1354 374 1389 ibid.
404 1353 587 1389 Cardinalis
598 1353 764 1387 Beffarion
778 1354 901 1388 fallitur
912 1381 920 1388 .
1001 1354 1078 1392 160.
1093 1366 1124 1391 2.

245 1403 429 1450 Coniugati
451 1404 558 1447 primo
580 1403 753 1449 Evangelii
775 1412 922 1448 tempore
945 1404 980 1439 in
994 1405 1127 1449 Episco-

296 1466 356 1500 pos
367 1455 458 1489 elesii
466 1478 473 1486 .
1027 1464 1081 1500 59.
1095 1464 1124 1489 1-

242 1504 444 1549 Conjugatis
455 1504 491 1536 in
502 1503 583 1536 iocis
593 1502 687 1537 sacris
696 1501 856 1537 habitatio
875 1503 987 1546 nequit
1010 1514 1126 1538 conce-

296 1554 354 1595 di,
380 1553 460 1588 cur?
1004 1553 1079 1600 163.
1092 1563 1123 1587 2.

240 1602 509 1647 Conjugatorum
522 1612 621 1636 nemo
634 1602 669 1635 in
684 1600 824 1637 Ecclesia
837 1602 990 1637 Romana
998 1603 1037 1636 ad
1047 1602 1123 1644 Epi-

294 1653 464 1696 scopatum
485 1661 692 1697 promovetur
708 1677 720 1694 ,
748 1651 807 1686 nisi
829 1654 933 1687 uirore
953 1651 1121 1687 continen-

294 1702 376 1736 tiam
389 1712 528 1737 vovente
542 1729 550 1738 .
957 1712 1034 1739 100-
1049 1714 1077 1739 1·
1094 1713 1123 1739 2-

242 1750 414 1797 Conjuges
441 1753 513 1798 post
524 1753 652 1788 coitum
672 1751 713 1786 ab
724 1751 863 1797 ingreffu
876 1752 1021 1787 Eccleliae
1031 1751 1124 1786 absti-

229 1820 232 1825 ·
290 1806 435 1837 nuerunt
457 1828 464 1835 .
491 1801 600 1837 Immo
619 1802 731 1836 fideles
754 1813 870 1837 omnes
902 1803 973 1846 post
1001 1812 1122 1836 naturae

295 1851 426 1888 fluxum
440 1877 447 1884 .
478 1853 558 1889 162.
575 1864 603 1889 1.
631 1852 684 1884 Ex
706 1862 774 1895 quo
795 1861 870 1885 nata
891 1851 937 1885 est
957 1861 1122 1895 puerpera-

291 1910 365 1934 rum
378 1902 421 1935 ab
435 1903 583 1938 Ecclefiae
594 1902 733 1946 ingreliu
745 1901 910 1945 suspensio
920 1926 927 1934 .
1013 1899 1081 1935 162.
1090 1910 1119 1935 2-

241 1947 297 1984 De
307 1949 501 1997 Conjugum
513 1952 715 1993 separatione
726 1951 831 1984 fidelis
842 1951 883 1984 ab
894 1949 1022 1983 infideli
1039 1972 1050 1988 ,
1064 1947 1122 1980 ali-

289 2009 338 2033 ter
348 1999 407 2030 sub
418 1997 616 2031 Christianis
624 2022 634 2038 ‚
660 1996 754 2031 aliter
774 1997 832 2031 sub
843 1997 986 2042 Paganis
998 1997 1122 2030 Princi-

288 2044 384 2089 pibus
395 2044 621 2080 statuendum.
652 2053 725 2094 129-
740 2056 769 2080 2.-
798 2047 875 2079 Hac
897 2048 933 2078 in
944 2057 978 2079 re
988 2046 1122 2081 Tertul-

253 2118 257 2122 ·
289 2096 397 2130 lianus
413 2095 637 2130 montanizat.
661 2102 663 2106 ’
1036 2095 1118 2130 lbid.

238 2145 405 2181 Constans
413 2145 583 2191 Augustus
593 2145 741 2188 pertinax
751 2142 978 2180 Monothelita
993 2171 1000 2179 .
1026 2155 1082 2194 23.
1097 2158 1121 2180 ι.
1131 2155 1135 2193 ῑ

289 2197 446 2231 Haerefim
457 2198 545 2230 suam
556 2196 663 2230 edisio
676 2194 885 2241 confirmavit
895 2219 902 2227 .
933 2205 989 2242 24.
1006 2207 1035 2231 1.
1064 2196 1135 2232 Del

289 2258 358 2292 quo
379 2246 533 2291 Episcopi
544 2244 619 2280 Afri
640 2244 763 2280 litteras
775 2243 815 2279 ad
826 2244 1047 2280 Theodorum
1060 2247 1118 2280 Pa·
1129 2247 1134 2315 Ι

287 2308 363 2341 pam
374 2297 563 2331 direxerunt
575 2321 583 2329 .
1017 2306 1072 2343 ²4·
1087 2308 1118 2334 2·
1130 2318 1132 2321 .

238 2347 406 2382 Constans
425 2347 455 2380 S.
479 2346 666 2381 Martinum
688 2344 857 2390 captivum
878 2343 995 2380 abduci
1007 2346 1092 2389 juffit
1106 2371 1117 2387 ,

289 2396 402 2441 illique
412 2397 548 2431 confidia
559 2396 696 2430 crimina
709 2395 862 2439 imposuit
874 2419 882 2427 .
1017 2406 1071 2444 27.
1084 2404 1116 2430 2.

239 2447 405 2483 Constans
416 2456 534 2491 typum
545 2446 579 2480 vi
591 2447 625 2481 δε
636 2446 733 2481 armis
744 2454 907 2489 receptum
918 2444 1030 2479 voluit.
1044 2446 1117 2480 Nec

291 2506 399 2531 tamen
413 2497 520 2531 voluit
532 2496 609 2530 fidei
621 2498 804 2540 persecutor
835 2495 945 2529 audire
957 2521 965 2528 .
1016 2493 1071 2532 28.
1088 2507 1114 2532 1-

239 2547 431 2581 Constantis
444 2546 587 2592 Augusti
599 2547 697 2581 tristis
707 2546 814 2580 exitus
824 2570 831 2576 .
1017 2544 1071 2582 28·
1084 2556 1115 2580 2.,

238 2595 429 2631 Constantis
440 2606 539 2640 typus
551 2596 656 2631 editus
671 2622 678 2629 .
699 2594 787 2633 26.1.
805 2595 990 2630 Damnatus
1002 2620 1009 2627 .
1036 2606 1113 2644 27.1.

286 2648 367 2681 cur?
393 2646 476 2681 lbid.
496 2646 603 2687 Vide,
632 2650 750 2689 Typus.

237 2696 608 2740 constantinopolitana
635 2694 840 2730 Bibliotheca
865 2694 1034 2739 quondam
1065 2695 1114 2729 in-

284 2746 484 2781 strudiiffima
498 2759 505 2779 :
531 2748 596 2781 una
608 2758 684 2782 cum
695 2742 958 2780 Bibliothecariis
983 2744 1094 2780 exusta
1106 2771 1113 2778 .

288 2806 366 2842 194.
379 2806 411 2831 2.

233 2843 610 2891 Constantinopolitanae
632 2846 778 2882 Ecclefiae
809 2845 917 2889 qualia
942 2845 1111 2891 privilegia

282 2905 359 2929 cum
369 2894 519 2932 Romana
533 2898 550 2931 a
562 2897 702 2931 Canone
713 2896 876 2941 trigesimo
887 2895 1113 2931 sextoTrulla·

285 2955 335 2979 no
354 2945 483 2988 peffime
493 2949 640 2982 concessa
651 2972 659 2980 .
959 2956 1013 2993 90.
1030 2957 1057 2981 1.
1070 2956 1105 2980 2..

229 2989 594 3039 Constantinopolitani
617 2996 770 3042 Episcopi
780 3006 923 3031 errorum
935 2996 1108 3030 seminato-

279 3054 329 3078 res
344 3068 351 3077 .
1032 3045 1064 3082 6.
1080 3057 1107 3082 1·

228 3091 444 3130 Constantini
481 3094 689 3141 Coptonymi
716 3096 809 3131 variae
836 3095 1101 3131 nomenclaturae.

278 3152 392 3191 229.1.
407 3158 437 3183 2·
464 3146 541 3180 Fuit
555 3147 700 3190 Judaeus,
727 3148 761 3181 in
774 3146 950 3191 Deiparam
962 3145 1104 3189 blasphe-

276 3203 350 3229 mus
360 3220 368 3227 .
394 3195 473 3230 ibid.
485 3194 664 3231 Monachis
674 3221 685 3237 ,
697 3196 839 3231 Basilicis
850 3221 861 3237 ,
874 3196 1018 3239 reliquiis
1026 3197 1103 3230 San-

276 3245 402 3279 &orum
423 3245 603 3281 adversatus
615 3271 622 3279 .
652 3256 730 3294 230.
746 3258 776 3283 1·
798 3246 1056 3290 'Monophysitas
1066 3246 1100 3280 in

231 3312 233 3315 .
248 3315 250 3318 -
276 3293 437 3337 adjutores
447 3296 599 3331 adscivit.
627 3294 658 3329 A
670 3294 805 3330 subditis
835 3296 1050 3339 juramentum
1061 3296 1101 3330 de

1253 216 1326 239 mos
1346 207 1505 248 martyrio
1522 212 1646 246 affecit.
1672 213 1813 252 Crucem
1835 217 1902 253 fine
1911 215 2075 278 crucifixe>¹

1254 267 1325 289 non
1349 256 1537 313 exufflavit3
1564 269 1642 305 230.
1653 274 1684 297 2.
1711 267 1884 309 synodum
1907 268 2073 316 338‚Ep1.

1255 306 1426 348 scoporum
1435 315 1546 351 coegit
1555 330 1564 339 .
1591 317 1636 354 23
1643 317 1671 342 1.
1687 319 1716 343 1.
1724 315 1825 358 eujus
1832 329 1955 353 errores
1964 318 2073 354 recem·

1254 356 1380 389 sentur.
1408 355 1488 389 ibid.
1509 356 2003 403 &sequoccouventiculum
2016 366 2071 402 ha.

1255 404 1362 439 bitum
1372 416 1462 439 anno
1476 415 1556 453 754.
1577 416 1655 456 232.
1665 417 1697 442 2.
1710 426 1713 429 κ
1726 408 1933 451 Constantini
1944 418 2075 462 Copto-

1250 455 1366 498 nymi‚
1392 456 1425 489 &
1438 454 1599 492 Anastafii
1622 456 1814 493 Patriarchae
1834 461 1928 495 miser
1946 469 2070 502 exitus.

1250 504 1331 539 ibid.
1343 504 1548 540 Exhumatus
1560 530 1571 546 ‚
1597 507 1744 554 egrustus.
1946 518 2023 560 233.
2042 526 2076 550 1⁶-

1200 554 1439 591 Constantinus
1465 555 1681 601 pogonatus,
1709 558 1795 594 unde
1814 559 1940 595 distas?
1966 562 2074 597 Pater-

1250 617 1330 639 num
1343 604 1499 640 thronum
1521 609 1710 651 occupavit.
1739 619 1838 653 29.1.
1866 611 2074 647 Monotheli-

1247 663 1350 689 tarum
1361 657 1451 690 osor.
1479 656 1557 690 ibid.
1569 657 1762 693 Generalem
1774 660 1947 703 Synodum
1968 662 2076 706 postu·

1245 705 1345 739 lavit.
1372 715 1426 752 29.
1441 715 1474 739 2.
1501 706 1553 741 Ac
1570 707 1658 742 mitti
1681 709 1879 752 Episcopos‚
1907 712 2071 757 Legatos,

1246 767 1284 789 ac
1306 754 1495 790 Monachos
1516 755 1714 793 nonnullos.
1741 757 1822 792 ibid.
1842 761 2013 806 Episcopis
2033 773 2073 796 ac

1245 804 1378 849 Legatis
1398 816 1531 840 omnem
1553 807 1688 851 spondet
1708 806 1964 845 humanitatem.
1992 810 2071 847 ibid.

1247 855 1358 896 Atque
1367 854 1534 890 exhibuit.
1564 866 1618 904 30.
1634 867 1661 897 1.
1676 858 1930 894 Viroseruditos
1942 861 2076 905 unaque

1244 904 1344 939 libros
1360 905 1554 949 postulavit.
1970 921 2024 959 30.
2040 923 2072 948 2·

1195 953 1415 989 Constantino
1442 956 1617 1000 pogonato
1643 958 1840 995 acclamatur
1861 986 1869 994 .
1895 971 1951 1008 47.
1980 972 2008 997 1.
2037 970 2073 996 2·

1244 1003 1414 1086 Elpiscopis
1435 1007 1503 1049 egit
1515 1008 1655 1055 gratias,
1681 1020 1719 1043 ac
1741 1010 1922 1053 postremus
1942 1010 2075 1045 subscri-

1244 1063 1320 1098 pit.
1498 1068 1501 1072 <
1990 1058 2019 1096 8.
2043 1070 2072 1095 1·

1193 1102 1432 1138 Constantinus
1443 1102 1616 1145 Presbyter
1629 1105 1856 1142 Monothelita
1868 1109 1886 1143 a
1896 1070 2076 1151 V1.4Syno·

1241 1153 1286 1188 do
1297 1151 1506 1189 anathemate
1519 1153 1600 1191 isius
1612 1162 1709 1197 atque
1719 1153 1738 1187 ὲ
1750 1155 1889 1197 Synodo
1904 1157 2071 1200 expulsus.

1242 1204 1296 1252 46-
1307 1215 1339 1242 2..

1193 1254 1456 1290 Constitutiones
1469 1255 1651 1291 Clementis
1662 1254 1871 1300 apocryphae.
1902 1257 1992 1303 562.
2016 1255 2073 1291 Ab

1241 1305 1370 1340 Ariano
1380 1307 1484 1348 quarti
1499 1306 1602 1341 saeculi
1612 1306 1707 1341 editae
1718 1332 1726 1339 .
1969 1318 2024 1355 57.
2041 1318 2071 1344 1.

1193 1356 1411 1390 Continentia
1422 1355 1594 1400 Episcopis
1618 1368 1655 1391 ac
1667 1355 1804 1392 Clericis
1824 1357 1948 1392 Graecis
1969 1357 2073 1402 qualis

1241 1406 1323 1440 olim
1337 1407 1516 1450 praescripta
1527 1429 1536 1439 .
1855 1405 1911 1444 68.
1929 1419 1957 1444 1·
1969 1417 2022 1455 70-
2036 1419 2073 1443 2·

1192 1456 1409 1489 Continentia
1420 1456 1515 1497 plena
1526 1455 1567 1489 ab
1579 1455 1722 1490 Ecclesia
1736 1457 1890 1490 Romana
1906 1456 2075 1498 Presbyte-

1240 1504 1305 1545 ris,
1332 1503 1493 1537 Diaconis
1516 1516 1553 1538 ac
1579 1504 1796 1539 Subdiaconis
1814 1506 2075 1549 semperimpoli·

1240 1563 1292 1587 ta:
1321 1553 1410 1586 secus
1422 1553 1441 1586 ὲ
1456 1554 1826 1596 Constantinopolitana
1840 1579 1847 1586 .
1875 1565 1963 1601 59.1.
1981 1554 2076 1602 692.

1191 1602 1434 1637 Conviviorum
1448 1613 1503 1646 per
1514 1603 1667 1647 Belgium
1690 1602 1725 1638 in
1738 1601 2002 1638 dedicationibus
2013 1605 2070 1642 &a

1237 1654 1356 1698 origo,
1384 1652 1503 1687 unde?
1578 1649 1581 1653 ’
1946 1663 2023 1701 134.
2043 1666 2071 1690 1.

1189 1703 1452 1743 conviviorum,
1479 1702 1642 1744 saltuum,
1669 1704 1725 1738 &a
1751 1702 1867 1739 abusus
1887 1703 1906 1738 a
1930 1704 2075 1739 Gentili-

1238 1753 1346 1788 busin
1363 1753 1540 1787 Ecclesiam
1552 1753 1598 1788 est
1614 1753 1805 1788 devolutus.
1970 1764 2024 1799 79.
2041 1766 2072 1790 1,

1189 1802 1359 1836 Convivia
1372 1827 1380 1834 .
1407 1801 1520 1840 Vide,
1548 1806 1671 1843 Agapes.

1188 1850 1280 1884 Crux
1292 1847 1474 1894 antiquitus
1486 1849 1520 1882 in
1533 1850 1658 1884 summa
1673 1849 1883 1886 veneratione
1893 1851 1938 1887 est
1951 1850 2073 1888 habita.

1188 1909 1368 1982 &tiit-mlii
1379 1947 1570 1982 Sanstorum
1583 1948 1728 1991 reliquiis
1738 1957 1814 1983 ante
1824 1954 1934 1992 pestus
1946 1977 1957 1992 ,
1985 1952 2070 1986 olim

1232 1996 1348 2042 gestari
1361 1997 1452 2030 solita
1468 2023 1474 2029 .
1945 1998 2021 2047 382.
2039 2014 2066 2038 1.

1184 2046 1326 2082 Crucem
1337 2046 1353 2080 a
1366 2046 1442 2081 solis
1454 2046 1624 2090 Episcopis
1636 2046 1755 2083 alicubi
1778 2047 1836 2095 figi
1846 2050 1979 2085 mandat
1994 2052 2068 2086 Leo

1234 2096 1422 2142 Augustus«,
1448 2097 1531 2131 cur?
1942 2098 2016 2148 178.
2033 2113 2062 2138 2-

1184 2148 1323 2183 Crucem
1335 2146 1544 2181 Iconoclastae
1569 2148 1819 2184 venerabantur.
1851 2159 1925 2197 130.
1937 2161 1968 2186 2-
1995 2150 2062 2183 Prae

1231 2209 1324 2232 cruce
1337 2197 1496 2243 imagines
1507 2199 1714 2234 venerandae:
1741 2199 1835 2233 Hinc
1854 2198 1934 2234 faede
1944 2199 2066 2235 leono-

1231 2247 1335 2282 clastae
1346 2246 1494 2281 aberrant
1511 2272 1519 2279 .
1981 2250 2065 2286 ibid..

1182 2298 1324 2333 Crucem
1348 2297 1424 2331 licet
1446 2297 1625 2331 exosculari
1653 2323 1665 2340 ,
1690 2298 1725 2332 ὃς
1740 2298 1872 2334 adorare
1891 2325 1899 2333 .
1930 2310 2004 2348 131.
2029 2312 2059 2337 1-

1230 2346 1436 2382 Adoratione
1446 2347 1632 2383 salutatoria
1647 2372 1659 2389 ,
1686 2361 1753 2384 non
1768 2348 1882 2384 latria:
1908 2350 1990 2385 Haec
2012 2351 2062 2385 est

1229 2397 1327 2431 solius
1339 2396 1488 2431 crucifixi
1500 2421 1507 2429 .
1934 2411 2008 2449 131.
2024 2412 2056 2438 2.

1180 2446 1279 2480 Cruci
1301 2447 1427 2481 cultum
1447 2447 1643 2493 denegantes
1672 2442 1769 2494 primi
1792 2448 1932 2485 haeretici
1953 2461 2060 2485 recen·

1229 2498 1338 2531 sentur
1349 2523 1356 2530 .
1934 2510 2008 2548 130.
2021 2512 2055 2537 2-

1179 2546 1294 2581 Crucis
1314 2547 1451 2592 figuram
1474 2547 1507 2582 in
1531 2549 1719 2592 pavimento
1743 2548 1906 2583 efformari
1929 2549 2056 2595 legibus

1227 2596 1377 2631 Caesareis
1398 2598 1481 2631 olim
1493 2599 1612 2634 merito
1636 2598 1836 2644 prohibitum
1848 2622 1859 2638 ‚
1884 2608 1917 2631 at
1929 2599 1963 2632 in
1977 2599 2056 2633 Gal-

1231 2647 1272 2681 lia
1284 2658 1350 2681 non
1363 2646 1566 2682 observatum
1580 2674 1586 2679 .
1887 2658 1961 2693 129.
1977 2659 2004 2684 1.
2017 2658 2054 2683 2..

1178 2697 1293 2731 Crucis
1313 2697 1416 2742 figura
1435 2697 1468 2731 in
1484 2709 1517 2732 re
1539 2699 1647 2743 gravis
1660 2696 1820 2733 momenti
1831 2706 1907 2732 ante
1920 2695 2055 2732 subscri-

1225 2757 1316 2790 ptum
1328 2758 1449 2781 nomen
1460 2747 1517 2792 figi
1528 2749 1620 2783 solita
1630 2775 1638 2782 .

1920 2757 1997 2795 393·
2014 2759 2047 2784 1‘

1176 2795 1390 2839 Cultusjuxta
1401 2796 1552 2842 cujusque
1561 2821 1571 2838 ,
1596 2798 1653 2832 cui·
1660 2797 1800 2834 defertur
1813 2821 1824 2837 ‚
1834 2795 2050 2842 dignitatem,

1222 2847 1269 2883 est
1285 2847 1409 2882 varius.
1438 2847 1507 2895 176.
1521 2860 1548 2885 1·
1574 2847 1687 2890 Vide,
1711 2852 1882 2892 Imagines.

1593 2947 1630 2983 D

1264 3047 1670 3086 AMNATIOinterdum
1682 3074 1693 3091 ,
1721 3050 1807 3095 apud
1818 3051 1949 3086 Graecos
1969 3062 2044 3096 prae-

1286 3101 1390 3134 sertim
1411 3123 1423 3141 ,
1450 3099 1624 3144 subscripta
1644 3102 1778 3137 calamis
1800 3101 1956 3147 sanguine
1973 3101 2042 3135 Do·

1211 3150 1338 3183 minico
1359 3151 1523 3184 intinstis.
1942 3161 1995 3197 ις.
2008 3158 2040 3184 2-

1161 3201 1299 3234 Decreta
1320 3199 1452 3233 Nicolai
1474 3211 1512 3233 ac
1533 3199 1674 3235 Adriani
1697 3201 1868 3236 aCanone
1897 3199 2040 3235 secundo

1210 3248 1760 3292 V111.syn0diresteconfirmata.
1786 3251 1880 3286 Huic
1901 3247 2036 3284 Camoni

1208 3298 1408 3334 Hincmarus
1422 3300 1479 3334 diu
1498 3301 1710 3336 recalcitravit
1722 3327 1730 3335 .
1869 3300 1943 3341 264-
1962 3304 1990 3329 1.
2002 3307 2037 3334 2·

275 3342 478 3388 imaginibus
496 3357 565 3381 non
587 3345 760 3381 adorandis
778 3347 889 3391 exegit
901 3370 908 3378 .
935 3345 1012 3380 ibid.
1038 3347 1099 3380 Sex
1159 3349 1197 3384 ln
1210 3350 1432 3384 Dedicatione
1446 3351 1541 3398 origo
1552 3362 1607 3396 per
1620 3351 1773 3397 Belgium
1784 3344 2009 3387 conviviorum
2022 3369 2036 3385 ‚

250 3411 253 3414 ⁴
274 3395 441 3438 generales
453 3396 592 3440 depictas
603 3395 757 3439 Synodos
766 3395 851 3439 juffit
861 3394 980 3439 deleri,
1005 3394 1101 3440 pluri-

285 3462 289 3467 ν
308 3473 312 3476 .
326 3443 432 3488 Cbrss.
445 3449 523 3490 Lupi
535 3451 623 3490 oper.
637 3449 771 3479 Tom.111.

1917 3407 1932 3431 1
1939 3405 2037 3441 34-1.

1863 3445 1989 3491 Degra-

1205 3398 1320 3436 Διωάὲὶ
1547 3423 1550 3427 ,

1509 3449 1638 3496 Ges
