2340 3762
280 185 408 223 diuino
417 183 618 222 monasterio
628 182 720 231 niger
729 181 913 220 monachus
923 185 1028 216 fuerat
1040 203 1051 218 ‚
1063 179 1167 215 redux

277 236 362 282 eligi
386 234 660 282 fine-Apostolicn
669 234 906 279 dispensatione
916 241 986 266 non
1008 229 1120 272 potuit
1132 230 1166 264 in

278 284 808 323 *AbbatemP-taemo‘nstratensem.
839 279 968 315 Eadem
980 279 1167 315 innocentii

86 360 93 365 x
139 366 144 370 .
280 338 372 372 tertii
390 336 541 381 Epistok
555 332 660 371 exstat
681 329 767 375 apud
789 329 989 374 Gregorium
1012 340 1141 367 nonum
1155 355 1164 363 .

96 368 262 410 Lumbi·
278 386 375 423 Male
382 386 524 431 istam-0
535 382 706 423 monasterio
717 380 820 415 sanet·
832 384 980 417 Vincenttt
992 405 1004 422 ,
1015 379 1139 425 legitur
1151 405 1163 422 ,

103 418 180 441 εἰῶ
276 437 453 479 maderio
459 434 562 472 San&
572 436 750 468 Innocentit.
776 429 884 466 Porro
898 430 1081 468 Ernaldum
1093 430 1164 469 De·

277 496 421 529 unum,
447 484 504 529 qui
516 481 748 519 &monasterio
766 480 809 517 ad
834 480 1042 519 canonicam
1062 480 1162 515 redie-

276 543 348 580 rat‚'
359 544 451 570 notat
463 531 642 571 Goffredus
652 531 924 570 vindocinensis.
955 531 1058 581 Qod
1071 530 1160 569 dicto

278 584 414 623 Urbani
426 582 561 622 secundi
571 583 714 619 Decreto
733 594 803 618 non
817 581 966 620 obstante
976 590 1161 619 controver·

276 636 383 671 verint
393 635 518 681 semper
528 644 605 669 cum
615 633 786 678 Episcopis
805 632 840 667 ὅτ.
852 632 991 673 Clericis
1010 632 1165 678 regulari·

276 686 338 724 bus
348 683 504 722 monachi
516 708 528 725 ,
539 684 686 723 volentes
696 683 818 723 statum
830 684 924 718 suum
946 684 1143 720 sanctiorem
1155 706 1167 727 ‚

276 732 419 782 ideoque
438 734 533 772 illum
546 735 566 774 ,ὲ
577 734 714 775 Clericis
727 734 796 769 istis
817 733 917 768 etiam
929 733 1093 778 Episcopo
1115 732 1164 767 in-

277 785 349 820 vito
361 786 450 832 poffe
465 783 613 824 adsumi.
639 784 684 824 Et
696 781 873 823 Goffredus
895 782 1007 821 Abbas
1032 783 1078 820 ob
1092 782 1165 821 illu·

275 835 352 872 stria
363 836 398 871 in
411 835 593 876 Urbanum
602 834 784 874 secundum
795 831 966 874 schismate
993 834 1161 871 adflissmm

276 887 467 924 meritaerat
476 886 599 932 linguae
609 885 784 923 liberioris.
810 883 903 933 Qin
915 884 1020 920 immo
1039 882 1164 920 nonitit

274 936 402 985 pridem
413 936 484 981 post
494 935 679 981 Stephanus
691 936 837 971 Clericus
849 937 884 970 &
896 933 1009 973 Abbas
1021 934 1162 982 Regula-

276 987 321 1021 ris
343 998 381 1021 ac
392 987 470 1022 dein
480 987 664 1032 Episcopus
673 986 892 1027 Tornacensss
912 987 948 1021 in
970 985 1110 1022 laudatis
1122 983 1164 1022 ad

275 1035 464 1072 Robertum
476 1036 766 1075 Pontiniacensem
778 1036 896 1074 litteris
906 1037 1025 1073 fatetur
1037 1033 1166 1072 urbani

274 1086 455 1126 Canonem
467 1100 537 1124 non
549 1085 667 1124 habere
688 1088 758 1125 vim
771 1084 924 1124 adversus
936 1084 1100 1122 ordinem
1113 1084 1169 1121 Ci-

273 1137 499 1172 sterciensem.
525 1138 615 1174 Certe
623 1148 673 1179 ego
683 1160 695 1175 ,
723 1134 834 1178 inquit
845 1158 856 1177 ‚
881 1139 1029 1172 canonicis
1047 1134 1164 1179 regula-

274 1187 359 1222 ribus
378 1185 511 1230 praesum
524 1211 535 1227 ,
560 1187 595 1225 <5⁷
606 1186 671 1221 cum
688 1187 708 1222 ἃ
723 1188 849 1221 Domino
871 1187 963 1229 Papa
975 1184 1169 1224 Alexandro

276 1237 377 1271 tertio
397 1237 596 1282 privilegium
619 1246 782 1280 quaererem
791 1261 803 1277 ,
827 1244 861 1270 ut
874 1238 1043 1272 canonicos
1064 1236 1170 1276 nostros

277 1286 360 1320 nobis
373 1290 483 1322 invitis
495 1286 593 1321 nullus
603 1291 729 1321 retinere
739 1287 864 1322 auderet
877 1309 888 1325 ,
915 1287 1039 1320 addidit
1060 1291 1092 1322 ,r'n
1101 1291 1166 1328 pri-

276 1338 384 1381 vilegio
395 1349 407 1370 .·
435 1336 526 1372 NISI
538 1335 703 1372 CAUSA
715 1335 1075 1373 DlSTRICTIORls
1098 1335 1162 1370 VI-

276 1386 380 1421 TAE
407 1386 486 1422 AD
521 1386 904 1422 ARCTIOREM
930 1386 1163 1425 ORDINEM

278 1436 618 1472 TRANSIERINT
638 1462 646 1469 .
671 1441 747 1471 Ecce
771 1439 896 1474 videtur
915 1461 927 1477 ‚
952 1442 1024 1479 quia
1040 1438 1164 1479 privile-

273 1492 358 1532 gium
368 1488 483 1523 Urbani
500 1486 685 1535 restringitur
704 1489 861 1530 privilegio
876 1487 1041 1521 Alexandri
1058 1510 1064 1518 .
1093 1487 1166 1523 Vere

274 1537 307 1581 fi
322 1539 433 1581 aliquis
455 1537 613 1578 nostrorum
633 1539 678 1570 ad
699 1535 898 1581 cistercienses
918 1535 1042 1579 transire
1053 1537 1166 1577 vellet,

281 1596 352 1620 ante
362 1586 517 1628 transitum
539 1586 731 1630 dissuaderem
742 1607 753 1625 ,
772 1586 834 1626 post
845 1583 1001 1627 transitum
1019 1595 1078 1618 non
1087 1594 1168 1618 revo-

280 1648 379 1672 carem
389 1663 396 1669 .
422 1637 547 1671 Nollem
560 1638 685 1678 Spiritui
698 1633 805 1669 Sant‘le
817 1633 938 1678 refistere
949 1659 960 1676 ,
986 1635 1092 1669 nollem
1101 1636 1168 1677 Spi-

280 1693 372 1722 ritum
387 1686 567 1731 exstinguere
579 1710 591 1727 ,
621 1686 726 1720 nollem
746 1684 919 1720 libertatem
937 1687 1065 1728 spiritus
1077 1690 1169 1727 impe-

281 1739 348 1772 dire
369 1763 376 1770 .
403 1737 447 1772 Et
469 1737 548 1771 hinc
575 1735 677 1771 hodie
704 1735 812 1779 quivis
838 1735 1018 1780 Regulares
1046 1733 1167 1769 Clerici

284 1786 385 1837 libere
397 1786 528 1821 transire
539 1786 669 1831 poffunt
680 1784 721 1818 ad
731 1785 874 1819 Ordines
889 1781 1121 1820 Mendicantes
1137 1809 1144 1816 .

333 1836 517 1880 Episcopus
525 1846 636 1872 tamen
647 1832 911 1870 monachismum
923 1833 1095 1867 adsumens
1116 1834 1171 1866 de-

282 1887 381 1933 'ponit
393 1887 435 1921 ab
446 1886 645 1931 Episcopatu
660 1885 798 1928 seipsum
808 1909 819 1926 ,
845 1895 950 1927 neque
964 1882 1117 1926 deinceps
1128 1882 1169 1916 ad

284 1937 516 1982 Episcopalem
527 1934 726 1970 Cathedram
740 1933 843 1976 potest
856 1933 1006 1975 respirare
1017 1956 1024 1965 .
1052 1930 1097 1964 Et
1111 1929 1167 1964 hic

284 1988 332 2024 est
344 1988 458 2031 scopus
468 1985 487 2020 a
501 1982 646 2028 praesenti
665 1980 834 2017 Photiano
847 1980 989 2015 Canone
1000 1981 1147 2015 intentus
1161 2004 1169 2012 .

286 2037 414 2073 Eadem
426 2036 507 2071 olim
520 2034 582 2068 fuit
593 2033 677 2068 ratio
690 2031 920 2076 cujuscumque
931 2030 1052 2066 Clerici
1066 2056 1072 2063 .
1093 2029 1170 2065 Ere·
1192 2046 1193 2049 ¹

287 2089 359 2123 nim
370 2087 411 2122 ad
422 2083 643 2121 Anthemium
656 2083 817 2116 Romanae
829 2081 976 2116 Ecclefiae
991 2080 1168 2116 Subdiaco·

110 2168 133 2197 L
184 2165 206 2196 Ε
227 2162 260 2195 .st
286 2150 371 2173 num
393 2136 505 2172 scribit
520 2134 655 2170 Sanetus
669 2132 849 2177 Gregorius
859 2131 1006 2176 Magnus
1015 2145 1025 2165 :
1051 2133 1083 2165 St
1092 2142 1164 2173 quos

111 2176 173 2243 4:2¹--
206 2172 236 2204 ΡΙ
261 2184 273 2195 ⁰
287 2188 423 2234 qualibet
433 2184 572 2227 occatione
581 2186 601 2218 ἃ
611 2185 760 2219 elericatu
775 2188 808 2215 tn
819 2181 1006 2223 monasticam
1017 2179 1169 2222 converfio-

290 2251 358 2275 nem
382 2242 484 2272 ventre
499 2239 651 2280 contigerit
661 2259 672 2276 ,
698 2244 756 2267 non
765 2234 852 2267 liceat
862 2237 905 2266 eis
918 2233 962 2265 ad
974 2232 1109 2265 eamdem
1120 2232 1173 2264 vel

290 2291 385 2324 altam
395 2286 551 2330 Ecclesiam
561 2311 573 2327 ‚
596 2295 723 2328 quarum
728 2283 818 2326 prius
830 2285 942 2316 milites
945 2281 1077 2324 fuerant
1090 2305 1100 2322 ,
1117 2279 1172 2324 sua

291 2341 444 2375 voluntate
463 2336 559 2372 denua
580 2346 709 2370 remeare
722 2358 733 2374 ,
760 2332 816 2375 nifi
834 2334 904 2366 talis
927 2338 1003 2366 vttae
1014 2329 1171 2365 monachus

288 2389 388 2434 fuerit
400 2412 411 2429 ,
420 2397 454 2423 ut
467 2385 629 2431 Episcopus
641 2410 652 2426 ,
676 2390 722 2418 cut
733 2385 805 2417 ante
817 2385 1004 2417 militaverat
1015 2407 1025 2423 ‚
1037 2383 1170 2415 sacerdo-

294 2446 337 2476 tio
356 2442 479 2485 dignum
496 2437 696 2480 praevtderit,
721 2442 754 2467 ut
763 2434 802 2467 ab
818 2445 848 2467 eo
867 2433 972 2467 debeat
982 2433 1070 2476 eligi,
1094 2432 1129 2465 cb·
1143 2436 1173 2462 in

297 2492 354 2525 loco
364 2516 374 2532 ‚
399 2501 454 2532 quo
455 2489 645 2532 judicaverit
657 2509 668 2525 ,
681 2485 812 2517 ordinari
827 2508 834 2516 .
863 2484 907 2517 Et
920 2482 960 2516 ad
973 2481 1175 2516 Gaufredum

120 2545 258 2588 Epist.52.
295 2538 555 2574 Cenomanensis
576 2535 722 2571 Ecclefiae
733 2534 907 2569 Decanurn
921 2531 1029 2577 scribit
1042 2532 1176 2566 sanctus

299 2589 360 2625 lvo
381 2588 561 2631 Episcopus
575 2585 801 2620 Carnotensis:
829 2586 895 2627 ,Qut
906 2589 1069 2623 contempto
1082 2582 1175 2615 clert-

298 2650 369 2676 eaetu
388 2640 434 2674 ad
442 2635 645 2678 monasterium
656 2634 787 2678 confugit
798 2658 808 2675 ,
835 2636 869 2668 cb·
879 2635 895 2668 ἑ
904 2634 1042 2667 convers&
1058 2639 1177 2664 contem·

298 2699 351 2735 pto
360 2689 528 2730 monasterto
547 2687 653 2720 iterum
662 2686 706 2717 ad
714 2685 892 2718 Clericatum
902 2681 1056 2727 adspirare
1067 2689 1180 2715 conten·

300 2744 352 2777 dtt
363 2767 375 2784 ,
391 2752 448 2775 non
457 2732 632 2780 mihifacile
648 2732 851 2778 suscipiendus
864 2734 984 2767 videtur
994 2731 1031 2765 ab
1041 2737 1084 2766 eis
1096 2754 1107 2771 ,
1120 2734 1181 2773 qut-

301 2782 360 2828 bus
374 2797 456 2833 vita,
467 2791 501 2824 (9⁶
512 2787 649 2822 dodi-ina
660 2808 672 2825 ,
698 2785 733 2818 Θ·
746 2783 874 2816 moribus
886 2782 1078 2824 necdumfuit
1090 2785 1184 2814 mani·

298 2844 394 2887 festus
409 2867 416 2874 .
442 2843 474 2874 St
491 2841 558 2883 erga
570 2833 741 2879 hujusmodi
745 2832 881 2877 personae
890 2832 1043 2874 intrusione
1053 2841 1082 2866 te
1091 2828 1184 2874 sense·

305 2900 351 2929 ris
359 2894 556 2938 praegravari
567 2911 579 2929 ,
588 2886 684 2922 libera
693 2883 732 2925 est
740 2883 795 2918 tibi
800 2882 934 2926 facultas
946 2883 1098 2925 refutandi
1109 2905 1117 2913 .
1140 2880 1185 2914 Et

307 2944 345 2979 in
366 2939 498 2979 scholiis
518 2938 561 2974 ad
575 2934 689 2971 Photii
701 2933 1005 2969 Nomo-Canonem
1016 2932 1063 2966 ait
1071 2928 1187 2964 Theo-

133 3006 224 3040 *tit-1.
235 3012 291 3041 03.
310 2993 409 3030 dorus
423 2991 597 3026 Balsamon
611 3000 623 3021 .-
648 2991 736 3020 Νυνὶ
748 2995 805 3017 non
808 2981 954 3026 scriptam
964 2982 1115 3026 quandam
1125 2990 1189 3013 con-

309 3043 495 3087 suetudinem
508 3065 519 3080 ,
529 3049 596 3082 quae
608 3041 680 3080 quia
690 3035 874 3070 corroborata
884 3044 941 3067 non
955 3033 1020 3076 effer
1031 3056 1042 3073 ,
1054 3030 1190 3073 reproba-

314 3100 349 3126 ta
371 3095 404 3128 <55
415 3090 525 3134 rejetla
534 3088 572 3130 est
581 3113 589 3119 .
615 3087 693 3120 Cum
704 3091 781 3120 enim
791 3088 881 3118 moris
884 3083 1003 3127 fuiffet,
1032 3091 1065 3116 ut
1083 3086 1133 3124 qui
1152 3091 1190 3114 ex

316 3142 399 3178 laicis
411 3168 423 3184 ,
447 3143 502 3176 seu
514 3136 717 3174 saecularibus
736 3133 937 3170 sacerdotibus
957 3131 1092 3167 monachi
1106 3130 1192 3174 fac‘lt

318 3204 334 3227 e
355 3199 405 3225 ent
413 3215 424 3231 ‚
448 3195 585 3232 quoniam
591 3188 679 3231 prius
689 3184 844 3226 ministerio
854 3185 1041 3218 Sacerdotum
1048 3181 1192 3226 adscripti

337 3242 435 3284 efflent
445 3262 457 3279 ,
479 3239 540 3279 post
547 3237 714 3282 susceptam
729 3243 829 3270 vitam
840 3234 1038 3269 monachicam
1056 3237 1089 3266 in
1098 3239 1193 3273 corpo·

320 3301 353 3326 re
376 3291 410 3324 θ
428 3288 540 3330 collegio
562 3288 783 3327 ministeriorum
807 3284 1025 3328 recenserentur
1034 3308 1045 3324 ,
1070 3284 1105 3317 (¹5
1130 3292 1196 3316 cum

320 3336 522 3375 Sacerdotibus
530 3336 615 3369 laicis
626 3335 872 3380 conversarentur
881 3347 895 3377 ‚·
916 3334 1124 3378 sacratiffimus
1150 3343 1197 3365 no-

312 3391 378 3433 ster
389 3391 534 3423 Dominus
554 3383 682 3419 michael
693 3385 875 3423 Anchialus
895 3383 1083 3423 Patriarcha
1107 3382 1200 3419 Con-

866 98 1498 145 ΒΙεεει-ΈΛι-ιο

1224 179 1537 224 stantinopolitanus
1558 183 1637 220 hanc
1656 188 1774 233 longam
1796 195 2030 239 consuetudinem
2049 204 2104 241 pr,

1223 229 1316 264 nihilo
1328 239 1504 274 reputavit,
1528 244 1564 268 ac
1576 239 1648 271 verb
1658 239 1793 274 decrevrt
1806 265 1818 282 ,
1842 253 1875 275 ut
1893 258 1934 280 w
1957 249 2041 282 laicis
2052 249 2105 281 Sa-

1221 281 1386 318 cerdotibus
1399 281 1493 327 fhlum
1503 286 1663 326 ministeria
1683 286 1946 334 constituet-enta&
1968 296 2103 331 machi

1222 339 1366 370 autemtn
1374 333 1517 379 receffibus
1534 333 1598 380 suis
1617 336 1732 382 adfidut
1754 342 1860 385 effent.
1887 342 2104 388 Nequaquam

1223 381 1408 440 monachos
1417 385 1458 419 ad
1472 384 1606 421 Clerum
1617 393 1823 433 promoveri,
1849 392 1903 427 sed
1925 392 1944 426 ὲ
1970 392 2103 439 Presby-

1223 441 1300 467 teris
1312 434 1413 474 fastos
1424 435 1608 472 monachos
1620 449 1705 475 vetat
1715 452 1846 476 manere
1859 443 1895 476 in
1909 442 2104 487 ministerio,

1222 493 1277 520 aut
1293 483 1452 530 adipsum
1473 487 1591 521 redire.
1619 489 1674 523 De
1686 491 1761 525 solis
1776 491 1948 537 Episcopis
1970 493 2107 536 loquen-

1221 543 1289 568 tem
1310 533 1517 575 photianum
1536 537 1711 578 canonem
1731 544 1881 579 extendit
1903 544 1945 579 ad
1969 544 2105 579 Clerum

1222 584 1409 623 inferiorem
1425 611 1433 622 .
2171 627 2177 632 .

1270 634 1398 673 Verum
1421 634 1490 672 haec
1502 639 1689 675 moderatur
1698 664 1710 682 ,
1735 643 1770 678 δε
1782 643 1942 679 Romanae
1956 643 2110 679 Ecclefiae'·

1222 685 1348 720 sensum
1359 688 1498 731 exponit
1519 689 1554 726 in
1577 691 1668 735 supra
1680 691 1827 728 adductis
1848 695 1889 729 ad
1903 694 2105 739 Episcopum

1223 736 1444 772 Faventinum
1454 737 1571 774 litteris
1592 741 1806 787 Innocentius
1828 745 1966 784 tertius,
1991 744 2106 778 dicens

1221 785 1262 822 de
1276 784 1445 824 Photiano
1460 789 1621 826 Canone:
1647 796 1754 828 Canon
1764 799 1796 828 tn
1817 805 1849 828 eo
1877 795 2005 838 quuitur
2013 791 2083 835 casu
2095 817 2107 835 ,

1222 836 1287 871 cum
1307 845 1430 883 propter
1453 840 1576 883 aliquod
1585 847 1696 877 crimen
1707 841 1922 887 Episcopatum
1948 849 2016 887 quis
2028 841 2110 887 dese·

1220 897 1288 920 rens
1302 888 1347 920 ad
1356 893 1454 925 vitam
1465 891 1651 933 monasticam
1665 899 1857 934 poenitentiae
1878 893 1968 937 causa
1990 892 2108 937 descen·

1222 937 1288 972 dit.
1315 939 1534 980 undequtdam
1558 946 1594 974 in
1614 953 1646 977 co
1655 940 1723 987 casu
1744 942 1825 985 loqui
1846 944 2017 984 dixerunt,
2042 944 2108 976 cum

1223 991 1291 1029 quis
1300 993 1357 1028 pro
1368 991 1510 1028 crimine,
1536 990 1574 1023 de
1593 999 1650 1032 quo
1676 992 1828 1026 convictus
1840 991 1948 1033 fuerat
1972 994 2026 1026 vel
2042 1003 2110 1026 con-

1218 1035 1310 1080 feffus
1326 1058 1337 1076 ,
1364 1036 1403 1070 ab
1414 1035 1587 1082 Episcopali
1602 1040 1749 1083 dignitate
1773 1039 1929 1084 depofitusy
1943 1041 2112 1081 monasterio

1225 1086 1338 1132 exstitit
1350 1087 1394 1121 ad
1403 1089 1554 1134 agendum
1569 1089 1778 1133 poenitentiam
1800 1088 1926 1134 inclusus
1937 1115 1948 1131 ,
1975 1091 2027 1124 vel
2043 1090 2110 1124 cum

1225 1137 1335 1179 anquis
1344 1144 1465 1180 propter
1469 1150 1571 1184 grave
1590 1145 1701 1176 crimen
1715 1165 1726 1182 ‚
1747 1149 1805 1183 pro
1823 1152 1878 1187 quo
1899 1138 2113 1185 Eptftopatum

1226 1192 1357 1221 retinens
1373 1194 1580 1230 poenitenttam
1605 1191 1695 1235 digne*
1710 1202 1798 1237 agere
1825 1202 1883 1225 non
1903 1191 2049 1231 valebat,
2072 1200 2113 1224 ce-

1227 1238 1320 1273 dendi
1331 1236 1448 1273 obtenta
1459 1240 1579 1275 licentia
1590 1246 1692 1275 vitam
1704 1240 1904 1277 monachalem
1924 1241 2028 1286 elegit.
2055 1240 2113 1275 Et-

1227 1288 1317 1324 enim
1339 1288 1397 1332 qui
1418 1287 1459 1323 ad
1483 1291 1646 1335 agendam
1674 1292 1900 1336 poenitentiam
1913 1291 2113 1336 Episcopatu

1229 1336 1317 1374 cedit
1341 1349 1397 1373 aut
1426 1338 1580 1384 ejicitur,
1605 1352 1677 1376 reus
1696 1342 1742 1377 est
1763 1342 1922 1388 gravioris
1942 1339 2114 1381 criminis,

1231 1388 1370 1432 ideoque
1384 1389 1424 1424 ad
1439 1389 1533 1425 illum
1547 1393 1804 1437 recuperandum
1815 1390 1972 1437 perpetuo
1994 1391 2114 1435 irregu-

1231 1438 1327 1477 laris,
1351 1440 1512 1482 quoniam
1523 1439 1736 1484 Apostolicus
1745 1442 1867 1478 Canon
1879 1441 2014 1477 mandat
2036 1439 2116 1486 Epi-

1231 1489 1364 1531 scopum
1377 1489 1427 1532 effe
1440 1488 1503 1529 fine
1527 1496 1669 1523 crimine.
1697 1492 1741 1524 Et
1755 1491 1835 1525 hinc
1856 1489 2064 1526 Abrahamen
2091 1487 2112 1522 ἐ

1230 1537 1428 1581 Presbytero
1437 1537 1638 1574 monachum
1652 1539 1748 1575 fuisse
1761 1540 1869 1584 poste]
1893 1541 2014 1574 fastum
2037 1537 2114 1582 Epi-

1232 1589 1367 1629 scopum
1379 1586 1596 1622 Carrhensem
1608 1589 1717 1623 scribit
1742 1589 1778 1623 ἀ
1790 1589 1900 1624 laudat
1911 1590 1947 1623 in
1958 1587 2116 1622 monasti·
2130 1600 2204 1641 (329,
2221 1606 2268 1633 17·

1233 1647 1270 1670 ca
1285 1634 1420 1670 historia
1431 1634 1685 1672 Theodoretus.
1711 1639 1756 1673 Et
1772 1640 1905 1673 Sanetus
1928 1635 2116 1682 Eutychius

1233 1685 1251 1720 ὲ
1273 1684 1466 1729 Presbytero
1489 1685 1672 1723 monachus
1695 1700 1750 1733 per
1761 1688 1976 1733 Iustinianum
1999 1686 2117 1731 Augu·

1234 1737 1320 1770 stum
1331 1736 1365 1769 in
1379 1737 1493 1779 quinta
1501 1738 1639 1780 Synodo
1647 1739 1775 1773 evedus
1787 1739 1832 1773 est
1845 1739 1880 1773 in
1893 1735 2117 1772 patriarcham

1236 1785 1647 1830 Constantinopolitanum
1661 1813 1669 1821 .
1698 1788 1741 1823 Et
1754 1790 1904 1824 Sanctum
1920 1787 2115 1822 Anselmum

1233 1847 1276 1869 ex
1290 1835 1451 1879 Episcopo
1462 1836 1665 1873 monachum
1675 1839 1857 1884 Gregorius
1867 1838 2021 1883 septimus
2031 1835 2117 1870 Pon-

1190 1927 1192 1930 ·
1235 1883 1316 1918 tifex
1330 1885 1454 1919 rursum
1465 1888 1587 1922 creavit
1599 1887 1797 1933 Episcopum
1822 1889 2019 1924 Lucensem·
2043 1885 2116 1918 Fre·

1234 1933 1363 1967 dericus
1387 1946 1427 1968 ex
1454 1938 1564 1971 sandiae
1601 1939 1761 1972 Romanae
1787 1937 1937 1971 Ecclefiae
1960 1935 2117 1970 Diacono

1236 1982 1405 2017 Cardinali
1429 1985 1611 2020 monachus
1633 1984 1843 2029 postmodum
1861 1985 1962 2019 fastus
1979 1985 2026 2019 est
2048 1984 2119 2019 Ro-

1235 2043 1351 2067 manus
1378 2032 1556 2073 Pontifex,
1584 2034 1763 2076 appellatus
1785 2033 1970 2078 Stephanus
1989 2041 2116 2068 nonus.

1236 2082 1365 2125 Nempe
1378 2082 1477 2116 solius
1500 2083 1691 2117 voluntaria:
1712 2083 1865 2126 pietatis,
1890 2093 1959 2117 non
1982 2082 2118 2117 necestit-
2179 2078 2181 2081 ”

1235 2132 1287 2165 riae
1299 2130 1498 2175 poenitentiae
1509 2134 1604 2167 causa
1617 2133 1848 2168 descenderant
1858 2133 1893 2168 in
1903 2132 2118 2168 monasticam

1237 2180 1503 2225 Philosophiam.
1531 2183 1575 2216 Et
1599 2181 1678 2216 hinc
1697 2195 1854 2224 ornnem,
1881 2185 1937 2228 qui
1958 2182 2003 2218 ob
2021 2183 2119 2225 perse-

1235 2232 1407 2271 cutiones,
1433 2231 1611 2272 morbum,
1639 2234 1856 2276 imperitiam,
1883 2231 2118 2268 commiffami

1236 2281 1423 2326 parentibus
1454 2282 1648 2324 simoniam,
1676 2291 1732 2316 aut
1752 2282 1852 2317 'aliam
1874 2283 1907 2317 id
1930 2294 2034 2327 genus
2053 2283 2118 2317 fine

1236 2332 1372 2376 proprio
1397 2331 1536 2366 crimine
1558 2334 1687 2367 causam
1704 2333 2117 2376 deposuitEpiscopatum,

1238 2383 1326 2425 posse
1348 2379 1387 2415 ad
1411 2381 1506 2415 illum
1529 2383 1631 2416 redire
1642 2382 1770 2416 addidit
1793 2383 1940 2417 laudatus
1959 2383 2119 2416 Innocen-
2153 2424 2157 2428 η

1237 2433 1303 2466 tius
1323 2432 1458 2472 tertius,
1486 2442 1518 2465 at
1551 2431 1716 2466 mediante
1728 2443 1813 2466 nova
1824 2432 2001 2467 eleslione.
2028 2432 2121 2478 Qa-

1239 2494 1272 2516 re
1283 2481 1383 2515 etiam
1395 2479 1527 2525 quidam
1541 2481 1717 2516 Canonem
1730 2482 1773 2516 ita
1790 2482 1980 2527 intelligunt
1991 2505 2002 2523 ‚
2028 2478 2120 2525 quod

1240 2543 1282 2565 ex
1295 2531 1458 2575 Episcopo
1484 2541 1539 2564 aut
1553 2531 1684 2566 Cletieo
1699 2531 1880 2567 monachus
1893 2540 2019 2575 nequeat
2025 2539 2081 2573 per
2087 2527 2121 2573 se

1239 2578 1410 2625 resurgere,
1435 2581 1488 2614 seu
1501 2581 1632 2625 proprio
1657 2581 1792 2617 arbitrio
1814 2583 1855 2616 ad
1874 2582 2051 2625 depositam
2074 2580 2126 2614 di-

1239 2632 1399 2676 gnitatem
1430 2630 1534 2665 redire
1555 2655 1562 2662 .
1602 2630 1649 2665 lta
1674 2630 1815 2666 omnino
1837 2631 2000 2666 intellexit
2021 2632 2123 2666 etiam

1242 2683 1375 2716 Sanctus
1388 2681 1567 2726 Gregorius
1576 2680 1721 2726 Magnus
1740 2682 1773 2715 in
1795 2683 1931 2717 laudatis
1942 2681 1982 2717 ad
1995 2679 2122 2715 Anthe-

1242 2731 1346 2765 mium
1358 2730 1602 2766 Subdiacouum
1619 2732 1754 2766 litteris:
1780 2737 1854 2765 Non
1867 2734 1933 2766 licet
1942 2738 1983 2765 etr
2002 2727 2059 2773 sua
2072 2741 2123 2762 vo-

1243 2782 1356 2815 luntate
1365 2792 1514 2815 remeare.
1542 2779 1646 2814 Addit
1659 2782 1700 2815 ad
1724 2782 1872 2816 eamdem
1890 2781 1986 2814 etiam
2011 2779 2123 2813 Eccle-

1245 2831 1323 2865 fiam
1335 2831 1423 2874 posse
1434 2830 1475 2864 ab
1487 2831 1650 2873 Episcopo
1662 2830 1819 2864 readsumi
1833 2855 1840 2862 .

1295 2880 1344 2915 At
1355 2881 1482 2914 sensum
1494 2879 1593 2924 longe
1603 2880 1703 2913 alium
1724 2878 1863 2914 Photius
1874 2879 2026 2913 intendit.
2054 2877 2124 2913 Uti

1247 2930 1287 2965 ad
1309 2927 1491 2964 vexandum
1525 2929 1677 2963 Sanc‘cum
1701 2928 1916 2963 Athanasium
1943 2927 2124 2962 Eusebiana.

1248 2980 1347 3016 factio
1370 2979 1524 3014 Canones
1548 2978 1780 3013 Antiochenos
1802 3004 1812 3021 ,
1841 2979 1884 3012 ita
1907 2978 1948 3013 ad
1969 2978 2126 3012 damnan-

1248 3030 1329 3066 dum
1342 3030 1495 3064 Sanctum
1506 3027 1725 3063 patriarcham
1738 3029 1903 3074 Ignatium
1914 3054 1924 3069 ,
1944 3027 2015 3071 jam
2026 3029 2058 3062 in
2073 3038 2126 3071 pa-

1250 3094 1288 3117 ce
1308 3081 1497 3115 defunctum
1522 3079 1557 3113 &
1579 3079 1741 3114 miraculis
1769 3080 1990 3113 coruscantem
2004 3102 2014 3119 ‚
2040 3076 2126 3111 Pho-

1250 3132 1316 3167 tius
1341 3129 1429 3165 hunc
1455 3129 1630 3164 Canonem
1649 3153 1660 3170 ,
1686 3130 1804 3163 rectum
1832 3130 1866 3163 &
1892 3127 2127 3168 Catholicum,

1251 3181 1378 3221 edidit,
1402 3190 1435 3215 at
1445 3190 1542 3224 pravo
1553 3179 1645 3214 sensu
1674 3180 1828 3214 &mente
1839 3179 1969 3213 dolosa.
1996 3178 2129 3212 Sanctus

1254 3231 1399 3277 ignatius
1410 3254 1422 3271 ,
1436 3228 1659 3264 Patriarchatu
1672 3229 1832 3264 violenter
1843 3229 1960 3272 ejectus
1971 3253 1981 3269 ,
2006 3227 2047 3261 ad
2059 3236 2127 3260 mo-

1256 3281 1385 3317 nasterii
1405 3281 1453 3315 sui
1477 3280 1619 3325 quietem
1643 3281 1707 3314 sese
1728 3290 1904 3324 receperat:
1932 3276 2127 3312 Hincillum

1257 3331 1469 3377 Episcopatui
1483 3341 1650 3374 nunquam
1661 3329 1798 3374 potuiffe
1808 3329 1899 3364 reddi
1910 3352 1921 3369 ‚
1945 3329 1979 3361 δε
1999 3324 2130 3368 illegiti-

1257 3383 1311 3420 me
1331 3383 1350 3421 a
1362 3383 1514 3420 Romana
1539 3379 1682 3419 Ecclefia
1707 3392 1746 3417 ac
1761 3379 1869 3416 nostra
1879 3374 2014 3460 synai-0
2036 3373 2131 3409 fuisse

1906 3436 1939 3460 re
1986 3435 2081 3465 itum,
