2340 3762
616 154 922 214 ScHoLus,
961 171 1028 199 ετ
1061 155 1259 202 Nous
1294 170 1674 207 urus-rimu.

423 298 915 350 SCHOLION.

336 446 365 480 E
378 447 471 481 sacrae
490 446 659 490 Scripturae
671 447 840 481 codicibus
862 446 896 478 in
920 444 1035 486 quinta
1054 452 1112 486 pro

362 495 557 531 Christianis
590 497 758 531 adversum
790 495 915 539 Judaeos
945 492 1112 537 Apologia

238 546 349 581 scribit
361 546 522 580 Leontius
539 547 780 590 Neapolitanus
799 547 834 579 in
856 546 969 588 Cypro
981 543 1112 588 Episco-

238 608 300 640 pus
312 621 324 638 ,
347 596 495 630 laudatus
506 607 544 630 ac
556 598 673 632 relatus
691 596 710 630 a
721 606 832 641 quarta
857 595 999 628 Aetione
1020 591 1111 635 septi·

237 656 299 679 mae
318 646 445 687 synodi
458 671 465 677 .
503 648 581 679 Sicut
598 657 632 680 tu
653 648 781 680 adorans
804 645 910 679 librum
932 645 1004 687 legis
1017 668 1028 684 ,
1053 654 1111 678 non

236 705 379 728 naturam
395 697 517 738 pellium
541 699 594 730 vel
609 703 794 737 atramenti,
821 707 888 738 quae
909 700 941 727 in
963 692 1026 736 1*pr
1048 692 1110 733 est,

235 746 346 778 adoras
359 770 371 786 ,
392 744 452 788 sed
459 745 555 779 verba
566 751 644 786 Dei,
670 759 739 790 quae
762 747 893 787 rejacent
903 751 996 786 tneor,
1021 745 1110 777 tta&

234 806 285 838 ego
304 800 465 838 imaginem
487 795 599 836 Christi
631 798 761 830 adorans
787 807 845 829 non
862 803 1002 829 naturam
1019 795 1109 836 ligno-

233 855 300 878 rum
327 846 493 878 &colorum
517 846 626 886 adoro,
652 845 744 888 absit,
765 845 825 888 sed
833 852 1000 877 animatum
1018 842 1106 875 clm·-

226 893 268 934 sti
278 893 475 927 cbaaderem
485 901 586 926 tenens
593 902 648 936 per
660 906 726 927 eum
740 894 886 935 Christum
907 902 1005 926 tenere
1022 890 1108 934 spero

232 944 269 976 ό*
286 943 429 975 adorare.
458 944 503 977 Et
519 942 787 987 Pseudo-synodi
811 942 1052 977 iconoclasticae
1062 953 1107 975 re-

231 992 352 1027 futatio
373 992 455 1026 lecta
476 993 511 1029 &
534 993 668 1036 probata
687 1005 744 1038 per
763 994 911 1028 eamdem
931 992 1105 1035 synodum

231 1042 421 1085 septimam.
448 1047 517 1076 Nos
530 1067 541 1083 ‚
566 1048 616 1086 qui
639 1048 701 1078 Deo
717 1043 775 1088 soli
792 1042 968 1087 servitutem
978 1041 1106 1083 nostram

229 1090 384 1135 inspirtcu
404 1094 439 1126 Θ
463 1099 591 1128 veritate
601 1094 770 1135 offerimus,
797 1099 916 1133 omnia,
940 1104 1009 1136 quae
1030 1092 1109 1126 obla-

231 1150 268 1174 tae
288 1143 323 1177 o·
350 1143 488 1176 dedicata
499 1142 574 1187 fiant
589 1168 600 1185 ,
619 1144 683 1185 sive
702 1149 837 1183 Divinus
863 1152 948 1186 typus
967 1141 1106 1186 pretiosa·

229 1195 337 1225 Crucis
349 1216 361 1232 ‚
381 1191 446 1234 five
466 1195 668 1237 Evangelia»,
681 1219 692 1235 ‚
722 1193 786 1236 five
800 1188 1107 1237 venerandae‘imagi-

229 1252 286 1276 nes
304 1266 316 1282 ‚
341 1240 399 1277 (ive
408 1241 485 1286 vasa
503 1242 592 1286 sacra
607 1243 690 1286 frit,
718 1247 752 1279 θ’
770 1243 960 1288 salutamus,
988 1245 1022 1277 6
1042 1254 1106 1276 am-

227 1291 406 1334 plefflmur,
432 1302 586 1335 tamquam
595 1293 681 1336 spem
688 1293 828 1329 babentes
844 1293 1107 1337 santificationem

230 1340 271 1372 ab
283 1346 326 1374 eis
333 1347 484 1385 percipere
494 1367 506 1382 ,
533 1345 567 1376 δ’
587 1345 785 1378 adorationem
804 1344 1022 1377 honoratoriam
1046 1343 1106 1377 illis

229 1392 430 1430 impendimus
441 1417 448 1424 .
476 1392 581 1439 Qod
592 1394 698 1435 ipsum
709 1396 744 1427 in
756 1395 810 1427 sua
821 1394 899 1426 fidei
911 1392 1106 1426 definitione

233 1436 364 1472 laudata
376 1438 531 1481 synodus
539 1441 715 1474 confirmat
729 1465 736 1472 .
763 1441 807 1474 Et
821 1441 856 1474 in
878 1441 945 1483 ejus
957 1437 998 1479 ad
1010 1440 1106 1482 Joan·

231 1498 310 1522 nem
327 1487 687 1523 ostavumvontificem
699 1489 883 1532 praefatione
895 1515 906 1530 ‚
932 1487 1103 1524 adversum

228 1535 390 1581 quosdam
409 1538 611 1574 Francorum
633 1539 812 1584 Episcopos
833 1537 975 1582 ejusdem
998 1549 1036 1572 ac
1061 1539 1104 1573 sa·

231 1597 360 1622 eratum
384 1587 569 1633 imaginum
586 1589 805 1629 adversarios,
830 1589 1016 1624 Anastasius
1027 1587 1106 1623 Car-

228 1636 348 1671 dinalis
373 1637 664 1673 Bibliothecarius.
693 1642 787 1681 Ajunt
797 1641 878 1681 quod
894 1651 953 1672 non
968 1637 1106 1680 fitquod·

227 1686 300 1720 libet
308 1694 381 1728 opus
396 1698 539 1722 manuum
549 1687 698 1723 hominum
710 1690 895 1723 adorandum
906 1714 917 1730 ‚
941 1686 1027 1731 quafi
1047 1699 1108 1722 non

221 1734 263 1776 fit
282 1736 371 1768 codex
389 1738 625 1781 Evangellorum
643 1747 715 1781 opus
747 1750 893 1773 manuum
932 1737 1102 1778 hominum,

225 1795 314 1828 quem
330 1787 462 1828 quotidie
482 1785 641 1829 osiulantes
666 1790 798 1822 adorant
812 1813 820 1820 .
847 1789 891 1822 Et
904 1788 1040 1822 istorum
1050 1788 1105 1822 ad-

225 1834 436 1870 versariorum
451 1847 536 1870 unus
548 1838 647 1881 Jonas
663 1837 906 1872 Aurelianensis
920 1838 1102 1880 Episcopus

225 1885 264 1919 in
288 1886 476 1929 praefatione
498 1887 633 1922 secundi
655 1887 730 1923 libri
750 1887 900 1924 adversus
922 1887 1103 1922 Claudium

225 1932 467 1970 Taurinensem
500 1936 701 1981 Episcopum
722 1963 733 1979 ,
780 1938 912 1982 plenum
936 1937 1103 1972 iconocla-

225 1986 309 2019 stam
321 2010 330 2019 .
351 1987 450 2019 Sacrae
458 1986 606 2030 religionis
617 1987 685 2031 usus
705 1994 737 2020 in
759 1988 870 2022 SanHa
895 1985 1022 2029 Ecclefia
1047 1987 1102 2020 ad-

220 2033 430 2077 hucsbrvatur
441 2058 452 2075 ‚
479 2045 513 2069 ut
520 2037 650 2076 perlecta
663 2038 764 2072 Sanc‘lt
777 2038 939 2081 Evangelii
957 2037 1077 2070 lefflone
1089 2060 1100 2076 ‚

224 2083 266 2116 ab
277 2082 420 2125 Eptfiopo
434 2085 485 2118 vel
505 2085 706 2127 presbyteris,
730 2086 900 2129 caetertsque
919 2085 1000 2129 sacri
1014 2087 1101 2120 ordi-

219 2138 276 2166 κίε
297 2132 428 2177 religiosis
438 2156 450 2173 ,
475 2135 597 2176 Codex,
621 2141 655 2170 in
673 2148 729 2179 quo
746 2137 911 2180 Evangelii
931 2135 1010 2169 ledia
1029 2141 1100 2170 reci·

220 2189 294 2216 tata
314 2182 375 2225 est,
411 2185 621 2226 multfflicibus
638 2185 742 2236 osi-ulis
766 2194 940 2221 veneretur.
965 2186 1027 2220 Sed
1050 2184 1101 2218 boc

220 2234 309 2274 cujas
322 2231 412 2275 causa
426 2257 437 2273 ,
462 2233 519 2276 ntfi
523 2235 603 2269 illius
614 2260 626 2276 ,
650 2238 731 2278 wJus
750 2237 801 2280 effe
812 2236 906 2271 verba
915 2236 1076 2270 creduntur
1087 2259 1099 2276 ,

220 2284 363 2325 agimus?
388 2283 432 2317 Et
443 2282 562 2319 Canon
587 2287 700 2321 tertius
723 2286 851 2330 Synodi
875 2288 996 2321 oaavae
1010 2310 1017 2318 .
1044 2287 1100 2319 Sa·

219 2342 305 2365 cram
337 2337 494 2376 imaginem
527 2338 647 2369 Domini
668 2335 754 2375 nostri
767 2339 854 2382 Jesu
876 2335 987 2375 christi
1018 2346 1100 2378 aequo

219 2379 324 2414 bonore
346 2391 413 2414 cum
439 2383 514 2416 libro
536 2385 709 2420 Sandorum
721 2387 954 2431 Evangeltorum
977 2386 1099 2418 adorari

219 2431 403 2466 decernimus
427 2456 434 2465 .
470 2433 565 2470 Sacra
585 2436 752 2480 Scriptura
780 2436 952 2472 deuotum
964 2460 977 2477 ,
1003 2436 1095 2470 sacrm

1898 181 1987 224 123

1156 243 1339 289 (imagines
1361 246 1434 279 sunt
1455 243 1663 280 indoctorum
1686 245 1767 281 liber
1780 272 1790 287 ,
1818 249 1958 294 ideoque
1978 251 2056 286 semd

1178 295 1370 338 percensuit
1392 294 1530 330 Ecclesia
1552 297 1644 331 illam
1663 308 1723 340 prae
1745 295 1797 330 his
1819 300 2057 334 venerandam.

1181 345 1314 379 Etenim
1328 347 1360 379 in
1374 342 1580 390 generalibus
1590 346 1735 389 synodis
1756 359 1825 382 non
1839 349 1951 393 imago
1963 374 1974 390 ,
2000 348 2057 384 sed

1180 394 1435 438 Evangeliorum
1451 396 1555 430 codex
1567 422 1577 437 ‚
1604 407 1772 441 tamquam
1792 397 1935 432 Domini
1954 400 2058 433 nostri

1179 445 1250 487 Iesu
1268 443 1390 477 Christi
1405 444 1554 478 Vicat-ius
1574 446 1692 480 Praeses
1712 447 1798 482 inter
1819 448 1994 481 luminaria
2021 448 2057 483 &

1177 493 1367 537 Principum
1385 492 1623 537 Apostolorum
1635 497 1754 531 statuas
1768 498 1801 531 in
1815 498 1953 532 altari&
1967 496 2058 532 thro-

1177 554 1222 577 no
1246 543 1443 588 ponebatur.
1481 543 1671 578 Graecorum
1693 547 1846 592 Episcopi
1870 557 1989 593 gerunt
2010 546 2057 582 la·

1177 604 1294 635 neum,
1323 593 1419 628 variis
1435 592 1584 628 crucibus
1609 594 1822 639 insignitum,
1848 597 2054 641 superhume-

1176 644 1257 678 rale.
1287 644 1335 679 Ita
1346 642 1681 684 ostendunturillius,
1707 646 1764 687 qui
1778 657 1876 681 ovem
1891 657 2054 683 errantem

1174 706 1211 727 ac
1237 694 1393 737 perditam
1414 695 1455 728 ad
1476 694 1600 728 stabula
1627 696 1803 738 reportavit
1822 697 1855 729 in
1883 696 2028 733 humeris
2041 722 2055 739 ‚

1173 743 1251 777 boni
1265 744 1406 778 Pastoris
1418 745 1481 778 esse
1504 743 1653 784 vicarii,
1681 744 1844 783 ministri,
1870 757 1907 780 ac
1930 747 2052 791 legati.

1173 793 1232 826 Ast
1248 792 1323 827 vero
1335 794 1377 828 ad
1391 795 1604 837 importatum
1614 794 1632 827 ὲ
1644 794 1798 829 Diacono
1805 796 1931 829 sacrum
1943 796 2053 832 Evan-

1171 843 1251 887 gelii
1262 843 1411 878 codicem
1422 867 1432 883 ‚
1458 854 1496 877 ac
1509 844 1531 877 fi
1554 844 1621 887 ipse
1632 843 1719 886 Jesus
1733 844 1883 880 Christus
1893 845 2027 880 intraret
2040 871 2054 887 ‚

1171 893 1253 926 illud
1271 892 1441 936 deponunt
1461 917 1475 934 ,
1513 895 1671 937 quoniam
1703 896 1858 937 praesente
1897 894 2053 939 Principe

1172 943 1260 977 nulla
1277 943 1323 977 est
1347 944 1512 978 necessitas
1537 954 1594 978 aut
1617 944 1758 989 potestas
1770 945 1896 981 Vicarii
1919 946 2052 981 autvLe-

1170 995 1255 1037 gati.
1285 993 1382 1027 Nulli
1394 990 1485 1028 sacrae
1498 994 1642 1028 Domini
1665 995 1803 1039 imagini
1813 995 1963 1032 deferunt
1985 1007 2056 1031 tan-

1172 1055 1242 1077 tum
1254 1041 1388 1078 honoris
1405 1068 1411 1076 .
1440 1047 1501 1077 Per
1517 1046 1745 1088 Evangeltum,
1770 1046 1880 1089 inquit
1890 1047 2053 1081 Nicolaus
2074 1042 2149 1081 0²1⁹·
2166 1052 2216 1074 *ο-

1172 1093 1333 1128 Cabafilas
1347 1118 1357 1134 ‚
1384 1093 1702 1138 cbristusfigntficatur
1711 1118 1725 1135 ,
1750 1094 1864 1139 &ejus
1875 1095 1993 1130 Codex
2005 1096 2054 1131 est
2118 1135 2123 1143 ⁶

1170 1144 1256 1187 quasi
1269 1144 1333 1187 ipse
1357 1142 1506 1178 Christus
1519 1159 1534 1186 ‚¹
1560 1145 1808 1186 quemadmodam
1827 1146 1862 1179 ὁ·
1882 1145 2051 1189 prophetie}

1168 1194 1239 1228 libri
1263 1195 1401 1228 dicuntur
1422 1195 1601 1237 Prophetae,
1629 1196 1873 1238 quemadmodem
1900 1197 1994 1230 diviti
2013 1196 2055 1229 ab

1169 1243 1324 1278 Abrabam
1357 1244 1469 1278 didam
1494 1244 1534 1286 est
1550 1269 1562 1286 ,
1599 1244 1810 1279 HABENT
1843 1245 2053 1282 MOYSEN

1171 1293 1240 1327 ET
1254 1294 1564 1329 PROPHETAS:
1579 1295 1706 1329 Dicebat
1718 1299 1820 1329 aut'em
1829 1295 1920 1329 libros
1929 1321 1938 1328 .
1965 1295 2064 1333 Hinc

1168 1343 1270 1384 item,
1295 1344 1375 1379 teste
1396 1343 1482 1378 fibro
1509 1343 1726 1385 Pontifican,
1753 1344 1868 1380 statuit
1896 1332 2059 1381 Pontifex

1168 1392 1355 1426 Anastasius
1365 1395 1489 1435 primus
1509 1417 1520 1433 ,
1529 1404 1562 1427 ut
1574 1393 1808 1437 quaeest-umque
1821 1394 1931 1428 SaenHa
1949 1399 2060 1430 Evan-

1161 1441 1246 1484 gelia
1276 1445 1490 1479 recitarentur,
1527 1444 1696 1476 sacerdotes
1718 1454 1778 1476 non
1796 1442 1936 1485 sederent
1952 1469 1961 1485 ‚
1999 1443 2061 1487 sed

1166 1494 1252 1523 curvi
1254 1488 1388 1529 starent:
1415 1491 1516 1541 Qfi
1532 1502 1643 1527 coram
1654 1491 1723 1534 ipso
1735 1492 1809 1536 Jesu
1823 1491 1958 1528 Christo
1968 1517 1975 1524 -
2003 1494 2051 1529 Et

1168 1540 1325 1574 sacrarum
1340 1541 1524 1584 imaginum
1534 1543 1643 1576 osores
1654 1541 1820 1580 Gallicani
1833 1543 1989 1587 Episcopi
2015 1544 2053 1577 in

1166 1590 1299 1633 septima
1308 1591 1445 1633 Synodo
1459 1590 1682 1634 improbarunt
1703 1593 1804 1626 etiam
1825 1591 1916 1626 hunc
1933 1593 2053 1628 articu-

1168 1639 1259 1673 lum.-
1284 1642 1363 1673 Sicut
1385 1643 1509 1673 Divina
1533 1642 1694 1683 scriptura·
1703 1641 1817 1683 libros,
1843 1642 1892 1675 itti
1901 1647 2051 1687 imagines

1166 1700 1342 1723 veneramur
1355 1715 1362 1722 .
1388 1690 1488 1725 Sacrae
1500 1701 1639 1734 namque
1650 1691 1820 1736 Scripturae
1833 1715 1846 1732 ,
1874 1691 2053 1736 Evangelii

1167 1740 1364 1782 praesertim,
1389 1740 1517 1774 codices
1527 1739 1703 1776 honoraria
1713 1742 1906 1776 adoratione
1935 1742 2053 1776 colem:

1165 1788 1227 1823 dos
1236 1799 1274 1823 ac
1289 1787 1474 1823 salutandos
1493 1801 1554 1824 nec
1565 1791 1631 1834 ipse
1642 1791 1712 1825 Leo
1727 1791 1853 1826 Isaurus
1877 1791 1941 1826 fuit
1954 1793 2052 1827 ausus

1164 1837 1304 1872 inficiari
1318 1862 1325 1872 .
1354 1838 1397 1874 Et
1417 1838 1475 1882 qui
1499 1840 1714 1876 Diocletiano
1738 1841 1892 1886 Augusto
1916 1842 2052 1877 eosdem

1157 1887 1304 1924 *Codices
1314 1888 1517 1925 tradiderunt
1528 1901 1583 1934 per
1603 1900 1766 1926 tormenta
1789 1892 1945 1936 compulsi
1974 1892 2053 1936 Epi-

1163 1939 1253 1982 scopi
1267 1947 1324 1973 aut
1334 1938 1478 1979 Clerici,
1505 1950 1674 1984 tamquam
1686 1942 1812 1985 pessimi
1825 1943 2049 1987 prevaricato-

1161 1999 1211 2022 res
1234 1989 1364 2023 suerunt
1391 1988 1432 2022 ab
1459 1989 1598 2024 Ecclesia
1620 1993 1768 2026 trastati:
1797 1993 1934 2026 Crimen
1960 1991 2051 2026 istud

1162 2037 1338 2072 Cra-ciliano
1366 2036 1615 2083 Carthaginensi
1639 2040 1924 2085 Archi-Episcopo
1946 2066 1958 2082 ‚
1989 2051 2051 2077 aut:

1160 2087 1229 2129 ejus
1252 2087 1337 2123 certe
1358 2087 1614 2124 Ordinatoribus
1640 2091 1769 2125 affinxit
1796 2092 2049 2126 Donatistarum

1162 2137 1283 2177 faffio,
1309 2137 1460 2181 atqueita
1469 2139 1561 2173 suum
1583 2136 1718 2175 schisma
1743 2140 1831 2188 apqd
1846 2140 1977 2184 plebem
1999 2152 2048 2176 re-

1159 2196 1234 2222 rum
1254 2187 1401 2231 ignaram
1425 2186 1617 2224 validiffime
1643 2189 1802 2225 firmavit.
1831 2191 2049 2239 Qapropter

1159 2235 1278 2272 merito
1312 2239 1444 2281 praesens
1467 2238 1588 2274 Canon
1610 2240 1742 2276 eosdem
1782 2241 1926 2275 Codices
1957 2250 2048 2276 vetat

1160 2285 1264 2321 scindi
1274 2311 1285 2328 ,
1312 2288 1474 2331 corrumpi
1491 2313 1503 2330 ‚
1529 2291 1756 2333 unguentariis
1768 2300 1824 2324 aut
1837 2290 1910 2324 aliis
1924 2302 2049 2336 caupo-

1160 2335 1256 2370 nibus
1280 2338 1395 2373 vendi.
1423 2337 1549 2374 Merito
1559 2339 1605 2373 eis
1629 2339 1780 2386 adjungit
1795 2339 1937 2376 Codices
1971 2343 2048 2379 San-

1161 2387 1286 2421 &orum
1297 2386 1431 2422 Parrum
1445 2412 1454 2420 .

561 2830 1236 2923 CANON

1348 2841 1697 2929 LXIX.

216 3040 455 3178 NUlli
477 3047 668 3097 omnium
695 3050 849 3114 liceat,
885 3055 964 3120 qui
988 3053 1168 3122 quidem
1192 3054 1244 3106 fit
1268 3056 1316 3105 in
1339 3057 1547 3108 laicorum
1576 3074 1780 3119 nurnero,
1815 3060 1932 3111 intra
1967 3060 2034 3116 se?

393 3128 471 3178 pta
503 3113 609 3166 sacri
632 3119 779 3172 altaris
814 3122 1008 3186 ingredi,
1044 3142 1319 3194 nequaquam
1358 3142 1503 3178 tamen
1526 3127 1583 3176 ab
1618 3145 1674 3178 eo
1697 3128 1916 3198 prohibita
1940 3135 2026 3183 Po-

212 3180 365 3230 testate
399 3186 443 3231 &
476 3188 745 3238 Antitoritate
777 3194 1019 3260 Imperiali,
1054 3196 1232 3264 quando
1265 3195 1444 3265 quidem
1478 3198 1666 3262 voluerit
1710 3205 1910 3257 Creatori
1944 3201 2026 3254 do-

213 3266 270 3302 na
302 3249 477 3315 offerre,
513 3270 566 3304 ex
599 3259 890 3329 antiquissima
923 3262 1182 3320 traditione.
1694 3278 1695 3281 ’

306 3469 414 3514 christ.
427 3477 508 3520 Lupi·
517 3482 604 3522 oper.
619 3482 696 3515 rom.
707 3483 762 3518 11).

1826 3490 1962 3528 SCHo·
