2340 3762
602 169 904 228 Scironis,
944 181 1008 211 er
1043 165 1650 216 Nor1srttusranr1.

218 248 309 288 mini
323 270 341 289 ‚
363 247 495 284 Festum
516 246 626 286 saneti
645 248 801 294 Stephani
823 271 836 289 ,
861 247 1004 286 Domini
1025 246 1096 282 Cir-

220 297 375 342 cumcifio
384 324 396 340 ‚
422 299 604 344 Epiphania
617 323 629 339 ‚
645 300 793 344 Deiparae
802 298 992 337 Purificatio
1005 321 1016 339 ‚
1027 298 1097 332 Do-

1906 189 1922 219 1

1166 243 1329 283 Helladiae
1338 245 1608 288 Metropolitam:
1637 248 1788 289 Palllum,
1806 186 2030 297 ficu23per7Ept·
2046 250 2177 289 Epist-55·

1154 295 1258 336 stolam
1279 293 1454 337 postulastis,
1481 296 1665 328 direximus.
1692 294 1786 333 Etad
1808 302 1922 335 veteris
1938 302 2030 345 Epiri
2049 296 2093 328 56-

219 347 343 387 minica
361 348 547 391 Palmarum
559 375 571 391 ‚
596 351 778 386 Dominica
798 350 834 384 &
845 349 936 388 Feria
959 345 1097 383 secunda
1160 345 1340 389 EPisCOPOS
1349 345 1390 379 de
1402 344 1532 379 And‘02
1544 343 1787 387 N300P0¹it²⁰0
1807 348 1949 391 ipsorum
1959 353 2031 389 Me-
2047 373 2106 406 L·5·
2121 369 2201 408 Epff,

219 396 350 433 Paschae
360 411 398 433 ac
405 399 609 440 ,pentecostes
618 422 630 444 2
654 400 795 435 Domini
812 397 985 434 Adscensio
997 422 1008 438 ,
1022 397 1098 432 Coe·

220 460 263 483 na
274 448 437 490 Domini,
463 460 525 485 tres
537 450 685 493 Deiparae
708 449 856 494 Virginis
873 449 1073 482 Festivitates
1085 471 1096 487 ,

218 498 353 539 Festum
372 499 475 533 Sansti
487 499 623 543 Joaunis
637 500 788 545 Baptista
800 523 812 540 ,
837 498 930 533 Festa
952 498 1093 543 Aposto-

216 547 328 589 lorum
346 551 498 589 omnium
517 572 528 588 ,
551 550 682 585 Festum
707 550 859 588 omnium
883 550 1094 592 Sanctorum,

217 597 455 639 Dedicationes
475 599 688 635 Ecclefiarum
707 624 718 642 ‚
739 600 983 643 -Episcoporum
1004 598 1095 633 Con-

216 649 412 689 secrationes
430 674 441 690 ‚
466 650 700 690 Ordinationes
726 650 931 689 Clericorurn
953 673 964 690 ‚
991 649 1095 693 praeci—

216 709 282 742 pua
294 697 442 738 Ecclefiae
454 699 719 745 Metropolitanae
726 700 818 734 Festa
831 723 843 741 ,
869 709 1007 743 acceptae
1019 697 1093 741 Epi·

212 748 352 791 scopalis
375 748 644 785 Consecrationis
666 751 736 786 dies
759 751 994 785 anniversarius
1021 772 1032 788 ,
1057 748 1091 783 δε

213 805 285 833 tam
295 797 501 842 imperatoris
511 802 610 845 quam
633 801 773 835 aliorum
784 801 984 845 Magnatutn
995 797 1094 840 sepul9

211 855 286 887 tura
297 873 305 887 ‚
330 847 401 883 Hic
412 859 521 888 tamen
535 850 669 890 ultimus
679 851 750 887 dies
760 849 949 894 indulgetur
958 849 1018 881 soli
1032 846 1090 879 Pa-

211 896 380 939 triarchae;
406 898 543 939 Etenim
555 899 598 932 de
615 898 677 933 hac
689 900 743 932 die
755 899 848 938 fuisse
860 898 968 936 varios
981 895 1089 929 Eccle-

211 945 328 985 fiarum
349 956 456 987 mores
478 970 490 986 ,
516 947 786 993 ideoque-cuivis
806 945 1088 990 Archi-Episcopo

212 995 308 1035 stium
325 993 535 1044 privilegium
555 997 819 1042 inspiciendum,
843 995 958 1031 diserte
970 997 1087 1037 Hono-

211 1042 280 1084 rius
296 1046 411 1086 tertius
432 1047 517 1095 apud
545 1047 743 1092 Gregorium
764 1058 892 1085 nonum
914 1047 1087 1090 rescripsit.

211 1094 257 1128 Et
269 1093 304 1128 iu
315 1097 567 1141 augmentandis
585 1096 672 1133 hisce
682 1096 796 1139 diebus
805 1096 986 1131 admodum
998 1107 1088 1140 parca

211 1142 337 1188 semper
357 1142 421 1180 fuit
443 1146 597 1187 Romana
609 1147 767 1183 Ecclesia.
794 1147 927 1181 Etenim
939 1147 1088 1181 Henrico

210 1192 413 1238 Aquileiensi
443 1196 723 1241 Archi-Episcopo
748 1197 794 1232 ob
814 1195 950 1242 grandia
973 1198 1087 1232 merita

209 1243 337 1282 addidit
347 1245 535 1288 Sanstorum
558 1247 712 1290 Udalrici
732 1249 767 1291 ἀ
778 1247 868 1288 Afrae
885 1247 953 1283 dies
964 1248 1087 1292 Grego—

41 1010 115 1051 cap,
130 1020 158 1050 νε

34 1276 101 1311 1--60
110 1275 192 1321 Epist

32 1317 75 1364 βξ
207 1343 268 1382 tibi
278 1349 312 1378 in
322 1351 394 1383 vita
402 1356 456 1384 tua
468 1371 478 1387 ‚
504 1359 562 1388 non
572 1350 629 1386 loco
638 1358 689 1386 tuo
697 1349 851 1393 conceffum
861 1348 913 1392 effe
922 1347 1070 1393 cognoscas
1079 1372 1087 1380 .

206 1392 424 1435 Postmodum
441 1405 551 1438 tamen
562 1399 675 1442 adjecti
688 1401 762 1433 sunt
789 1397 902 1435 &dies
924 1398 983 1434 alii
1001 1397 1087 1437 ordi-

206 1445 292 1483 narii
303 1468 316 1484 ‚
339 1445 473 1480 videndi
489 1448 523 1480 in
536 1447 727 1483 Pontificali
743 1449 920 1483 Romano.

255 1494 312 1528 ‘Ex
336 1495 430 1529 dictis
455 1496 560 1529 oritur
583 1496 717 1539 quaestio
746 1520 758 1537 ,
784 1496 841 1529 An
869 1495 1084 1539 Bulgarorum

203 1541 331 1582 Primus,
350 1568 362 1584 ‚
387 1543 575 1583 Patriarcha
601 1546 990 1589 Constantinopolitanus
1009 1568 1020 1585 ‚
1047 1556 1085 1580 ac

204 1603 322 1628 omnes
333 1595 529 1638 generaliter
551 1597 773 1631 Orientalium
786 1595 1002 1630 Ecclefiarum
1013 1594 1085 1628 Me-

204 1643 369 1685 tropolitae
390 1643 509 1678 fuerint
521 1644 629 1679 revera
652 1646 696 1678 usi
711 1645 820 1679 Pallio
834 1668 845 1683 ,
871 1644 1038 1687 ipsumque
1049 1643 1082 1676 in

202 1691 267 1725 suae
279 1692 539 1730 confirmationis
558 1696 704 1734 tesseram
727 1692 934 1737 acceperint&
947 1695 1006 1727 suo
1026 1693 1085 1727 Pa·

202 1740 372 1779 triarcha?
399 1742 511 1787 Negat
533 1744 569 1781 in
580 1756 677 1789 opere
699 1745 740 1781 de
751 1745 844 1781 sacris
855 1743 1083 1779 Ordinationi2

202 1788 264 1825 bus
280 1790 422 1834 Ioannes
444 1793 600 1831 Morinus
620 1818 632 1834 ,
656 1795 770 1830 multis
793 1793 926 1837 probare
946 1801 1083 1828 conatus

200 1839 346 1879 Pallium
361 1843 414 1876 seu
426 1841 694 1886 Superbumerale
714 1845 807 1879 fuiffe
817 1855 885 1877 non
909 1842 986 1877 solis
995 1841 1084 1876 Grae·

200 1899 316 1925 corum
340 1889 569 1935 Metropolitis
595 1894 760 1938 proprium
788 1917 800 1933 ,
825 1892 879 1926 sed
904 1900 1080 1925 commune

162 1944 165 1949 ’
198 1938 357 1977 omnibus
365 1941 507 1977 omnine>
519 1942 715 1985 episcopis,
742 1944 777 1980 in
789 1942 855 1985 ipsa
867 1939 1080 1977 consecratio-

198 1999 243 2025 ne
254 1989 326 2029 dari
337 1991 532 2030 consuetum
543 1991 585 2028 ab
595 1991 666 2037 ipso
675 1994 887 2028 consecrante
898 2015 910 2032 ,
935 1991 983 2024 uti
994 1989 1079 2032 apud

18 2029 57 2069 ὓ
74 2036 143 2063 ²²²⁸
198 2049 262 2073 nos
272 2039 413 2080 Latinos
424 2040 543 2078 dantur
551 2042 695 2076 annulus
707 2067 718 2085 ‚
743 2044 840 2075 mitra
852 2065 863 2081 ,
890 2051 928 2075 ac
937 2039 1059 2084 pedum
1072 2064 1079 2071 .

42 2095 46 2098 '
198 2088 294 2122 Hinc
304 2088 402 2125 infert
414 2088 567 2124 fabellam
580 2091 644 2124 esse
654 2090 688 2124 id
701 2115 712 2130 ,
726 2089 814 2135 quod
825 2092 934 2124 auctor
944 2089 1080 2133 legatio-

196 2138 253 2172 nis
273 2137 469 2185 Luitprandi
496 2138 725 2174 Cremonensis
744 2139 901 2184 Episcopi
919 2137 960 2172 ad
982 2137 1080 2174 Nice·

197 2185 341 2233 phorum
361 2187 509 2225 Phocam
522 2188 711 2235 Augustum
738 2187 1079 2231 Constantinopolita-

198 2249 280 2271 num
303 2238 413 2274 scribit
427 2237 477 2280 rde
489 2237 746 2285 Theophylasto
768 2238 910 2284 ejusdem
922 2237 1009 2272 urbis
1020 2236 1078 2271 Pa-

196 2284 356 2324 triarcha:
385 2288 488 2335 Quod
502 2313 513 2330 ,
524 2288 658 2333 inquam
670 2314 682 2331 ,
702 2290 760 2327 ille
771 2288 967 2332 impetrasset
978 2287 997 2321 a
1011 2287 1077 2322 Ro·

197 2348 296 2372 mana
318 2337 461 2375 Ecclesia
482 2340 714 2384 privilegium,
739 2350 780 2374 ex
805 2348 872 2385 quo
893 2347 965 2372 tum
989 2338 1076 2380 ipse,

194 2385 428 2430 oumsucceffores
443 2389 509 2428 ejus
531 2388 644 2432 absque
655 2393 811 2435 Paparum
841 2389 982 2432 permissu
1007 2388 1077 2420 Pal·

194 2435 244 2468 liis
253 2444 423 2473 uterentur.
453 2440 508 2474 Ex
519 2450 575 2480 quo
587 2446 670 2483 turpi
681 2445 846 2476 commercio
856 2450 916 2472 mos
929 2438 1053 2471 inolevit
1065 2461 1075 2479 ,

192 2493 229 2518 ut
240 2485 396 2528 masolam
410 2488 598 2524 Patriarcbae
608 2513 619 2529 ,
642 2489 700 2535 sed
723 2497 814 2526 etiam
825 2486 963 2531 Episcopi
985 2493 1075 2521 totius

193 2536 320 2568 Graeclae
344 2537 452 2568 Pallii:
470 2546 641 2574 uterentur.
673 2539 795 2585 Arguit
820 2541 855 2576 δε
872 2537 939 2574 haec
956 2536 1076 2573 Latina

192 2584 293 2617 nostri
309 2585 458 2623 CanoniS
471 2587 563 2622 verba
579 2602 585 2621 :
614 2589 776 2633 Episcopi,
801 2589 907 2632 quibus
927 2586 1076 2629 concessum

196 2631 234 2673 ⁶st
247 2635 354 2673 Pdllt't's
365 2640 424 2671 uti.
455 2635 498 2670 Et
522 2637 616 2672 verba
629 2637 776 2676 secundae
799 2638 971 2673 versionis:
1000 2635 1076 2676 Desi-

191 2689 283 2729 gnan
298 2684 343 2717 ad
359 2685 618 2727 superhumeralia
635 2689 781 2733 gestanda
800 2686 940 2731 Episcopi
963 2709 974 2727 ,
1003 2685 1075 2719 Effe

196 2732 278 2771 dicit
290 2733 405 2772 (ἔϊκτο
415 2737 520 2770 textui
532 2737 660 2773 adversa
671 2762 682 2778 ‚
692 2750 752 2772 nec
765 2750 833 2773 non
847 2736 1075 2780 antiquissimis

195 2781 343 2819 moribus
363 2783 513 2821 Ecclesiae
537 2787 717 2822 Orientalis
733 2813 744 2828 ‚
772 2788 864 2830 cujus
885 2798 953 2821 non
973 2785 1074 2828 aliqui

195 2829 367 2868 dumtaxat
378 2858 390 2877 ‚
415 2835 469 2873 sed
494 2847 610 2872 omnes
619 2837 749 2885 penitus
760 2838 914 2884 Episcopi
931 2835 1074 2872 Panium

195 2879 366 2929 gestabant
382 2908 389 2915 .

247 2930 296 2967 At
308 2941 430 2966 certum
442 2934 486 2969 est
498 2933 691 2973 hallucinari
713 2938 900 2972 Morinum.
931 2936 1072 2971 Palliurn

195 2978 261 3013 five
282 2980 550 3027 superhumerale
584 2989 688 3022 fateor
709 2987 865 3025 omnibus
885 2986 1072 3021 Graecorum

197 3027 371 3073 Episcopis
392 3031 483 3067 fuisse
505 3046 700 3078 commune,
728 3049 762 3072 at
783 3049 871 3081 nego
891 3037 1014 3079 semper
1036 3034 1071 3069 in

141 3097 145 3101 ·
195 3079 445 3116 consecratione
461 3081 574 3120 datum
586 3110 596 3125 ‚
621 3088 653 3124 ὃς
667 3099 835 3131 nunquam
848 3087 913 3122 illis
926 3108 936 3126 ‚
948 3086 1073 3119 Metro-

193 3127 308 3172 ΡΟῙῙῑὶδ
318 3130 505 3173 Ρῑπῑθῐῑῑῐῐὶ»
531 3135 689 3171 missum&
701 3135 887 3173 Patriarcha
901 3160 909 3168 .
935 3136 1071 3171 Etenim

194 3177 378 3216 Orientalis
398 3179 523 3224 Illyrici
536 3184 693 3222 Ecclesias
713 3187 929 3230 quisignoret
949 3187 1071 3230 semper

195 3227 310 3265 vixisse
330 3229 394 3264 ritu
406 3231 548 3267 Graeco?
572 3233 616 3269 Et
628 3244 739 3271 tamen
751 3236 792 3271 ad
813 3235 881 3277 ejus
894 3235 1071 3278 Episcopos

197 3275 238 3314 de
248 3278 371 3326 Joanne
381 3282 490 3323 primae
501 3282 686 3325 Jnstinianae
708 3285 988 3328 Archi-Episcopo
1001 3285 1071 3319 scri-

21 3326 43 3357 1⁴
57 3324 180 3365 4AEPlst·
195 3325 246 3365 bit
259 3328 391 3367 Sentius
414 3331 590 3375 Gregorius
610 3334 776 3379 Magnus:
803 3338 916 3369 Raram
936 3345 988 3367 nos
1008 3335 1071 3374 ejus

21 3373 46 3403 5·
67 3368 92 3396 ⁸·
198 3375 437 3419 consecrationem
457 3381 564 3416 habere
576 3407 586 3424 ,
611 3384 771 3427 dirigentes
783 3385 914 3419 Pallium
926 3408 936 3423 ,
961 3386 1071 3419 indica-

199 3436 282 3463 mus·
308 3429 352 3467 Et
364 3429 405 3465 ad
429 3429 587 3473 Joannem
601 3433 852 3469 Corinthiorum
873 3434 1069 3480 Episcopum

208 1293 276 1334 rius
287 1294 442 1339 septimus
455 1321 467 1337 ‚
493 1298 528 1335 ἀ
541 1298 676 1341 quidem
686 1310 762 1333 cum
775 1298 969 1343 appendice:
997 1298 1090 1341 ,Quod

1158 395 1310 438 tropolita
1323 408 1334 428 .·
1360 395 1488 431 >Andrean
1499 398 1608 428 Fratri
1637 394 1849 439 &Coepifiopo
1859 401 1947 443 nofffro
1960 406 2034 441 Pal.

1156 446 1232 478 lium
1242 457 1295 478 nos
1308 445 1442 486 dircmffe
1450 443 1605 488 cognoscite
1613 470 1621 477 .
1646 445 1757 488 Ipsum
1767 446 1869 482 etiam
1889 449 1954 491 ejus
1966 454 2032 487 suc-

1157 495 1268 530 cessori
1277 493 1429 541 Hypatio
1439 493 1533 529 fuiffe
1543 495 1585 528 ab
1596 495 1755 530 Honorio
1777 496 1883 540 primo
1894 497 2033 536 Pontifi-

1155 556 1191 579 ce
1203 545 1334 580 milium
1344 543 1464 579 docent
1477 543 1675 587 Apostolicae
1688 546 1840 589 Epistola
1861 558 1964 592 nuper
1975 563 2033 594 per

1158 595 1400 634 illustrissimum
1437 593 1565 634 Lucam
1590 594 1803 631 Holstenium
1838 596 2028 640 publicatae,
2094 635 2100 641 ,

1157 646 1304 689 Etajam
1327 644 1473 688 deposito
1492 655 1530 678 ac
1551 643 1651 686 ejec‘to
1662 642 1787 682 Photio
1808 646 1900 683 fuisse
1923 649 2031 688 adhuc
2050 634 2183 674 Ep¹st'5⁶'

1154 695 1340 730 clanculum
1364 695 1528 736 benedista
1547 694 1674 734 Pallia,
1699 694 1733 728 &
1754 696 1796 730 ad
1816 701 2031 744 congregales

1157 744 1333 789 Episcopos
1354 746 1445 785 missa
1458 770 1469 785 ‚
1496 746 1530 778 in
1548 746 1653 779 Sansti
1668 743 1792 790 Ignatii
1816 747 1880 782 vita
1894 747 2032 786 Nicetas

1154 793 1323 839 Paphlago
1345 796 1495 829 testatur.
1524 793 1647 829 Eadem
1661 805 1737 830 ante
1756 795 1947 839 ejeffionem
1970 802 2032 838 mi.

1155 845 1235 878 serat
1265 844 1424 889 Bulgariae
1455 843 1739 889 Archi-Episcopo
1770 857 1808 884 ac
1830 846 2000 892 Episcopis
2019 875 2032 892 ,

1154 893 1293 937 ideoque
1314 894 1507 934 damnatum
1527 895 1758 936 communioni
1780 896 1940 941 &gradui
1963 899 2031 934 red-

1150 941 1234 977 didit
1244 943 1386 986 Joannes
1395 946 1526 980 ostavus
1544 957 1581 986 ea
1593 946 1665 992 lege
1674 972 1686 990 ,
1712 955 1749 980 ut
1759 949 1853 982 omni
1867 948 1901 980 in
1914 948 2033 994 Bulga-

1152 1004 1203 1027 ros
1218 992 1370 1042 potestati
1392 995 1539 1035 cederet,
1565 1008 1603 1032 ac
1617 997 1816 1035 nominatim
1830 997 1932 1031 Pallia
1958 1000 2031 1044 ipfis

1153 1055 1220 1078 non
1232 1044 1375 1079 mitteret
1385 1069 1393 1076 .
1421 1044 1466 1079 Et
1478 1042 1556 1083 hinc
1569 1046 1731 1094 intelliges
1741 1047 1894 1085 Sanctum
1906 1050 2032 1093 Grego-
2048 1052 2107 1089 L-4,
2118 1049 2205 1089 Epist.

1151 1094 1234 1128 rium
1257 1094 1444 1139 Magnum,
1469 1095 1589 1138 loanni
1614 1094 1845 1133 Ravennatum
1865 1096 2032 1143 Episcopo
2052 1099 2097 1126 15·

1150 1143 1343 1180 scribentem
1367 1168 1379 1185 ‚
1405 1144 1494 1190 quod
1517 1145 1628 1184 nullus
1650 1141 2032 1189 Constantinopolitanae

1150 1194 1326 1236 dioeceseos
1349 1194 1568 1238 Metropolita
1592 1218 1605 1235 ‚
1631 1194 1708 1229 licet
1733 1194 1869 1238 quidam
1889 1196 2031 1232 tricenos

1149 1254 1205 1285 aut
1223 1243 1436 1293 quadraginta
1456 1244 1515 1286 sub
1536 1246 1569 1280 se
1591 1245 1772 1291 Episcopos
1792 1242 1933 1280 habeant
1957 1271 1969 1288 ‚
1994 1246 2032 1282 in

1149 1295 1292 1336 Litaniis
1311 1306 1403 1336 extra
1426 1295 1604 1336 Ecclesiam
1623 1306 1700 1330 curn
1723 1294 1839 1329 Palliis
1860 1295 2025 1332 ambulet:
2087 1298 2090 1300 ’

1152 1345 1316 1389 Exprimit
1330 1357 1400 1381 non
1419 1356 1536 1381 omnes
1550 1371 1561 1388 ‚
1586 1345 1661 1387 licet
1682 1345 1827 1385 Pallium
1851 1344 2032 1389 haberent,

1151 1396 1352 1438 Episcopos,
1378 1395 1432 1430 sed
1456 1397 1542 1430 solos
1563 1395 1795 1439 Metropolitas
1816 1419 1828 1436 ‚
1854 1394 1944 1438 quod
1968 1396 2032 1435 soli

1149 1444 1202 1476 illi·
1216 1444 1235 1476 ὲ
1257 1443 1444 1478 Patriarcha
1470 1446 1575 1487 ipsum
1598 1446 1778 1487 reciperent
1801 1469 1809 1477 .
1835 1444 1938 1478 Porro
1961 1456 2032 1480 non

1147 1492 1233 1526 solus
1253 1494 1386 1535 praesens
1399 1515 1410 1532 ,
1436 1493 1491 1527 sed
1515 1495 1550 1528 δι
1572 1493 1718 1528 decimus
1738 1492 1892 1537 septimus
1915 1494 2032 1530 nostrae

1146 1541 1274 1586 Synodi
1294 1542 1414 1581 Canon
1428 1544 1578 1587 agnoscit
1600 1543 1758 1588 quosdam
1770 1543 1942 1578 dumtaxat
1954 1544 2032 1588 Epi-

1149 1593 1263 1635 scopos
1281 1591 1323 1631 ad
1336 1591 1490 1636 gestanda
1500 1591 1603 1631 Pallia
1619 1594 1778 1637 designari
1792 1606 1803 1625 :
1833 1593 1965 1635 Utique
1983 1595 2031 1628 so·

1147 1641 1196 1674 los
1216 1641 1250 1675 δε
1261 1652 1378 1676 omnes
1392 1665 1403 1681 ,
1429 1651 1569 1685 quorum
1579 1638 1711 1685 quidam
1725 1653 1781 1690 per
1799 1653 1913 1681 eorum
1925 1643 2030 1679 datio-

1147 1701 1220 1724 nem
1231 1691 1248 1725 a
1260 1689 1447 1730 Patriarcha
1459 1690 1737 1732 confirmabantur
1745 1716 1756 1733 ,
1771 1692 2007 1734 Metropolitas
2019 1718 2027 1726 .

1145 1739 1278 1775 Etenim
1291 1751 1427 1785 uterque
1440 1741 1589 1778 laudatus
1599 1740 1719 1776 Canon
1737 1742 1806 1785 agit
1818 1741 1853 1778 in
1865 1741 2028 1777 Hin'crr‘iaL

1144 1801 1215 1824 rum
1228 1790 1479 1836 Metropolirarn
1497 1791 1647 1829 Ecclesia
1656 1791 1786 1824 Latinae
1796 1811 1808 1828 ‚
1832 1790 1867 1823 in
1879 1801 1941 1833 qua
1958 1791 2027 1826 nul*

1144 1838 1166 1870 li
1179 1839 1400 1873 Provinciales
1413 1839 1565 1883 Episcopi
1578 1864 1590 1880 ,
1604 1838 1664 1879 nisi
1674 1851 1717 1874 ex
1730 1840 1884 1884 singulari
1904 1841 2030 1885 privile-

1141 1886 1199 1931 gio
1211 1911 1222 1927 ,
1247 1885 1353 1922 Pallia
1369 1889 1493 1931 semper
1506 1887 1646 1924 habuere
1662 1915 1670 1922 .

1191 1936 1305 1971 Altera
1319 1937 1452 1980 quaestio
1467 1937 1513 1971 est
1524 1963 1535 1979 ,
1560 1938 1618 1972 An
1630 1939 1852 1983 Orientalium
1873 1941 2029 1977 Ecclesia*-

1143 1996 1212 2019 rum
1231 1984 1424 2020 Patriarchae
1442 1985 1523 2021 olim
1543 1987 1562 2021 a
1587 1988 1744 2022 Romano
1770 1989 1931 2025 Pontifice
1955 1991 2028 2027 Pal-

1142 2035 1224 2069 lium
1235 2034 1428 2079 postularint
1452 2046 1549 2080 atque
1560 2038 1768 2081 acceperint?
1793 2037 1860 2076 Pro
1872 2051 1961 2083 parre
1972 2043 2027 2077 ad.

1142 2086 1302 2124 firmativa
1314 2086 1393 2124 facit
1407 2086 1596 2125 Innocentii
1617 2087 1704 2125 tertii
1715 2087 1889 2127 Pontificis
1915 2092 1948 2124 in
1963 2092 2027 2127 La-

1142 2136 1298 2174 teranensi
1321 2137 1459 2180 synodo,
1480 2137 1523 2174 de
1536 2137 1605 2173 istis
1615 2135 1812 2174 patriarchis
1823 2140 2019 2175 Decretum:

1141 2185 1297 2230 Postquam
1316 2188 1338 2222 ἃ
1359 2191 1493 2221 Romano
1518 2188 1842 2230 Pontifice'receperint
1866 2191 2019 2231 Palhum,
2043 2189 2115 2232 Cap.
2133 2198 2160 2231 ς.

1139 2237 1259 2271 licenter
1269 2239 1304 2271 ό*
1315 2236 1441 2280 ipfificis
1451 2237 1657 2282 suffiaganeis
1668 2240 1840 2285 largiantur
1849 2265 1856 2272 .
1885 2241 1928 2275 Et
1941 2242 2026 2284 quo-

1140 2285 1241 2321 modo
1252 2286 1438 2323 Patriarcha
1452 2287 1843 2332 Constantinopolitanus
1856 2287 1875 2322 ὲ
1887 2291 2022 2325 laudato

1140 2335 1302 2374 Pontifice
1315 2338 1421 2381 ipsum
1435 2336 1605 2381 postularit
1615 2347 1712 2385 atque
1723 2341 1881 2383 acceperit
1892 2365 1903 2381 ,
1915 2342 2021 2376 «refert

1141 2385 1234 2429 hujus
1245 2388 1311 2421 vita
1327 2387 1487 2430 publicata
1500 2398 1555 2430 per
1565 2388 1774 2425 Franciscuzm
1787 2388 2014 2434 Bosquettum;

1141 2436 1187 2470 At
1199 2436 1276 2470 vero
1286 2437 1471 2481 negativam
1483 2447 1605 2482 partem
1617 2438 1728 2473 suadet
1739 2439 1871 2483 antiqua
1883 2440 2021 2475 Patriat-

1140 2484 1282 2522 chalium
1298 2487 1508 2523 Ecclefiarum
1519 2488 1628 2531 praxis
1638 2514 1648 2529 ‚
1673 2489 1715 2523 de
1726 2500 1790 2532 qua
1805 2490 1838 2523 in
1851 2490 2021 2525 Breviario

1139 2536 1307 2571 Liberatus
1318 2536 1600 2581 Carthaginensis:
1630 2538 1814 2579 Consuetudo
1835 2540 1873 2580 est
1885 2542 2015 2574 Alexan·
2037 2537 2108 2576 C³P·
2129 2549 2175 2572 20·

1138 2587 1236 2627 ἄνω,
1261 2585 1552 2629 Epzfcopumillum,
1578 2593 1631 2634 qul
1642 2587 1779 2631 desum-⁴70
1786 2588 1916 2634 succedit
1929 2615 1939 2630 ,
1967 2603 2019 2624 ex·

1138 2637 1240 2671 cubias
1246 2635 1347 2679 ficper'
1362 2636 1498 2678 defundi
1507 2641 1610 2679 corpue
1623 2649 1710 2684 agere
1719 2663 1730 2678 ,
1756 2651 1934 2681 manumque
1944 2641 2018 2673 dex-

1138 2695 1233 2719 teram
1256 2688 1320 2728 qius
1332 2693 1425 2728 capiti
1440 2686 1495 2730 fico
1513 2691 1681 2729 imponere,
1708 2688 1863 2730 &sepulto
1876 2689 2016 2722 manibus

1133 2733 1195 2776 suls
1210 2760 1220 2775 ‚
1245 2743 1374 2778 accipere
1383 2738 1450 2773 collo
1454 2735 1511 2779 suo.
1519 2736 1599 2773 beati
1611 2741 1708 2773 Marci
1721 2737 1850 2774 Pallium
1866 2762 1876 2778 ,
1900 2740 1934 2772 Ca·
1945 2748 2017 2772 tunc

1136 2784 1369 2829 legitimesedere
1382 2811 1389 2822 .
1407 2786 1515 2822 Addit
1526 2788 1567 2825 de
1579 2786 1757 2831 Anthymo
1768 2787 1914 2824 Ecclefiae
1925 2788 2017 2823 Con-

1138 2836 1435 2880 stantinopolitanae
1446 2836 1572 2873 Pseudo
1583 2836 1768 2873 Patriarcha
1779 2861 1789 2877 ,
1817 2849 1871 2880 per
1886 2838 2016 2882 Agape-

1137 2895 1208 2922 tum
1224 2885 1421 2923 Pontificem
1441 2888 1618 2922 damnato:
1638 2885 1798 2926 Antbymus
1811 2889 1920 2921 videns
1928 2887 1963 2931 se
1970 2887 2015 2932 se·
2031 2881 2101 2919 Cap·
2122 2890 2168 2915 ²¹·

1135 2934 1295 2979 depulsum
1307 2961 1318 2977 ‚
1344 2937 1476 2973 Pallium
1488 2936 1716 2979 Imperatoribus
1737 2938 1895 2977 reddidit,
1923 2940 2014 2972 &di-
2056 2963 2060 2970 ,

1131 2983 1220 3028 sceffit
1232 2981 1234 2983 ’
1245 3011 1253 3020 .
1289 2987 1392 3034 Qiod
1417 2998 1534 3029 nempe
1561 2987 1665 3030 ipsum
1692 2987 1736 3022 ab
1763 2987 2013 3031 imperatoribus

1134 3035 1232 3070 etiam
1253 3038 1444 3079 accepisset.
1474 3034 1567 3072 Etad
1587 3035 1811 3073 Sebastianum
1823 3036 2012 3080 Rhizinien-

1136 3086 1200 3118 sem
1227 3086 1427 3129 Episcopum
1452 3086 1492 3121 de
1502 3087 1618 3121 saneto
1642 3087 1814 3123 Anastafio
1826 3087 2012 3125 patriarcha

1137 3134 1351 3172 Antiocheno
1373 3135 1484 3179 inique
1506 3135 1632 3178 dejecto
1657 3137 1764 3172 scribit
1788 3139 1923 3173 Sanctus
1933 3137 2011 3172 Gre-
2028 3149 2180 3190 μμερῑη,

1134 3184 1244 3228 gorius
1256 3184 1417 3232 Magnus:
1444 3183 1652 3230 Suggestionem
1662 3189 1745 3228 apud
1762 3188 1898 3230 pitffimos
1912 3190 2012 3221 Domi·
2026 3199 2068 3224 »7-

1137 3245 1185 3269 nos
1191 3233 1316 3277 summis
1337 3233 1473 3277 precibus
1480 3236 1601 3276 plenam
1607 3235 1685 3280 fecit
1699 3261 1710 3280 2
1736 3247 1770 3275 ut
1782 3243 1881 3272 virum
1891 3236 2011 3277 heaetlffi·

1135 3296 1214 3318 mum
1233 3282 1411 3327 Anastafium
1435 3284 1644 3320 Patriarcbam
1654 3288 1770 3330 com-effi»
1788 3285 1840 3330 usu
1853 3288 1946 3323 Pallii
1965 3287 2010 3322 ad

1136 3334 1212 3369 beat}
1226 3336 1310 3370 Petri
1320 3332 1513 3377 Apostolorum
1526 3339 1673 3380 Principis
1683 3338 1788 3371 limina
1807 3348 1915 3370 mecum
1937 3336 2004 3372 cele·

1135 3383 1289 3417 braturum
1301 3384 1452 3428 Mlffarum
1465 3383 1600 3427 solennia
1610 3378 1811 3429 transmittere
1821 3384 1980 3425 debulffivtt
1987 3407 2001 3424 ,

1134 3431 1343 3476 quatenbsfiel
1355 3434 1408 3468 ‘ad
1407 3432 1507 3478 sedem
1514 3432 1604 3478 suam
1616 3431 1739 3474 minime³
1757 3441 1875 3527 raven}
1884 3434 1980 3515 {iceret
1990 3454 2004 3474 ‚

1868 3495 1887 3516 a
1898 3490 1959 3518 tem
