2340 3762
647 140 962 188 SCHOLIIS,
998 149 1062 177 ετ
1096 134 1294 181 Νοτῐς
1328 146 1712 188 ILLUSTRATI.
1923 157 2022 205 277

1200 223 1287 250 ratur
1311 241 1323 257 ,
1346 217 1476 259 adeoque
1500 215 1578 260 ipses
1593 218 1650 258 fibi
1675 224 1881 264 Metropolitas
1916 225 2084 265 suffia-atur

1199 273 1320 312 ignaros
1335 291 1346 307 ‚
1368 266 1402 310 se
1414 266 1506 300 libello
1520 266 1714 311 subscripfiffe
1728 293 1738 308 ‚
1763 274 1827 306 ciam
1838 284 1983 315 arcanam
1992 275 2086 314 fundi

1200 322 1375 361 emptionem
1382 317 1585 361 praetendiffiit
1595 344 1602 351 .
1628 321 1761 351 Tantum
1770 322 1818 353 ille
1838 325 1873 356 <ir
1887 333 1953 357 tm
1968 322 2084 367 insigna·

1193 369 1344 411 fraudum
1358 373 1487 402 omnium
1517 370 1552 415 (ft
1566 373 1766 414 nequitiarum
1777 371 1893 412 artifex
1902 383 1967 407 erat
1976 398 1985 407 .

261 224 431 263 umbrosa
451 219 580 265 Ecclesia
599 222 637 256 (st
648 229 712 255 tota
722 221 883 263 Republica
905 220 1035 254 coaaeum
1049 243 1061 258 ,
1086 223 1141 251 m·-

256 270 476 317 bunalsacrum
497 275 593 308 denuo
599 279 791 315 perinvitum
815 270 962 314 conscendi
984 282 1016 305 e.
1045 273 1140 310 Atque

254 334 292 362 ut
308 325 495 366 mendacium
514 330 546 358 in
568 322 704 365 Epistola
723 321 866 366 scriptum
884 320 1034 362 stabiliret
1049 345 1059 361 ‚
1081 327 1139 362 per

259 376 548 411 Petrumasecrens
560 378 688 415 omnium
711 374 968 418 Metropolitarum
982 371 1068 416 figna
1084 369 1138 412 fu-

704 672 1378 782 CANON
1514 671 1667 795 Χ

396 886 524 943 Ivina
555 883 784 946 manifesto
819 884 1036 940 clamante
1071 879 1288 947 Scriptura
1323 885 1337 939 ’,
1372 880 1472 923 'Ante
1505 875 1817 933 effeminationem
1842 881 1867 940 ·’,’
1882 895 1943 932 me
1977 880 2084 925 vitu-j

420 968 526 1020 peres
553 977 563 999 .·
599 941 658 1002 Er
691 952 850 1020 intellige
879 949 1051 1021 primam
1075 986 1089 1012 ,
1124 955 1184 996 (9⁴
1219 964 1304 997 tunc
1339 950 1486 1013 increpa
1512 971 1523 1003 ··.
1560 950 1617 996 Et
1651 946 1829 1016 numquid
1861 947 1929 1004 lex
1964 948 2085 1012 nostra

419 1022 572 1092 judicat
607 1020 786 1071 hominem
814 1059 829 1085 ,
864 1023 931 1088 nisi
959 1021 1069 1091 priits
1097 1018 1255 1068 audierit
1290 1018 1341 1066 ab
1375 1036 1415 1064 eo
1447 1020 1506 1062 <²9⁸
1533 1024 1744 1084 cognoverit
1757 1022 1776 1076 ',
1820 1019 1908 1084 quid
1931 1018 2084 1084 flaciass

235 1092 383 1160 Just&
407 1096 452 1152 ὅτ
485 1109 768 1156 congruenter
816 1088 863 1143 ’δε
897 1092 990 1154 haec,
1022 1090 1165 1149 sancita,
1208 1093 1252 1139 &
1287 1085 1541 1148 universalis
1590 1086 1793 1155 Synodus
1842 1086 1995 1145 definit
2041 1094 2084 1142 &

232 1160 395 1223 'statuit
412 1199 426 1225 ,
461 1162 583 1230 quod
617 1165 762 1219 nullus
797 1166 1008 1214 laicorum
1053 1163 1125 1221 vel
1162 1159 1474 1221 monachorum
1507 1194 1522 1219 ,
1567 1173 1645 1209 aut
1682 1159 1842 1225 aliquis
1877 1177 1931 1209 ex
1966 1174 2085 1209 cata-

241 1233 348 1297 logo
364 1261 367 1264 μ
382 1235 653 1295 clericorum
688 1252 791 1297 ante
825 1235 1083 1300 diligentem
1116 1232 1486 1292 examinationem
1533 1232 1577 1289 &
1623 1226 1879 1298 synodicam
1916 1228 2085 1285 senten-

241 1305 359 1363 tiam,
389 1303 417 1355 a
450 1308 760 1360 communione
793 1305 836 1356 se
871 1305 1039 1374 separet
1074 1306 1243 1374 proprii
1279 1301 1539 1356 Patriarchae
1564 1337 1578 1363 ,
1628 1300 1734 1359 licet
1769 1301 2086 1355 criminalem&

241 1374 489 1442 quamlibet
523 1375 693 1425 causam
729 1382 820 1443 eJus
864 1375 912 1433 se>
944 1375 1059 1436 noffe
1083 1373 1336 1442 'praetendat
1371 1395 1386 1432 3
1440 1370 1512 1420 sed
1547 1389 1692 1437 neque
1726 1370 1889 1428 recuset
1925 1389 2085 1421 nomen

239 1444 373 1507 ifius
418 1445 576 1495 referre
621 1448 736 1495 inter
788 1446 958 1505 Divina
992 1444 1203 1509 mysteria
1234 1443 1307 1491 vel
1343 1440 1512 1489 officia.-
1550 1441 1759 1494 Similiter
1795 1456 1942 1490 autem
1978 1445 2085 1509 Epi-

237 1463 398 1582 sgopos
436 1518 484 1563 ¹&
519 1513 802 1582 Presbyteros
838 1530 852 1576 ‚·
898 1515 978 1581 qui
1007 1515 1060 1563 'in
1104 1510 1390 1563 exterioribus
1439 1508 1696 1559 civitatibus
1744 1515 1788 1560 &
1835 1511 2084 1573 regionibus

238 1581 338 1640 sunt
360 1621 385 1647 ,³
438 1601 538 1646 erga
572 1588 771 1651 proprios
807 1586 1114 1651 Metropolitas
1149 1581 1348 1631 affectare
1384 1579 1639 1638 mandamus
1670 1600 1683 1633 ;
1735 1580 1869 1645 Qod
1904 1584 2084 1631 etiam..

239 1654 357 1706 circa
377 1652 689 1711 ‘Patriarcham‘
725 1653 845 1703 suum
882 1653 1023 1703 facere
1058 1652 1372 1719 Metropolitas
1408 1665 1610 1718 oportet.
1648 1651 1691 1700 Si
1727 1649 1833 1699 vero
1869 1653 1971 1716 quis
2005 1651 2082 1701 ad-

239 1722 391 1773 versus
427 1724 540 1772 hanc
575 1722 761 1772 sanctam
797 1722 1022 1792 Synodum
1076 1719 1365 1790 deprehensus
1400 1720 1531 1769 fuerit
1566 1737 1694 1790 agere
1731 1756 1744 1779 ‚
1790 1720 1822 1767 fi
1857 1721 2082 1785 quidem-.

238 1791 477 1860 Episcopus
513 1809 590 1842 aut
624 1794 819 1843 Clericus
854 1793 916 1841 est
941 1831 956 1854 ,
991 1792 1049 1853 ab
1084 1794 1211 1840 omni
1247 1788 1502 1838 sacerdotali
1537 1789 1793 1856 operatione
1822 1787 1999 1840 decidat
2035 1796 2080 1842 δε

239 1863 405 1912 honore
440 1884 458 1918 ,-
492 1863 731 1913 monachus
765 1878 915 1912 autern
950 1878 1026 1911 aut
1062 1861 1200 1910 laicus
1237 1858 1478 1923 segregetur
1513 1858 1570 1907 ab
1604 1862 1726 1908 omni
1782 1860 2078 1911 Ecclefiastica

238 1934 546 1983 communione
591 1948 726 2001 atque
771 1934 959 1996 collegio
992 1970 1007 1995 ,
1058 1928 1284 2000 quousque
1330 1927 1558 1990 conversus
1612 1947 1691 2002 per
1723 1932 2080 2000 poenitentiam-i.

239 2005 475 2070 recipiatur
486 2040 500 2051 .

1187 2182 1225 2209 to
1244 2181 1360 2210 contra
1371 2172 1526 2208 Canones
1537 2160 1703 2217 Episcopo
1712 2194 1724 2212 ‚
1748 2173 1895 2218 quinque
1905 2174 2078 2218 Presbyte..

433 2177 925 2243 Senotlou,

244 2329 253 2333 ’
321 2321 678 2367 Piscopumapropriis
699 2322 838 2358 subditis
853 2321 1011 2366 judicari,
1036 2321 1125 2358 dam-

320 2402 322 2406 ,
344 2373 432 2412 nari,
458 2372 567 2415 puniri
591 2382 679 2408 vetat
704 2374 770 2417 ipsa
783 2383 903 2408 naturae
928 2373 1002 2407 lex:
1029 2372 1123 2408 Anti-

237 2433 303 2465 qua
316 2423 477 2457 Romanae
495 2422 644 2457 Ecclefiae
656 2423 786 2468 Regula
808 2422 959 2467 prohibet
983 2423 1062 2457 item
1074 2435 1124 2458 ac-

238 2471 341 2510 cusari
351 2496 360 2505 .
386 2473 497 2507 Etiam
511 2471 552 2505 ab
564 2472 669 2507 aliena
681 2474 818 2515 Synodo
834 2498 845 2514 ‚
870 2473 985 2517 utpote
998 2473 1123 2516 judicio

239 2521 412 2565 peregrino
433 2545 444 2561 ,
468 2522 605 2565 judicari
627 2523 793 2558 interdicit
814 2524 933 2558 Canon
954 2521 1122 2567 Apostoli-

238 2581 318 2612 cus,
343 2570 521 2606 innovatus
540 2572 574 2606 δε
587 2574 797 2608 confirmatus
818 2574 836 2607 a
850 2575 942 2608 sexto
964 2574 1120 2607 Nicaeno.

238 2619 288 2654 At
299 2621 378 2664 quid
391 2622 414 2655 fi
426 2633 516 2656 extra
529 2623 730 2666 Synodisuae
750 2634 877 2667 tempus
899 2633 955 2658 aut
979 2623 1121 2667 legitimi

238 2670 412 2713 superioris
427 2673 542 2707 oculos
566 2673 764 2717 Episcopus,
789 2672 1028 2717 Metropolita,
1055 2674 1121 2707 Pri-

237 2730 308 2755 mas
321 2745 333 2761 ,
359 2731 416 2756 aut
426 2721 616 2758 patriarcha
628 2723 733 2766 palam
745 2724 907 2768 impingat
918 2724 954 2762 in
962 2722 1121 2767 Regulam,

237 2780 368 2813 patrans
391 2784 490 2817 opera
514 2772 657 2807 scabiosa
679 2799 690 2814 ,
717 2774 759 2808 de
778 2774 895 2818 quibus
916 2773 984 2808 dici
1005 2784 1119 2818 queat:

239 2822 312 2862 ,Qui-
320 2829 418 2866 tangit
438 2828 532 2866 picem
550 2848 561 2863 ,
588 2824 793 2867 inquinabitur
813 2825 851 2857 ab
872 2836 908 2858 ea
930 2826 944 2859 ἒ
970 2823 1064 2857 Tum
1088 2825 1120 2858 &

237 2871 390 2912 proprius
408 2873 443 2907 δε
466 2874 592 2912 alienus
613 2876 667 2908 seu
690 2875 806 2909 Cletus
829 2876 883 2909 seu
902 2874 1043 2919 populus
1064 2886 1119 2908 no·

237 2929 316 2952 men
330 2920 396 2962 ejus
404 2923 445 2956 ad
456 2924 579 2958 Divina
593 2936 661 2958 non
681 2925 834 2959 recitabat
846 2925 955 2963 officia
972 2948 983 2964 ‚
1009 2925 1043 2959 &
1054 2926 1118 2958 sese

235 2967 399 3011 separabat
409 2971 450 3005 ab
462 2973 529 3015 ejus
548 2975 581 3008 δε
592 2975 812 3009 Ecclefiastica
824 2975 857 3008 &
871 2976 960 3009 civili
972 2985 1117 3008 commu-

237 3019 354 3052 nione.
381 3021 434 3054 Ex
447 3021 576 3066 Regula
590 3024 781 3067 Apostolica
796 3038 804 3058 ε
825 3030 902 3058 Cum
912 3024 1053 3068 eiusmodi
1066 3035 1117 3058 nec

1188 2225 1216 2258 ti
1240 2222 1511 2268 Carthaginenses
1531 2248 1542 2265 ,
1568 2223 1768 2260 Feliciffimo
1793 2224 1949 2259 Diacono
1970 2226 2072 2260 adhae-

1189 2284 1312 2315 rentes,
1338 2274 1582 2308 communicare
1604 2274 1799 2308 noluerunt.
1829 2275 1873 2308 Et
1897 2276 1981 2319 apud
1994 2277 2072 2310 San-

1186 2326 1275 2362 ,stum
1298 2323 1511 2358 Ambrosium
1548 2325 1687 2366 populus
1710 2323 1907 2358 Veronensis
1928 2327 2070 2370 Syagrio

1189 2374 1369 2418 Episcopus
1382 2398 1393 2414 ,
1420 2374 1477 2407 nifi
1496 2373 1636 2417 delapsu
1660 2374 1833 2417 suspectam
1855 2376 1977 2409 sacram
1993 2376 2069 2410 Vir-

1184 2426 1370 2468 ginem-aut
1394 2434 1509 2468 purget
1524 2433 1580 2457 aut
1592 2423 1726 2467 puniat,
1755 2426 1898 2459 minatur
1922 2426 2068 2465 scindere

1159 2512 1163 2518 Ι
1185 2473 1457 2508 communionem
1483 2499 1491 2506 .
1519 2473 1630 2508 Etiam
1656 2475 1850 2518 quibusdam
1877 2475 2069 2520 Hierosoly-

1185 2536 1247 2561 mael
1262 2521 1437 2562 monachis,
1453 2524 1547 2559 fuisse
1570 2535 1646 2558 cum
1669 2524 1798 2567 Joanne
1819 2526 1877 2559 suo
1901 2525 2067 2570 Episcopo

1183 2575 1428 2609 communionis
1447 2574 1646 2614 discordiam
1665 2572 1772 2608 scribit
1793 2575 1925 2609 Sanctus
1945 2577 2065 2611 Hiero-

1185 2636 1327 2668 nymus,
1352 2635 1510 2668 eamque,
1537 2623 1627 2668 quod
1649 2625 1681 2658 se
1702 2624 1759 2658 ille
1783 2625 1823 2658 ab
1836 2626 2060 2669 Origenistico

1182 2675 1335 2719 dogmate
1358 2687 1425 2708 non
1459 2675 1692 2709 demonstraret
1721 2676 1895 2708 innoxium
1916 2700 1927 2715 ‚
1955 2675 2100 2719 legiti-1¹

1183 2736 1271 2759 mam
1283 2725 1451 2760 adfirmat:
1480 2726 1524 2759 Et
1540 2723 1627 2769 apud
1647 2725 1819 2767 Hermiam
1830 2724 2061 2760 Zozomenum

1182 2775 1363 2810 Callinicus
1378 2774 1495 2811 Pelufii
1508 2774 1723 2818 Metropolita
1750 2775 1867 2808 sancto
1881 2774 2058 2810 Athanasio

1181 2825 1375 2859 patriarchae
1387 2827 1446 2859 suo
1457 2827 1701 2860 communicare
1721 2826 1842 2858 recusat
1853 2850 1863 2865 ‚
1889 2827 2058 2870 quousque

1180 2874 1237 2915 ille
1247 2876 1337 2910 fracti
1351 2876 1460 2910 altaris
1479 2877 1513 2910 ὅ(
1528 2877 1639 2910 calicis
1659 2876 1777 2908 famam
1791 2872 1935 2909 diluisset
1954 2901 1961 2908 .
1989 2875 2059 2911 Ad-

1179 2926 1227 2959 dit
1247 2926 1288 2960 de
1303 2925 1446 2961 Eusebio
1458 2926 1705 2961 Caesareenfium
1728 2925 1762 2957 in
1776 2925 1984 2968 Cappadocia
1996 2926 2059 2960 Ar-

1178 2973 1412 3020 chi-Episcopo
1427 3002 1438 3018 ‚
1465 2977 1554 3019 cujus
1573 2975 1651 3009 odia
1673 2975 1804 3019 fugiens
1825 2977 1960 3009 Sanctus
1973 2975 2057 3011 Basr-

1179 3025 1240 3058 lius
1250 3026 1397 3071 Magnus
1408 3052 1418 3068 ‚
1445 3026 1586 3068 ejusdem
1601 3024 1746 3059 Ecclefiae
1756 3023 1863 3060 adhuc
1875 3025 2056 3070 Presbyter,

2089 2304 2108 2332 Ε

2110 2300 2221 2341 pist.46.

2084 2609 2217 2646 Epist-6¹.

2082 2658 2105 2678 c.
2126 2662 2150 2679 2·
2171 2660 2200 2688 3.

2103 2701 2139 2719 α..
2163 2700 2235 2727 c.24.

236 3068 334 3102 cibum
342 3068 474 3112 sumere.
499 3072 546 3110 Ita
559 3072 734 3109 dioeceseos
753 3077 814 3110 suae
826 3074 990 3109 Africana:
1013 3075 1115 3109 fideli·

238 3117 301 3152 bus
326 3120 511 3164 frequenter
537 3121 717 3158 Primatiali
744 3127 933 3160 auctoritate
970 3125 1114 3159 inculcat

239 3168 376 3204 Sanctus
388 3170 594 3214 Cyprianus,
622 3184 662 3207 ne
685 3175 750 3208 suis
771 3177 805 3208 in
816 3176 1035 3210 idololatriam
1058 3161 1131 3208 aut¹

236 3216 482 3264 haerefimlapfis
500 3221 669 3266 Episcopis
693 3224 726 3256 in
739 3224 890 3260 humanis
905 3236 962 3259 aut
981 3224 1114 3259 Divinis

236 3271 485 3306 communicent
496 3296 506 3312 ,
532 3271 623 3316 quod
631 3284 743 3306 eorum
753 3275 885 3315 omnia,
911 3276 1013 3311 etiarn,
1024 3275 1113 3308 sacri-

238 3318 336 3361 ficia,
361 3321 421 3355 smt
442 3320 583 3356 scabiosa
603 3322 838 3368 &contagiosa
851 3348 862 3364 ,
887 3336 925 3358 ac
946 3325 1114 3363 offerentis,

205 3402 208 3405 ,
239 3368 318 3403 vitia
342 3371 377 3404 in
399 3382 516 3406 omnes
527 3371 591 3405 illis
613 3371 795 3413 adsistentes
807 3384 864 3408 aut
884 3374 1111 3418 participantes

239 3418 427 3457 traducant.
455 3422 499 3458 Et
510 3422 566 3466 ipfi
580 3422 697 3458 Sanno
708 3423 900 3469 Cypriane,
917 3434 955 3460 ut
966 3423 1112 3469 neophy-

1179 3075 1213 3107 in
1225 3075 1371 3110 Pontum
1393 3077 1432 3110 ad
1447 3072 1626 3113 monachos
1638 3076 1797 3109 secefferat
1811 3090 1822 3110 :
1849 3078 1978 3119 Populus
1988 3080 2054 3110 Cae-

1175 3122 1310 3167 sarcenfis
1321 3125 1479 3168 Eusebium
1485 3126 1604 3166 penitas
1615 3125 1746 3169 deserere
1759 3150 1770 3165 ‚
1796 3129 1829 3160 (θ’
1839 3137 2000 3163 conventus
2001 3126 2052 3170 si:-

1175 3182 1312 3217 paratim
1331 3188 1418 3219 agere
1439 3176 1601 3216 constituit.
1629 3175 1812 3223 Qomodd
1837 3177 2052 3221 Cappadocia:

1179 3223 1334 3259 monachi
1357 3226 1422 3258 sese
1443 3227 1461 3258 a
1489 3224 1593 3259 Patris
1614 3227 1661 3263 sui
1674 3226 1825 3272 Gregorii
1846 3226 2050 3262 Nazianzeni

1178 3274 1332 3319 Episcopi
1346 3276 1582 3310 communione
1594 3278 1784 3317 secreverint
1795 3277 1840 3312 ob
1851 3279 1962 3313 nescio
1972 3288 2050 3320 quas

1176 3323 1353 3358 Arianismi
1378 3326 1596 3369 suspiciones,
1622 3328 1761 3361 refertin
1783 3327 1986 3364 orationibus
2006 3326 2049 3359 de

1174 3385 1252 3417 pace
1272 3375 1359 3409 filius
1377 3387 1444 3419 ejus
1455 3377 1587 3411 Sanctus
1599 3376 1776 3421 Gregorius
1796 3379 2026 3413 Nazianzenus
2038 3398 2047 3406 .

1165 3424 1219 3459 'Et
1230 3424 1271 3460 de
1282 3424 1440 3462 Nestorio
1466 3426 1839 3472 Constantinopolitano
1862 3427 2047 3470 Episcopo,

1941 3475 1998 3519 qui

2074 3113 2094 3142 L
2105 3116 2132 3142 6.
2152 3114 2229 3149 6.]ςῖ
