2340 3762
1008 142 1465 206 (›1÷>(174>(4÷>

311 274 2133 326 wmwwwmwmswswwmwwwmm

311 324 776 380 fflffiffiffi
799 319 1030 372 &fflffi
1053 319 1400 373 ffiffiffi
1420 322 1652 376 effi&
1673 327 2135 386 ffiffimffi

311 381 776 439 ffiffissffiffi
798 376 1030 430 fflffi
1051 378 1400 438 ffiffiffi
1421 381 1650 436 ffiffi
1671 386 2136 447 ffiffifflwffi

312 433 2135 491 mmmmtffifflnwmamffifimmrffiammtffnmmm

315 587 461 738 C
576 582 733 739 O
858 579 1034 741 N
1151 579 1297 738 C
1408 583 1492 743 I
1605 583 1751 741 L
1865 589 1950 743 I
2055 588 2139 745 I

381 836 1009 970 SEPTIMI
1088 837 2073 971 GENERALIS‚

544 1078 771 1196 quod
808 1078 923 1166 est
960 1077 1404 1165 secundum
1441 1081 1914 1177 Nicaenum‚‘

448 1291 1294 1393 DECRETUM
1370 1269 1550 1388 DE
1618 1293 2002 1391 FIDE*

803 1522 840 1559 ..Ξ
870 1514 990 1577 Egiae
1026 1514 1273 1564 continuati
1306 1511 1466 1563 semitae
1499 1550 1515 1575 ‚
1561 1513 1867 1584 sequentesque
1912 1516 2150 1568 Divinitirs

821 1576 838 1587 '
891 1581 1146 1649 inspiratum
1182 1581 1420 1633 sanctorum
1455 1587 1633 1633 Patrum
1667 1586 1906 1637 nostrorum
1941 1586 2145 1649 magiste-

776 1701 778 1703 .
889 1654 1004 1702 rium
1029 1689 1043 1712 ‚
1090 1656 1134 1702 &
1167 1651 1411 1703 Catholicae
1454 1651 1734 1704 traditionem
1770 1655 2005 1715 Ecclesiae3
2040 1672 2149 1704 nam

676 1752 689 1784 3
706 1702 843 1797 Χ.
890 1723 1074 1790 Spiritus
1107 1725 1248 1772 Saneti
1287 1723 1400 1772 hanc
1434 1721 1515 1772 effe
1548 1726 1751 1776 novimus
1767 1762 1781 1787 ,
1817 1727 1895 1792 qui
1935 1726 2148 1775 nimirum

478 1830 490 1848 ,
529 1845 554 1867 Ἀ
612 1815 645 1850 m
800 1801 826 1816 '·
891 1793 938 1842 in
972 1791 1063 1860 ipsa
1098 1792 1318 1843 inhabitat
1349 1814 1361 1842 ε
1399 1792 1644 1844 Definimus
1679 1798 1726 1844 in
1761 1798 1882 1846 omni
1917 1794 2150 1845 certitudi-

593 1920 595 1928 γ
657 1907 673 1920 ,
701 1861 714 1931 ἶ
780 1892 839 1923 „4
891 1879 946 1913 ne
980 1878 1033 1911 ac
1067 1861 1328 1926 diligentia,
1364 1862 1470 1911 ficut
1505 1863 1682 1926 figuram
1715 1864 1916 1933 preciosae
1950 1883 2002 1916 ac
2029 1867 2149 1915 vivi-

472 1976 488 1997 Ἢ
531 1967 545 1984 x
578 1989 594 1999 A!
633 1970 679 1989 χ,
763 1942 840 2005 4*
892 1931 982 1983 ficae
1018 1935 1172 1982 Crucis
1197 1970 1211 1994 2
1246 1933 1311 1985 ita
1347 1933 1614 1983 venerabiles
1649 1952 1700 1987 ac
1736 1935 1895 1985 sanctas
1932 1938 2149 1999 imagines

444 2024 449 2032 ,
524 2006 537 2049 ζ
572 1998 595 2032 ²¹²
613 1998 683 2035 ’Μ’
733 1999 814 2042 ἷι·»ῐῖέ-«
892 2002 1223 2071 proponendas,
1258 2019 1348 2054 tam
1371 2003 1426 2054 de
1451 2005 1671 2054 coloribus
1704 2009 1748 2054 δε
1773 2004 1943 2055 tessellis
1963 2043 1976 2066 ,
2010 2023 2148 2073 quam

891 2090 987 2139 quae
1022 2090 1075 2122 ex
1109 2073 1195 2122 alia
1229 2076 1411 2123 materia
1457 2089 1743 2136 congruenter
1789 2077 1836 2124 in
1871 2074 2022 2124 sanetis
2056 2077 2148 2124 Dei

315 2144 518 2198 Ecclesiis
541 2180 554 2204 ,
589 2146 632 2190 &
667 2138 793 2189 sacris
829 2141 937 2190 vasis
961 2181 974 2203 ,
1008 2145 1052 2191 &
1085 2143 1273 2193 vestibus
1309 2149 1353 2195 &
1388 2145 1435 2192 in
1468 2143 1706 2211 parietibus
1741 2161 1792 2195 ac
1827 2144 1987 2194 tabulis
2018 2181 2032 2206 ,
2066 2143 2153 2194 do·-

315 2217 459 2267 mibus
494 2218 537 2263 &
573 2213 656 2262 viis
685 2230 696 2260 :
733 2226 824 2261 tam
860 2211 1065 2262 videlicet
1099 2216 1335 2277 imaginem
1371 2215 1557 2263 Domini
1593 2217 1681 2263 Dei
1716 2218 1759 2264 δε
1794 2216 2031 2266 Salvatoris
2067 2233 2150 2266 no-

316 2288 390 2337 stri
415 2284 522 2352 Jesu
557 2281 720 2333 Christi
749 2317 761 2340 ‚
813 2290 946 2348 quam
982 2285 1245 2335 intemeratae
1282 2287 1486 2334 Dominae
1519 2283 1669 2336 nostrae
1702 2283 1850 2335 sanctae
1885 2289 1974 2336 Dei
2008 2288 2148 2334 Geni-

318 2360 441 2407 tricis
476 2392 489 2417 ‚
542 2351 948 2419 honorabiliumque
984 2355 1249 2417 Angelorum
1288 2391 1302 2415 ‚
1353 2359 1396 2405 &
1430 2357 1626 2404 omniurn
1663 2359 1907 2405 sancitorum
1946 2356 2068 2404 fimul
2101 2359 2148 2405 δε

318 2430 530 2477 almorum
568 2426 759 2473 virorum
796 2459 808 2470 .
861 2429 1042 2495 Qanto
1091 2427 1208 2475 enim
1246 2425 1512 2491 frequentius
1547 2443 1625 2493 per
1659 2427 1937 2487 imaginalem
1985 2424 2147 2474 forma-

321 2500 487 2548 tionem
523 2493 763 2554 videntur,
799 2493 926 2543 tanto
961 2497 1039 2560 qui
1075 2494 1152 2544 has
1185 2497 1534 2563 contemplantur
1556 2531 1569 2555 ,
1616 2495 1798 2544 alacrius
1833 2498 2054 2559 eriguntur
2088 2493 2148 2544 ad

322 2568 644 2636 primitivorum
681 2581 827 2613 earum
862 2567 1114 2613 memoriam
1150 2602 1163 2626 ,
1217 2570 1259 2615 δε
1293 2564 1547 2615 defiderium
1589 2602 1602 2625 ,
1648 2570 1690 2614 &
1726 2564 1781 2615 ad
1816 2565 2014 2623 osculum·
2044 2603 2058 2626 ‚
2102 2569 2147 2614 &

323 2637 381 2688 ad
417 2635 690 2685 honorariam
730 2633 796 2681 his
832 2634 1131 2685 adorationem
1169 2635 1445 2685 tribuendam
1485 2671 1500 2683 .
1542 2638 1648 2684 Non
1685 2652 1831 2685 tamen
1867 2635 1923 2686 ad
1957 2652 2148 2686 veram-⁴

323 2709 496 2759 latriam
522 2742 535 2766 ‚
572 2722 668 2772 quae
703 2701 933 2754 secundum
969 2704 1099 2755 fidem
1134 2705 1194 2755 est
1218 2742 1230 2765 ‚
1267 2723 1450 2773 quaeque
1486 2703 1619 2754 solam
1656 2708 1868 2755 Divinam
1903 2721 2148 2754 naturam-2

325 2779 452 2827 decet
480 2813 492 2837 ‚
530 2772 906 2844 impartiendam2
954 2773 1022 2826 Ιῑὲ
1059 2791 1107 2825 ut
1142 2775 1231 2824 istis
1264 2812 1277 2835 ,
1313 2777 1435 2825 sicuti
1469 2775 1612 2837 figurae
1646 2774 1843 2843 preciosae
1877 2792 1928 2824 ac
1963 2775 2147 2824 vivificae

324 2850 480 2898 Crucis
518 2851 561 2895 &
597 2843 747 2895 sanffis
782 2846 1029 2907 Evangeliis
1063 2850 1106 2893 δε
1141 2847 1317 2912 reliquis
1353 2845 1479 2893 sacris
1514 2847 1805 2894 monumentis
1831 2881 1844 2905 ‚
1879 2843 2148 2896 incensorum

329 2924 372 2968 &
420 2919 632 2967 luminum
680 2913 850 2966 oblatio
910 2913 966 2963 ad
1026 2915 1176 2964 harum
1241 2916 1450 2964 honorem
1508 2913 1778 2964 efficiendum
1838 2915 2090 2965 exhibeatur
2133 2934 2148 2964 t

331 2985 714 3056 Qemadmodum
762 2989 805 3034 &
839 2986 1032 3051 antiquis
1077 2987 1160 3052 piae
1195 2984 1513 3034 consuetudinis
1548 3000 1637 3033 erat
1675 3023 1689 3034 ,
1750 2988 1956 3048 Imaginis
1991 2989 2152 3035 enirm

332 3060 468 3107 honor
503 3055 558 3107 ad
594 3057 865 3124 primitivum
901 3055 1050 3105 transit
1073 3076 1090 3111 ,-
1126 3071 1169 3103 et
1204 3057 1281 3122 qui
1316 3054 1471 3103 adorat
1506 3057 1739 3117 imaginem
1764 3092 1777 3116 ,
1828 3055 1981 3106 adorat
2018 3059 2063 3104 in
2097 3072 2151 3104 ea

333 3127 492 3193 depicti
527 3126 833 3175 subsistentiam
873 3162 886 3174 .
946 3128 1014 3176 Sic
1049 3127 1165 3173 enim
1200 3125 1329 3174 robur
1370 3125 1542 3176 obtinet
1577 3124 1813 3175 sancitorum
1861 3130 2035 3175 Patrum
2073 3142 2152 3173 no-

335 3197 513 3247 strorum
549 3195 740 3245 dofflina
776 3233 788 3256 ‚
825 3194 872 3244 id
906 3195 967 3245 est
1005 3232 1017 3256 ,
1053 3193 1234 3244 traditio
1270 3194 1417 3244 sanctae
1452 3195 1695 3245 Catholicae
1729 3196 1925 3246 Ecclefiae
1945 3232 1958 3255 ,
1994 3212 2089 3262 quae
2125 3193 2152 3244 a

335 3266 491 3316 finibus
527 3264 657 3331 usque
691 3263 747 3312 ad
782 3265 885 3315 fines
923 3282 1043 3315 terrae
1077 3263 1256 3333 suscepit
1307 3267 1593 3329 Evangelium
1633 3303 1646 3315 .
1707 3271 1774 3316 Sic
1811 3267 1988 3314 Paulum
2024 3301 2037 3325 ‚
2073 3267 2152 3331 qui

338 3341 384 3390 in
418 3333 592 3384 Christo
626 3336 797 3383 locutus
831 3336 892 3383 est
930 3373 944 3396 ‚
995 3351 1041 3384 et
1076 3353 1249 3385 omnem
1284 3339 1500 3386 Divinum
1534 3337 1831 3404 Apostolicum
1866 3351 2028 3385 coetum
2056 3372 2069 3395 ‚
2105 3351 2152 3384 et

339 3421 564 3480 paternam
599 3400 867 3456 sandi-itatem
901 3404 1167 3475 exsequimur
1187 3444 1200 3470 ,
1237 3421 1432 3466 tenentes
1468 3405 1724 3459 traditiones
1758 3422 1867 3476 quas
1893 3408 2152 3476 accepimus

437 3493 440 3495 .
2047 3476 2102 3514 Sic
