2340 3762
625 167 933 221 Scno-Lns,
969 176 1033 208 ετ
1066 161 1257 207 Notis
1291 173 1658 210 utusritan.
1888 173 1984 227 301⁴

244 252 363 303 :Ione
385 247 633 318 dispendere
668 248 739 299 vel
763 245 1009 296 consumere
1032 242 1225 294 redditus
1251 243 1564 295 Ecclefiasticos
1594 242 1698 292 sacri
1733 252 1935 299 Canones
1969 251 2042 301 de.

240 335 421 374 cernunt
454 341 467 380 3
502 336 591 387 qua
624 335 753 388 putas
787 319 1012 385 impietate
1046 313 1304 382 judicabitur
1339 313 1497 377 dignus
1531 351 1545 375 ‚
1579 316 1658 380 qui
1692 314 1788 365 aliis
1820 319 2047 388 Episcopis

239 380 479 445 commissas
509 390 720 439 Ecelefias
744 405 920 453 gravare
957 389 1028 438 vel
1052 386 1240 446 ambire,
1276 389 1318 435 δε
1345 402 1419 452 per
1437 385 1522 433 hoc
1550 381 1762 449 sacrilegii
1793 390 1954 439 crimen
1979 394 2046 441 in-

237 462 383 515 cidere
409 480 497 518 non
521 457 724 508 formidat
751 458 772 509 ?
809 456 1014 526 Qisquis
1043 456 1147 520 ergo
1170 456 1263 524 post
1288 456 1400 509 hanc
1425 454 1721 509 definitionem
1756 456 1940 508 nostram
1963 462 2050 508 tale

238 531 348 599 quid
384 531 529 586 facere
558 532 793 579 tentaverit
815 565 829 590 ‚
866 546 1039 597 poenam
1073 526 1221 576 subeat
1254 523 1283 577 ὲ
1318 526 1566 579 Patriarcha
1601 562 1613 586 ‚
1657 530 1734 594 qui
1768 545 1843 595 per
1881 544 2050 599 tempus

237 602 368 655 suerit
389 637 403 662 ,
439 599 667 650 secundum
702 602 1028 663 congruentiam
1062 597 1281 662 injustitiae
1316 613 1367 646 ac
1402 598 1593 649 avaritiae
1630 595 1709 644 suae
1736 631 1750 655 ‚
1787 601 1829 646 &
1863 598 2051 667 depona-

237 685 309 723 tur
342 675 385 720 &
419 669 698 738 sequestretur
722 708 735 732 ,
771 686 821 720 ut
855 669 1080 736 sacrilegus
1096 704 1111 733 ,
1147 672 1190 718 &
1224 668 1351 717 aliter
1366 702 1380 727 ‚
1415 681 1465 716 ut
1500 665 1731 719 idololatra
1769 666 1900 719 factus
1934 674 2052 735 juxta

237 757 441 806 magnum
476 741 733 815 Apostolum
748 776 762 794 .,

423 850 920 898 Senotron,

328 990 415 1028 Uod
427 990 612 1031 P-atriarcha
624 1016 636 1033 ,
662 991 786 1037 Primas
794 1016 806 1033 ,
819 990 1055 1036 Metropolita,
1072 1000 1110 1024 ac

352 1043 460 1087 quivis
472 1042 650 1087 Episcopus
661 1034 871 1088 fingulas'fibi,
888 1040 1039 1086 subjestas
1052 1039 1114 1074 Ec·

362 1094 471 1128 clesias
481 1094 575 1129 certis
587 1092 789 1138 temporibus
801 1093 924 1127 visitare
937 1117 949 1134 ,
972 1092 1090 1128 docere
1099 1116 1110 1132 ,

229 1152 329 1187 atque
346 1145 540 1182 confirmare
562 1153 618 1179 aut
638 1143 800 1188 corrigere
824 1143 989 1186 potuerint
1010 1155 1049 1178 ac
1060 1142 1110 1176 de.

229 1193 362 1228 buerint
374 1217 386 1234 ‚
412 1197 456 1229 est
478 1193 666 1232 institutum
679 1192 909 1237 Apostolicum
920 1218 930 1234 ,
958 1194 992 1227 ἀ
1005 1203 1111 1236 perpe-

228 1250 285 1276 tua
296 1243 514 1282 Ecclesiarum
524 1243 728 1281 consuetudo
740 1268 746 1275 .
775 1243 910 1281 Etenim
921 1242 1110 1278 Roffiensem

227 1292 408 1328 Ecciefiam
419 1319 431 1337 ‚
454 1293 495 1329 de
506 1292 694 1338 apocrypho
706 1294 813 1328 Sancti
826 1294 915 1327 Petri
926 1293 1111 1340 Evangelio

226 1342 414 1386 litigantem
424 1370 435 1386 ‚
461 1344 554 1380 fuisse
573 1344 592 1378 a
604 1344 723 1379 Sancto
733 1342 909 1388 Serapione
923 1343 1108 1379 Patriarcha

227 1389 449 1430 Antiocheno
472 1395 631 1430 visitatam
653 1406 691 1430 ac
715 1404 861 1438 pacatam
882 1419 893 1435 ‚
918 1395 1035 1438 exejus
1057 1394 1108 1427 lit-

225 1442 304 1475 teris
323 1443 467 1479 ostendit
487 1444 521 1476 in
546 1443 765 1477 Eeclefiastica
787 1442 923 1476 historia
949 1443 1109 1476 Eusebius

229 1490 414 1535 Episcopus
434 1492 639 1526 Caesareensis
651 1516 658 1523 .
685 1492 727 1525 Et
740 1490 779 1524 de
791 1491 909 1524 Sancto
924 1487 1107 1525 Athanasio

225 1538 413 1576 Patriarcha
442 1541 676 1575 Alexandrino
695 1540 736 1575 ad
764 1540 935 1583 Synodum
962 1539 1105 1584 Tyriam

225 1590 347 1633 scripsit
360 1591 476 1625 Cierus
494 1592 563 1635 agri
576 1590 778 1625 Maraeotici:
807 1595 985 1632 Numquam
1005 1592 1054 1623 ille
1060 1589 1106 1632 fh-

227 1640 276 1672 lus
299 1639 440 1680 visitandi
464 1639 550 1682 causa
571 1646 681 1674 itinera
704 1640 779 1671 obire
792 1638 891 1680 solet,
912 1638 972 1681 sed
988 1645 1103 1673 comites

223 1687 322 1732 secum
332 1687 440 1722 habere
454 1689 638 1727 Presbyteros
650 1690 684 1722 o·
694 1692 837 1721 Diaconos
850 1713 860 1728 ‚
879 1690 913 1722 (⁸2⁶
925 1700 985 1721 non
993 1696 1102 1731 paucos

225 1749 264 1771 ex
277 1737 363 1779 plebe
375 1763 382 1770 .
410 1738 564 1774 Ettotius
586 1738 796 1784 AEgyptiacae
815 1738 989 1773 dioeceseos
1000 1739 1103 1782 Syno-

224 1787 286 1821 dus
309 1788 344 1820 in
356 1788 472 1822 litteris
493 1788 534 1823 ad
546 1789 712 1823 universos
724 1788 781 1822 sub
801 1788 886 1822 coelo
895 1787 1102 1823 orthodoxos

223 1836 427 1881 Episcopos:‚
452 1838 546 1877 Testes
565 1837 637 1882 sunt
649 1849 748 1871 omnes
762 1842 917 1871 Maraeotae
928 1837 1101 1875 Presbyteri,

223 1890 275 1931 qui
285 1891 404 1920 comites
417 1886 560 1932 Episcopi
576 1886 726 1928 Athanafii
737 1893 770 1919 in
781 1886 1046 1929 obequitationibus
1066 1888 1099 1920 (ν

221 1936 375 1970 itineribus
388 1936 494 1980 fuere.
522 1937 567 1971 Et
580 1940 613 1970 in
625 1937 780 1972 Africana
794 1936 933 1979 synodo
947 1935 987 1970 ad
1001 1935 1099 1969 Aure-

221 1985 306 2020 lium
316 1984 608 2031 Carthaginensem
620 1987 821 2032 Episcopum
837 2010 849 2026 ,
874 1988 966 2025 suum
978 1984 1100 2019 Prima-

221 2045 289 2068 tem
308 2061 319 2076 ,
343 2035 454 2070 dixere
477 2037 672 2070 Honoratus
701 2037 736 2069 ὅ(
760 2034 918 2070 Urbanus
944 2035 1097 2079 Episcopi

220 2083 332 2118 Mauri
344 2098 352 2117 τ
379 2085 574 2123 Constitutum
594 2084 769 2128 estfingulas
782 2087 959 2117 Provincias
971 2093 1098 2126 tempore

223 2136 350 2168 concilii
377 2132 543 2175 vifitandas
568 2135 619 2178 effe
644 2147 654 2176 3
692 2135 852 2177 dignemini
878 2132 1095 2169 Mauritaniam

220 2185 414 2218 Provinciam
435 2184 554 2228 vfitare
576 2210 582 2218 .
612 2182 771 2217 Eamdem
794 2182 986 2226 potestatem
1012 2183 1095 2218 inter

219 2231 287 2276 jura
299 2234 548 2278 Metropolitica
568 2242 717 2268 numerat
729 2232 888 2268 secundus
908 2232 1027 2268 Canon
1038 2234 1095 2278 Sy-

218 2283 300 2319 nodi
309 2283 524 2319 Tautinensis
535 2308 543 2316 .

268 2332 478 2368 visitationis
502 2335 627 2368 causam
646 2332 746 2368 edicit
768 2334 901 2367 Sanetus
927 2333 1094 2377 Hierony-

217 2391 291 2416 mus
302 2383 337 2416 in
352 2383 436 2418 libro
447 2381 615 2418 adversum
630 2380 856 2417 Luciferianos
868 2397 879 2416 .·
905 2382 1093 2424 Ecclefiarum

219 2430 391 2475 consuetudo
407 2432 467 2474 est,
492 2442 525 2467 ut
547 2435 592 2466 ad
611 2444 680 2472 eos,
707 2438 758 2475 qui
777 2433 863 2476 longe*
880 2437 911 2465 in
933 2433 1092 2466 minoribus

218 2481 339 2514 urbibus
347 2491 402 2524 per
414 2483 600 2522 Presbyteros
623 2484 656 2517 (a
667 2486 812 2516 Diaconos
834 2482 983 2524 baptizati
998 2481 1070 2525 sunt
1082 2507 1092 2522 ,

221 2529 386 2573 Episcopus
410 2533 455 2566 ad
471 2538 686 2565 invocationem
712 2535 839 2574 Spiritus
851 2532 951 2565 sanc‘ii
973 2544 1094 2565 manum

219 2580 403 2623 impositurus
419 2591 573 2615 excurrat.
603 2582 761 2616 Eamdem
773 2584 901 2616 causam
914 2582 947 2615 in
959 2583 1092 2616 canoni-

219 2631 268 2664 cis
303 2631 416 2665 litteris
444 2631 635 2666 Hedenulfo
670 2630 802 2665 novello
830 2631 1091 2666 Laudunensium

219 2681 383 2724 Episcopo
406 2684 440 2715 in
453 2682 699 2717 consecratione
720 2681 846 2716 traditis
866 2681 974 2714 laudat
987 2682 1093 2715 Hinc-

218 2741 326 2765 marus
345 2731 561 2775 Metropolita
581 2732 767 2766 Remenfis.
793 2731 919 2765 Verum
942 2731 997 2764 illa
1022 2744 1091 2774 pro-

218 2780 321 2823 priam
343 2780 497 2826 cujusque
509 2782 662 2827 Episcopi
675 2780 861 2825 parochiam
883 2781 1091 2815 solummodo

218 2831 326 2874 tangit
347 2855 361 2871 ,
385 2843 453 2867 non
474 2831 519 2867 est
539 2832 703 2875 adaequata
726 2840 781 2866 aut
802 2830 988 2876 principalis
1003 2857 1010 2864 .
1037 2834 1090 2866 Se-

218 2878 360 2915 cundam
382 2882 482 2927 igitur
514 2884 642 2917 causam
662 2881 796 2917 adducit
823 2883 913 2916 sexta
938 2882 1091 2924 Synodus

219 2929 431 2965 Arelatensis:
458 2932 656 2977 Unusquisque
678 2931 840 2974 Episcopus
849 2930 940 2975 semel
961 2937 993 2964 in
1011 2942 1090 2964 anno

219 2986 374 3014 circumeat
387 2982 559 3016 Parochiam
565 2982 652 3025 suam
661 3008 669 3015 .
698 2987 811 3015 Norint
815 2981 871 3023 sibi
890 2993 989 3015 curam
997 2990 1089 3023 popu-

220 3032 313 3063 lorum
338 3031 371 3064 &¹
388 3039 549 3072 pauperum
569 3039 601 3065 in
619 3034 808 3078 protegendis
835 3034 869 3065 cb·
891 3031 1088 3073 defendendis

220 3079 398 3122 impofitam.
427 3081 649 3115 Defendendis
661 3094 698 3117 ac
710 3081 912 3117 vindicandis
922 3080 1089 3115 adversum

220 3130 391 3164 violentias
403 3130 590 3173 iniquorum
611 3131 754 3173 judicum
768 3145 805 3166 ac
817 3133 955 3166 aliorum
970 3131 1090 3166 Poten-

221 3188 310 3215 tum.
335 3179 501 3213 clericalis
512 3191 549 3214 ac
571 3180 734 3223 popularis
752 3184 822 3215 vitae
845 3182 1087 3223 inquisitionem

220 3240 259 3264 ac
273 3230 362 3272 lapsae
373 3229 548 3273 disciplinae
560 3231 794 3272 reparationem
805 3232 867 3266 esse
878 3231 1005 3264 tertiam
1016 3243 1088 3265 cau-

218 3279 285 3314 sam
302 3304 312 3320 ‚
340 3279 471 3322 plurimi
492 3280 646 3314 Canones
669 3280 823 3314 testantur
843 3305 850 3311 .
876 3281 1038 3327 Qartam
1050 3293 1086 3314 ac

220 3329 428 3375 principalem
447 3331 573 3363 causam
610 3328 670 3363 effi:
695 3329 876 3363 dostrinam
903 3341 941 3362 ac
967 3330 1086 3364 Divini

219 3375 320 3413 Ver-bi
342 3378 599 3424 praedicationem
624 3379 800 3413 asseverant
824 3379 913 3414 sexta
933 3379 1086 3422 Synodus

46 3441 105 3472 nr.
120 3449 197 3478 031,
215 3424 413 3485 Parmensis,
439 3430 553 3465 Caroli
573 3428 671 3463 Calvi
692 3429 891 3465 Francorum
912 3429 1014 3475 Regis
1026 3430 1086 3464 Ca·

53 1466 115 1500 116·
125 1476 154 1502 c.
166 1477 211 1499 πο.

52 1941 127 1980 (ἔαρ,
135 1952 182 1981 ιρι

45 2376 122 2414 (Ἀρι
135 2387 166 2412 4-

50 2731 185 2763 Line-16.

48 2929 118 2966 Cap}
139 2936 181 2963 1⁷-

1176 841 1276 884 pitula
1288 840 1495 882 Tholosana,
1505 840 1658 885 Synodus
1668 841 1921 890 pontigonensis
1930 870 1941 890 ,
1953 855 2049 890 atque
2069 841 2141 878 Cap.
2158 850 2187 874 4-

1169 890 1367 925 ¹Meldensis.
1395 890 1620 926 Christianam
1644 903 1785 937 namque
1806 894 1933 938 plebem
1955 897 2053 932 nona
2070 882 2194 949 &⁸⁶⁸3

1175 940 1253 974 solis
1273 940 1473 983 Presbyteris
1494 953 1550 976 aut
1561 943 1760 980 immediatis
1774 946 1944 991 Episcopis
1967 947 2053 988 pasci
2115 927 2142 957 μ
2198 940 2205 947 ’

1175 989 1274 1024 verbo
1283 999 1321 1024 ac
1334 991 1454 1027 erudiri
1475 1003 1626 1035 oportet,
1653 993 1707 1028 sed
1718 994 1816 1030 etiam
1830 996 1847 1028 a
1859 996 2052 1038 Metropoli-

1174 1040 1236 1081 εἰς,
1262 1038 1483 1084 Primatibus,
1509 1052 1547 1075 ac
1561 1040 1773 1083 patriarchis,
1798 1055 1940 1087 quorum
1962 1045 2053 1079 Prin-

1174 1090 1259 1134 cipes
1281 1089 1436 1134 Apostoli
1450 1091 1486 1126 in
1495 1092 1589 1127 omni
1613 1090 1736 1135 ubique
1749 1092 1851 1135 usque
1872 1094 1913 1128 ad
1938 1095 2054 1129 mundi

1173 1140 1254 1174 fines
1266 1149 1348 1175 terra
1365 1140 1578 1187 praedicarunt
1594 1164 1606 1180 ‚
1631 1141 1746 1185 utpote
1755 1142 1936 1177 aDomino
1947 1144 2030 1177 miffi
2043 1169 2056 1186 ‚

1174 1202 1242 1226 non
1255 1189 1418 1234 baptizare
1438 1200 1495 1226 aut
1506 1189 1699 1226 confirmare
1709 1213 1721 1229 ,
1748 1191 1825 1225 licet
1848 1192 1883 1226 ἀ
1897 1192 1957 1228 ista
1971 1194 2056 1228 fece-

1174 1241 1239 1277 rint
1249 1265 1262 1283 ,
1287 1240 1340 1276 sed
1353 1241 1574 1286 principaliter
1582 1240 1804 1286 evangelizare
1814 1266 1821 1274 .
1936 1236 1939 1241 ’

1224 1291 1272 1328 At
1292 1291 1369 1327 vero
1379 1291 1490 1327 nullus
1512 1302 1658 1337 unquam
1669 1293 1801 1336 cogitur
1824 1291 1966 1327 militare
1990 1294 2054 1329 suis

1174 1340 1356 1386 stipendiis.
1386 1342 1479 1377 Hinc
1497 1339 1616 1376 merito
1642 1341 1753 1376 statuit
1765 1342 1920 1385 Synodus
1932 1342 2053 1380 Emeri-
2071 1350 2144 1388 Cap.
2160 1360 2187 1379 2.

1172 1393 1288 1426 tensis.
1317 1394 1462 1426 Pervenit
1483 1394 1528 1427 aa
1544 1400 1652 1425 caetum
1672 1391 1760 1433 hujus
1782 1389 1882 1434 sanc‘i'i
1906 1395 2053 1434 concilii,

1172 1441 1358 1477 Presbytero:
1377 1465 1389 1480 ‚
1418 1441 1546 1473 Abbates
1568 1465 1579 1480 ,
1607 1451 1642 1473 ac
1666 1443 1810 1473 Diaconos
1836 1440 1979 1483 Episcopo
2001 1442 2054 1485 βω

1170 1489 1371 1522 inobedientes
1393 1488 1461 1532 effe.
1489 1490 1534 1522 Et
1556 1489 1638 1523 infra
1667 1514 1673 1520 .
1702 1490 1832 1523 Proinde*
1848 1492 1966 1531 placuit
1986 1491 2052 1525 huic

1165 1536 1270 1581 sancio
1279 1540 1406 1572 Concilio
1417 1563 1428 1577 ‚
1452 1545 1561 1571 uttam
1573 1541 1593 1571 ἁ
1609 1538 1787 1579 Presbyteris
1798 1562 1809 1578 ,
1834 1542 1925 1581 quam
1945 1541 1984 1573 ab
1998 1541 2053 1574 Ab·

1171 1589 1289 1622 batibus
1307 1612 1319 1627 ,
1336 1587 1402 1629 five
1412 1593 1503 1621 etiam
1513 1592 1533 1621 ἃ
1547 1589 1725 1621 Diacontbus
1736 1587 1881 1630 Epist-opo
1901 1589 1991 1624 honor
2003 1592 2053 1625 de·

1167 1637 1247 1670 bitus
1271 1639 1482 1679 impendatur,
1508 1647 1542 1671 ut
1554 1639 1675 1677 ,anullo
1693 1640 1895 1672 contumeliam
1911 1647 1980 1680 pati
2004 1647 2051 1675 vi-

1167 1689 1275 1720 deatur
1297 1709 1309 1726 ‚
1335 1687 1370 1720 e>-
1395 1687 1635 1729 quandocumque
1657 1693 1808 1731 contigerit
1834 1700 1901 1721 eum
1929 1689 2049 1728 visstare

1164 1735 1252 1780 suam
1266 1735 1441 1769 Parochiam
1452 1761 1463 1776 ‚
1487 1737 1522 1769 ὀ·
1533 1738 1623 1779 digne
1631 1747 1694 1769 eum
1701 1735 1889 1779 suscipiant,
1917 1740 2048 1779 &prout

1165 1786 1325 1819 habuerint
1339 1809 1350 1825 ‚
1377 1794 1431 1819 aut
1443 1791 1521 1818 ratio
1527 1785 1699 1828 permiserit
1713 1810 1723 1825 ‚
1735 1788 1779 1818 illi
1787 1794 1968 1828 praeparent
1980 1800 2048 1830 quae

1158 1834 1278 1875 fuerint
1289 1835 1458 1878 neceffaria.
1488 1835 1532 1868 Et
1543 1835 1696 1876 Synodus
1708 1834 1926 1879 Leptinensis:
1941 1841 2048 1882 ,Quan-
2064 1861 2106 1892 Ga

1165 1885 1323 1927 documque
1334 1885 1406 1925 jure
1425 1890 1560 1918 canonico
1575 1882 1744 1928 Epiftopus
1767 1891 1945 1920 circumierit
1958 1891 2049 1922 Paro·
2107 1869 2135 1901 p'
2151 1872 2177 1901 ς’

1166 1934 1265 1968 chiam
1289 1934 1335 1967 ad
1354 1933 1567 1974 confirmandos
1585 1935 1728 1978 populos3
1760 1937 1916 1976 Presbyter
1931 1937 2046 1981 semper

1159 1992 1289 2026 paratus
1306 1981 1345 2024 fit
1361 1984 1405 2016 ad
1423 1982 1642 2026 suscipiendum
1655 1983 1853 2026 Episcopum,
1881 1999 1946 2021 cum
1968 1991 2045 2023 colle-

1163 2034 1254 2066 c‘lione
1275 2032 1468 2072 &adjutorio
1475 2033 1597 2075 populi,
1623 2033 1726 2076 quiibi
1745 2034 1911 2076 confirmari
1937 2039 2043 2072 debet.

1165 2083 1222 2117 Eis
1233 2083 1315 2116 duos
1325 2081 1448 2116 solidos
1459 2082 1495 2116 in
1517 2082 1675 2117 cathedrae
1687 2082 1846 2120 honorem
1871 2088 2042 2131 adsignant

1163 2132 1315 2178 Pelagius
1325 2130 1483 2167 secundus
1495 2133 1653 2167 Pontifex
1662 2159 1673 2175 ,
1691 2132 1725 2166 ἀ
1737 2135 1876 2170 secunda
1891 2138 2042 2179 Synodus

1164 2183 1379 2218 Bracarenfis.
1408 2182 1452 2215 Et
1473 2183 1630 2224 quoniam
1653 2183 1805 2227 Episcopi
1830 2211 1840 2225 ,
1868 2188 2041 2230 praesertim
2060 2178 2146 2217 Epist·
2165 2191 2210 2219 ¹4·

1162 2234 1320 2267 Primates
1332 2243 1368 2266 ac
1379 2232 1572 2268 Patriarchae
1584 2258 1595 2274 ,
1617 2234 1666 2269 uti
1677 2234 1718 2268 de
1729 2234 1848 2270 Sansto
1861 2236 2039 2273 Athanasio

1141 2294 1145 2326 ς
1161 2283 1343 2318 audivimus
1355 2307 1367 2323 ,
1393 2293 1468 2316 cum
1484 2285 1652 2319 numerosa
1664 2284 1870 2321 Clericorum
1892 2287 1926 2320 δι
1937 2287 2040 2322 fiamu-

1160 2334 1267 2368 lorum
1277 2333 1496 2376 equitantium
1520 2344 1626 2369 turma
1646 2346 1684 2369 ac
1694 2336 1862 2370 evectione
1888 2338 2038 2379 procede-

1161 2383 1260 2426 bant,
1287 2381 1376 2417 addit
1399 2382 1548 2417 laudatus
1567 2384 1719 2429 Pelagius
1733 2398 1744 2417 :
1770 2389 1842 2417 Non
1863 2390 2036 2430 compellant

1160 2435 1321 2467 visitantes
1345 2432 1498 2476 Episcopi
1521 2434 1703 2473 Presbyteros
1724 2443 1776 2468 aut
1797 2437 1918 2469 Clerum
1945 2441 2035 2471 Paro-

1157 2483 1294 2516 cbianum
1308 2480 1404 2525 supra
1424 2488 1502 2516 vires
1519 2481 1592 2525 suas
1616 2490 1658 2517 eis
1682 2491 1823 2520 convivia
1836 2494 2031 2528 praeparare.

1156 2535 1210 2567 De
1223 2532 1466 2578 Episcopalium
1490 2533 1688 2569 famulorum
1702 2536 1875 2570 insolentia
1896 2549 1934 2571 ac
1946 2548 2033 2580 rapa-

1155 2583 1252 2617 citate
1274 2608 1284 2623 ,
1310 2582 1452 2625 ipsorum
1475 2583 1709 2627 Episcoporum
1732 2586 1835 2619 avaris
1855 2587 2031 2621 exactioni-

1142 2633 1213 2667 ·bus
1225 2658 1235 2673 ,
1262 2634 1296 2667 8(
1309 2631 1410 2665 nimia
1422 2632 1647 2667 conviviorum
1660 2633 1787 2668 luxuria
1809 2634 1948 2679 legimus
1962 2637 2029 2678 plu-

1154 2684 1250 2716 rimas
1270 2682 1508 2726 querimonias,
1531 2682 1704 2728 statuitque
1725 2685 1860 2719 secunda
1873 2686 2026 2726 Synodus

1155 2732 1402 2766 Cabilonensis:
1429 2731 1568 2776 Episcopi
1590 2733 1653 2766 cum
1666 2734 1827 2768 Parocbiar
1847 2733 1921 2776 suas
1940 2743 2028 2775 pera·
2043 2733 2113 2771 Cap·
2135 2745 2178 2770 14-

1147 2792 1241 2826 grant
1254 2808 1264 2823 ,
1289 2794 1325 2816 ne
1337 2784 1498 2825 quamdam
1519 2794 1576 2816 non
1594 2782 1687 2826 sblum
1703 2797 1773 2829 erga
1793 2783 1948 2827 subditos,
1970 2783 2030 2826 sed

1150 2844 1218 2876 erga
1226 2831 1312 2876 socios
1326 2834 1510 2871 tyrannidem
1519 2842 1688 2873 exerceant,
1719 2845 1769 2867 nec
1778 2845 1842 2866 cum
1853 2833 2000 2869 charitate
2011 2859 2023 2877 ,

1146 2881 1204 2928 sed
1213 2884 1344 2926 quadam
1351 2884 1517 2923 judiciaria
1525 2884 1689 2916 invellione
1695 2883 1844 2925 stipendia
1858 2884 1896 2917 ab
1909 2891 1951 2917 eis
1961 2890 2024 2918 exi.

1150 2943 1229 2976 gant
1244 2959 1251 2966 .
1280 2937 1316 2967 In
1325 2934 1414 2966 lucris
1426 2939 1593 2966 animarum
1608 2934 1728 2974 potius,
1753 2937 1843 2976 quam
1862 2940 1895 2966 in
1907 2936 2022 2977 depra-

1150 2984 1261 3017 dandis
1285 2985 1319 3017 (θ’
1333 2982 1498 3026 spoliandis
1510 2983 1672 3015 hominibus
1685 3007 1696 3023 ,
1722 2986 1756 3016 (⁴5
1773 2982 2020 3027 scandalizandis

1141 3032 1424 3074 fratribusoperam
1434 3036 1524 3066 dent.
1554 3033 1605 3066 Ex
1624 3032 1681 3067 ista
1696 3044 1834 3079 namque
1846 3035 2020 3079 Episcopo-
2036 3050 2169 3089 [mem.

1150 3094 1221 3116 rum
1232 3084 1364 3117 avaritia
1376 3083 1487 3117 fideles
1502 3082 1639 3125 populos
1652 3089 1684 3115 in
1695 3095 1790 3117 eorum
1810 3079 2019 3119 deiratiionem

1147 3134 1180 3166 δ’
1205 3132 1415 3172 detestationem
1433 3132 1569 3173 pertrahi
1592 3135 1734 3177 queritur
1757 3133 1842 3168 sexta
1865 3134 2017 3179 Synodus

1149 3181 1342 3215 Parisiensis.
1368 3181 1424 3214 Ab
1445 3192 1556 3214 eorum
1570 3184 1669 3216 unico
1691 3185 1887 3227 quandoque
1901 3185 2016 3218 convi-

1149 3233 1202 3267 vio
1228 3232 1431 3274 absumptum
1447 3230 1538 3264 fuisse
1560 3233 1650 3265 suum
1672 3235 1774 3268 totius
1795 3235 1872 3268 anni
1895 3235 2015 3267 vit‘ium

1147 3284 1235 3316 fuere
1250 3283 1430 3324 frequenter
1441 3279 1648 3317 Parochiales
1668 3283 1850 3327 Presbyteri
1861 3283 2014 3317 lamenta-

1147 3332 1193 3365 ti.
1220 3331 1312 3365 Hinc
1332 3330 1377 3364 eis
1387 3341 1453 3364 non
1476 3331 1533 3364 nisi
1547 3332 1690 3375 quinque
1702 3335 1882 3367 evectiones
1901 3342 2013 3366 conce-

1147 3381 1194 3415 dit
1206 3382 1339 3424 septima
1359 3380 1513 3423 Synodus
1523 3380 1707 3416 Toletana.
1731 3382 1824 3417 Hinc
1846 3384 1922 3415 item
1932 3380 2011 3413 dicit

1146 3430 1298 3474 Synodus
1320 3430 1523 3466 Emeritensis
1549 3454 1562 3473 ,
1587 3433 1718 3476 ,Quando
1732 3435 1827 3474 juxta
1844 3435 2012 3521 csanonicam
2029 3442 2100 3484 Cap⁴
2112 3456 2142 3482 4·

1865 3487 1962 3511 {nten-
