2340 3762
887 156 1344 224 (†)*(211)(*1*)

34 304 68 334 205-
159 270 228 333 ,ἐι
282 280 286 285 “
406 286 2025 336 mwwmmffiwwenwwmmwwwttmww

245 491 2030 631 refflfflfflrffiauaffluuffi

515 762 1728 838 Dl‘ssERTATlo

210 956 339 1028 DE
384 953 861 1040 SEPTIMA
921 947 1387 1026 SYNODO
1428 943 2036 1021 GENERALL

676 1131 1024 1183 CAPUT
1107 1128 1557 1178 PRIMUM.

212 1304 360 1391 An
375 1301 606 1411 sacrae
636 1305 979 1428 Imagines
1015 1302 1173 1384 olim
1191 1301 1374 1407 apud
1405 1294 1743 1382 Hebraeos'
1759 1293 2038 1428 fuerisne

757 1418 965 1495 licttae
1019 1445 1101 1495 ac
1136 1412 1410 1515 usttatae
1443 1425 1481 1488 ,Ρ

1166 1589 1279 1636 giandi
1291 1588 1409 1624 artibus
1420 1591 1502 1623 Deus
1512 1591 1672 1623 interdixit
1683 1587 1877 1632 servissuis.
1905 1589 1950 1622 Et
1963 1587 2043 1623 hinc

1164 1641 1205 1674 de
1217 1640 1310 1684 Rege
1330 1639 1506 1674 Salomone
1519 1639 1553 1673 in
1577 1639 1798 1674 idololatriam
1820 1639 1910 1682 lapso
1933 1638 2044 1674 scribit

1166 1690 1198 1724 in
1214 1690 1420 1734 Judaicarum
1443 1689 1689 1732 Antiquitatum
1714 1688 1804 1723 libris
1825 1688 1980 1733 Iosephus
1992 1688 2046 1732 Ju-

240 1616 325 1646 {fo-,⁷

1157 1789 1260 1832 serat,
1286 1791 1402 1831 quando
1413 1799 1513 1821 aeneas
1537 1788 1619 1820 boum
1640 1789 1745 1831 effigies
1769 1787 1832 1830 bafi
1850 1794 1946 1821 maris
1969 1794 2046 1822 aenei

1162 1840 1326 1872 addiderat
1352 1863 1363 1879 ‚
1389 1836 1464 1879 ficut
1485 1837 1557 1882 solio
1577 1838 1631 1878 suo
1656 1840 1768 1871 leonum
1791 1837 1857 1881 post
1883 1838 2021 1883 apposuit
2035 1864 2046 1873 .

1161 1894 1247 1923 Nam
1258 1899 1350 1932 neque
1361 1890 1415 1923 illa
1435 1888 1494 1930 fas
1507 1896 1569 1922 erat
1581 1888 1684 1930 facere
1698 1914 1705 1921 .
1736 1887 1869 1934 Utique
1889 1890 1955 1923 fine
1980 1890 2046 1933 spe-

1161 1939 1235 1974 ciali
1250 1951 1287 1973 ac
1308 1938 1570 1974 extraordinario
1582 1939 1647 1972 Dei
1670 1950 1844 1982 praecepto.
1875 1939 1918 1973 Et
1933 1939 1964 1973 in
1978 1940 2046 1974 alio

1163 1738 1249 1774 daeus
1260 1753 1271 1772 .·
1290 1743 1323 1784 J
1324 1752 1374 1772 am
1384 1747 1454 1772 ante
1478 1750 1588 1781 quoque
1600 1740 1620 1771 ὰ
1629 1741 1724 1782 legum
1741 1738 1918 1781 praescripro
1939 1737 2041 1782 disces
2035 1758 2050 1766 -

2064 1594 2137 1632 Cap.
2156 1603 2188 1628 4-

2066 1709 2189 1740 L-8.c·2.'

268 1636 272 1639 χ
569 1592 679 1629 Idetur
691 1594 839 1629 intricata
851 1592 982 1638 quaestio
996 1619 1003 1626 .
1028 1592 1107 1627 Ete-

239 1641 293 1694 ἦ
599 1644 669 1677 nim
679 1644 765 1679 idem
776 1644 869 1678 Deus
882 1644 1026 1688 optimus
1039 1654 1105 1676 ma-

239 1688 313 1747 βω
468 1716 510 1741 <¹34
597 1693 728 1735 ximus,
755 1694 811 1738 qui
831 1694 938 1737 Moyfl
964 1693 1102 1727 &omni

243 1749 245 1753 “
297 1744 319 1776 2·
375 1758 381 1784 5
404 1776 406 1779 ,
449 1731 539 1799 {K}
597 1743 809 1779 Hebraeorutn
835 1743 958 1787 populo
984 1741 1070 1777 dixit
1090 1768 1100 1785 ,

277 1792 291 1831 s
340 1835 357 1841 ⁴
388 1783 447 1829 »ῤ’
466 1792 538 1854 ἦ
598 1798 672 1826 Non
678 1793 773 1835 facies
785 1793 841 1827 tibi
859 1792 1013 1836 sculptile,
1041 1804 1100 1827 nec

324 1842 342 1871 s
367 1880 374 1887 x
392 1797 539 1906 Ξὶᾰῂ
593 1843 695 1876 ullam
710 1843 852 1887 Angefi,
868 1841 1029 1883 hominis,
1044 1852 1099 1877 aut
1140 1879 1142 1882 ,

311 1898 319 1913 s
374 1869 450 1916 ib
462 1880 540 1917 Ἦ
597 1892 947 1934 bestiaefimilitudinem,
975 1891 1095 1927 Cheru·

592 1942 688 1977 binos
706 1955 743 1977 ac
756 1942 904 1977 AEneum
916 1943 1014 1977 etiam
1039 1943 1098 1976 ser-

206 2001 339 2035 pentem
349 1991 422 2028 fieri
436 2003 493 2037 per
508 1992 662 2027 eumdem
683 1993 901 2038 legislatorem
919 1992 1026 2036 juffit.
1054 1993 1097 2026 Et

208 2039 289 2079 hinc
307 2042 428 2086 impius
448 2043 606 2077 Marcion
633 2043 859 2083 inconstantiam
879 2041 1032 2085 adscripsit
1059 2046 1098 2075 O·

208 2096 386 2133 mnipotenti
398 2115 408 2132 ,
420 2091 647 2135 accusavitque
659 2092 744 2134 quafi
758 2091 930 2125 mutabilem
942 2116 953 2131 ,
981 2091 1096 2135 utpote

208 2146 263 2183 qui
277 2141 350 2173 alibi
374 2150 481 2180 vetet,
506 2140 578 2174 alibi
587 2142 726 2175 mandet.
756 2139 950 2185 Respondet
973 2141 1093 2175 veroin

36 2203 111 2242 029,
125 2214 153 2240 7·
209 2189 296 2225 libro
306 2190 348 2224 de
363 2191 551 2226 idololatria
566 2191 791 2226 Tertullianus
803 2216 810 2224 .
838 2193 920 2224 Idem
932 2194 1011 2225 Deus
1022 2215 1033 2231 ,
1044 2196 1096 2233 qui

209 2246 309 2274 vetuit
321 2239 544 2282 fimilitudinem
561 2240 648 2282 fieri,
675 2242 923 2275 extraordinario
941 2249 1095 2283 praecepto

203 2289 355 2334 Jerpentis
358 2290 581 2333 similitudinem
590 2293 722 2324 indixit.
752 2291 886 2333 Utique
907 2290 1043 2335 suspenfi
1060 2296 1093 2324 in

210 2342 328 2373 modum
341 2342 387 2373 ad
389 2341 518 2384 figuram
530 2344 692 2374 Dominicae
708 2345 812 2374 Crucis
826 2365 836 2380 ‚
863 2343 883 2372 ὸ
888 2340 1089 2384 serpentibus,

211 2391 247 2423 id
258 2389 296 2430 est
310 2414 320 2429 ‚
346 2389 386 2422 ab
398 2392 510 2434 angelis
529 2391 654 2423 diabolis
665 2391 833 2425 liberatum
853 2402 903 2423 nos
916 2417 923 2423 .
953 2391 994 2425 Et
1007 2392 1041 2425 in
1055 2391 1093 2424 li-

212 2439 263 2473 bri
283 2438 433 2474 adversus
454 2440 661 2474 Marcionem
691 2466 697 2473 .
726 2443 954 2474 similitudinem
979 2450 1090 2475 vetans

191 2489 193 2493 ’
209 2489 280 2531 fieri
301 2495 452 2528 omnium,
477 2502 544 2532 quae
566 2495 598 2524 in
622 2493 689 2525 coelo
703 2489 796 2534 sunt,
822 2493 930 2532 &quae
944 2497 1092 2531 interra,

215 2540 251 2572 t&
264 2545 296 2571 in
308 2545 394 2580 aquis
405 2565 415 2580 ‚
442 2539 565 2577 ostendit
589 2542 623 2574 (9
634 2540 736 2583 causas
751 2566 762 2581 ,
787 2542 964 2574 idololatria
981 2542 1094 2584 scilicet

211 2586 406 2631 substantiam
442 2588 608 2622 cohibentes
628 2615 634 2622 .
671 2591 796 2631 Subjicis
821 2597 899 2623 enim
925 2604 932 2623 ε
971 2590 1093 2625 NON

213 2638 512 2672 ADORAssiTis
535 2638 619 2678 EA,
647 2639 821 2684 NEQUE
845 2640 1094 2674 SERVIETIS

213 2688 331 2722 lLLis
342 2713 349 2719 .
376 2691 526 2730 Serpentis
550 2698 649 2723 autem
660 2692 756 2723 AEnet’
777 2691 881 2733 effigies
898 2689 998 2731 postea
1014 2698 1091 2731 prae-

215 2745 300 2779 cepta
323 2738 410 2780 Moyfi
423 2740 444 2770 ἃ
456 2742 579 2772 Domino
592 2764 603 2779 ,
630 2751 687 2772 non
707 2741 754 2773 ad
770 2740 946 2773 idololatriae
968 2741 1094 2774 titulum

213 2788 386 2829 pertinebat
397 2813 407 2828 ‚
429 2787 487 2829 sed
494 2789 540 2821 ad
547 2791 753 2823 remediandos
780 2801 827 2822 eos
840 2814 850 2830 ‚
875 2796 927 2832 qui
947 2792 967 2822 ἂ
976 2789 1093 2834 serpen·

216 2836 297 2868 tibus
307 2838 522 2878 infestabantur
533 2864 540 2871 .
567 2844 608 2874 Et
620 2848 699 2873 taceo
711 2840 748 2872 de
766 2839 863 2882 figura
876 2842 1016 2873 remedii.
1046 2843 1093 2874 sic

218 2887 255 2919 6
274 2885 419 2920 Cherubin
442 2889 477 2922 &
494 2889 638 2931 Seraphin
662 2900 753 2922 aurea
774 2895 807 2922 in
831 2901 909 2923 arcae
930 2889 1092 2934 figuratum

217 2935 407 2977 exemplum,
432 2940 508 2971 certe
529 2937 648 2979 simplex
673 2947 880 2972 ornamentum
904 2964 915 2980 ,
939 2952 1091 2973 accommo-

218 2986 295 3018 data
314 2982 479 3028 suggestui,
503 2989 585 3031 ionga
606 2988 742 3032 diversas
765 2989 898 3022 habendo
926 2988 1033 3032 causas
1053 2990 1092 3023 ab

218 3034 394 3067 idololatriae
403 3037 562 3069 conditione
570 3062 579 3077 ,
595 3037 629 3070 ob
639 3050 727 3080 quam
733 3038 891 3080 similitudo
900 3039 1073 3081 prohibetur
1082 3065 1092 3080 ,

219 3095 281 3118 mn
289 3086 433 3118 videntur
446 3083 670 3126 similitudinum
687 3088 908 3130 prohibitarum
931 3091 988 3133 legi
999 3088 1090 3131 refra-

214 3139 290 3180 gari
307 3158 317 3174 ,
343 3145 398 3166 non
419 3140 451 3167 in
472 3146 503 3167 eo
518 3134 717 3176 similitudinis
732 3138 814 3178 statu
835 3138 1016 3182 deprebensa
1028 3164 1037 3179 ‚
1059 3140 1093 3172 ob

220 3195 315 3227 quam
319 3182 476 3225 similitudo
481 3183 762 3232 prohibetur.Quod
776 3199 891 3231 nempe
906 3200 996 3223 extra
1010 3190 1093 3233 legis

221 3235 348 3268 eausam
361 3234 395 3267 in
406 3234 478 3279 lege
491 3245 559 3268 non
570 3245 719 3278 peccetur
727 3262 737 3270 .

273 3283 430 3318 Attamen
442 3284 546 3328 magis
560 3285 664 3328 placet
675 3286 926 3330 priorexpofitio
938 3287 979 3322 de
993 3289 1093 3322 neces-

223 3333 307 3368 sario
320 3334 447 3377 speciali
462 3345 498 3368 ac
507 3335 766 3370 extraordinario
778 3346 944 3380 praecepto.
971 3336 1092 3381 Perpla·

223 3393 301 3418 cent
320 3383 385 3417 haec
398 3384 465 3427 ejus
490 3384 581 3418 verba
595 3385 629 3418 in
649 3386 782 3419 laudato
803 3386 888 3420 libro
899 3386 939 3420 de
960 3386 1093 3421 idolola-

224 3431 288 3470 πίε
301 3457 308 3465 .
329 3436 399 3466 Toto
409 3435 519 3467 mundo
540 3435 698 3479 pingendi
720 3437 754 3469 δε
769 3436 886 3480 quovis
905 3435 1008 3472 modo
1029 3438 1094 3472 effi-

322 3481 427 3525 Christ.
440 3487 517 3528 Lupi
526 3488 610 3528 Oper.
623 3487 701 3519 Tom.
713 3488 768 3519 ΠΙ.

39 2471 101 2501 Lz.
119 2479 184 2501 ου.

1160 1989 1299 2032 ejusdem
1321 1989 1427 2033 operis
1448 1987 1531 2022 libro
1555 1989 1663 2022 scribit
1688 1988 1729 2021 de
1748 1989 1899 2022 laureatis
1909 1989 2044 2023 Caesaris

1161 2037 1381 2083 imaginibus,
1406 2037 1424 2071 a
1446 2038 1571 2072 Pontio
1595 2037 1705 2071 Pilato
1729 2038 1841 2082 Judaeae
1853 2037 1984 2073 Praefide
2006 2040 2051 2084 in·

1159 2088 1272 2124 urbem
1294 2088 1638 2131 Hierosolymitanam
1662 2088 1758 2124 illatis
1785 2114 1792 2121 .
1821 2090 1940 2123 Pilatus
1958 2087 2043 2133 signa
2067 2094 2235 2127 Lis-04:

1158 2150 1224 2172 cum
1246 2139 1335 2183 effigie
1345 2136 1476 2182 Caesaris
1496 2143 1530 2172 in
1539 2138 1639 2171 urbem
1661 2139 1763 2171 intulit
1786 2140 1831 2171 ad
1844 2140 1915 2183 legis
1938 2140 2043 2179 nostrae

1158 2191 1363 2223 contumeliam
1372 2206 1384 2229 -,
1409 2198 1468 2232 qua
1483 2198 1604 2222 cautum
1612 2188 1650 2228 est
1661 2213 1671 2230 ,
1699 2198 1735 2222 ne
1747 2187 1911 2223 habeamus
1922 2188 2044 2232 eiusmo-

1157 2239 1188 2271 di
1207 2251 1222 2273 e
1247 2246 1327 2282 gies.
1356 2241 1402 2272 Ee
1423 2240 1487 2272 ideo
1509 2245 1562 2281 qui
1583 2248 1653 2272 ante
1675 2238 1751 2272 bunc
1773 2238 1859 2280 fuere
1879 2239 2041 2281 Praefides‚

1156 2300 1220 2322 cum
1233 2288 1327 2333 fignis
1349 2290 1439 2322 aliter
1456 2287 1600 2332 insignitis
1619 2287 1755 2332 solebant
1774 2289 1876 2322 urbem
1901 2291 2042 2333 ingredi.

1158 2341 1274 2372 Primus
1294 2340 1413 2372 Pilatus
1425 2344 1539 2382 ignaris
1550 2338 1682 2371 omnihus
1707 2338 1791 2371 melu
1814 2340 1917 2372 illatas
1930 2340 2040 2384 effigies

1156 2388 1354 2432 Hierosolymis
1357 2388 1466 2429 statuit
1482 2413 1488 2421 .
1517 2391 1612 2432 ,Quod
1630 2389 1680 2421 ubi
1694 2394 1839 2433 cognitum
1849 2388 1887 2430 est
1900 2390 2017 2424 civibus
2027 2415 2038 2431 ‚

1154 2451 1259 2482 magno
1268 2445 1383 2483 agmine
1399 2444 1554 2480 petierunt
1569 2437 1742 2482 Caesaream
1753 2462 1763 2479 ‚
1789 2440 1839 2473 ubi
1850 2448 1907 2482 per
1930 2441 2041 2473 multos

1154 2490 1217 2522 dies
1220 2488 1364 2532 supplices
1375 2498 1556 2532 rogaverunt
1568 2489 1724 2530 Praesi'dem
1740 2513 1750 2529 ,
1776 2499 1809 2523 ut
1821 2490 1880 2523 alib
1891 2495 2036 2535 imagines

1156 2540 1223 2572 illas
1244 2538 1425 2580 transferret
1447 2565 1454 2572 .
1484 2538 1554 2572 Aut
1575 2539 1728 2573 trucidari
1750 2550 1806 2574 aut
1833 2542 2037 2584 acquiescere

1154 2588 1225 2631 juffi
1240 2589 1335 2633 legati
1358 2588 1407 2622 isti
1419 2587 1502 2621 humi
1515 2589 1749 2630 procumbebant
1760 2614 1770 2630 ‚
1785 2591 1819 2624 Θ
1831 2599 1946 2624 exertos
1953 2599 2036 2632 prae-

1153 2638 1382 2682 bentesJuguios
1391 2638 1546 2680 manifeste*
1562 2638 1802 2682 praefiferebant
1823 2646 1937 2682 patriae
1960 2641 2035 2682 legis·

1152 2687 1380 2732 observationem
1389 2687 1439 2728 libi
1451 2689 1503 2732 effe
1515 2695 1584 2723 vita
1604 2689 1782 2723 chariorem.
1809 2692 1890 2723 Tunc
1912 2691 2033 2723 Pilatus

1152 2740 1322 2772 admiratus
1332 2747 1396 2772 tam
1405 2737 1537 2779 constans
1556 2741 1630 2784 legis
1638 2739 1770 2780 studium
1785 2765 1795 2780 ‚
1822 2743 1960 2773 continuo
1982 2751 2034 2773 eas

1153 2794 1295 2833 imagines
1334 2787 1533 2832 Hierosolymis
1580 2789 1751 2833 Caesaream
1790 2788 2010 2832 transportavit
2026 2815 2032 2822 .

1154 2840 1264 2873 Etiam
1277 2838 1485 2883 postmodum
1499 2851 1633 2874 omnem
1646 2842 1733 2874 suam
1745 2849 1880 2883 gentem
1900 2840 2037 2874 trucida-

1153 2890 1180 2923 ri
1191 2890 1393 2930 maluerunt,
1420 2901 1518 2934 quam
1533 2890 1605 2924 Caii
1619 2888 1761 2934 Augusti
1775 2889 1936 2930 statuam,
1962 2902 2037 2933 prae-

1154 2939 1262 2973 sertim
1283 2940 1318 2973 in
1341 2940 1484 2983 templo,
1512 2940 1649 2983 recipere
1676 2964 1685 2978 ,
1711 2940 1744 2972 δε
1760 2937 1914 2981 sacratam
1936 2940 2037 2974 urbem

1150 2990 1239 3030 pollui
1259 2994 1364 3022 vetitis
1386 2990 1579 3033 imaginibus.
1608 2988 1729 3023 Vetitis
1752 2990 1769 3022 a
1784 2990 1874 3034 Lege
1889 2991 2012 3024 Divina
2031 3016 2037 3022 .
2063 3014 2109 3043 1..1
2116 3021 2143 3048 ⁷·
2163 3021 2180 3044 c
2193 3017 2209 3044 3

1156 3038 1198 3071 Et
1210 3039 1242 3071 in
1254 3039 1321 3072 alio
1340 3039 1423 3073 libro
1435 3039 1541 3073 scribit
1562 3038 1602 3072 de
1618 3037 1740 3082 Aquila
1765 3050 1860 3073 aurea
1874 3062 1884 3078 ‚
1910 3039 2036 3076 Roma·
2182 3037 2188 3043 ⁴
2213 3035 2220 3043 ’

1155 3099 1272 3121 norum
1286 3088 1404 3132 infigni
1416 3114 1426 3129 ,
1452 3098 1549 3129 quam
1562 3089 1710 3122 Herodes
1727 3089 1798 3122 Rex
1821 3091 1914 3133 supra
1929 3091 2036 3133 majo-

1154 3149 1222 3172 rem
1233 3137 1345 3180 templi
1358 3148 1484 3181 portam
1494 3135 1659 3173 dedicarat
1674 3163 1681 3171 .
1709 3143 1773 3172 Lex
1788 3140 1894 3181 nostros
1905 3139 2037 3175 hommes
2062 3133 2137 3162 [ὡς

1155 3196 1239 3221 vetat
1251 3192 1396 3230 imagines
1409 3186 1558 3227 statuere,
1583 3197 1635 3221 aut
1647 3187 1807 3232 consecrare
1830 3195 2031 3224 animantium

1154 3239 1260 3281 effigies
1272 3262 1279 3269 .
1306 3236 1502 3279 ,Quamobrem
1515 3237 1648 3271 Doc‘lores
1665 3247 1753 3273 erant
1775 3239 1906 3274 aue'lores
1914 3239 1976 3283 suis
1988 3244 2036 3274 di·

1148 3286 1271 3331 scipulis
1283 3311 1294 3326 ,
1306 3296 1340 3320 ut
1354 3288 1492 3328 Aquilam
1501 3289 1584 3320 illam
1597 3288 1786 3324 detraherent
1799 3314 1806 3321 .
1834 3291 1877 3324 Et
1892 3290 1940 3324 illi
1957 3303 2033 3324 cum

1156 3337 1288 3380 publico
1308 3337 1449 3370 tumultu
1470 3361 1482 3377 ,
1506 3337 1541 3370 δε
1563 3339 1684 3382 patenti
1708 3340 1781 3374 vitae
1804 3341 1865 3374 suae
1892 3341 2034 3384 periculo

1157 3387 1253 3429 ipsam
1265 3386 1407 3420 omnino
1428 3386 1636 3422 detraxerunt
1653 3411 1663 3426 ‚
1692 3400 1841 3432 putantes
1856 3392 1928 3423 Deo
1952 3390 2033 3431 legis

1156 3437 1275 3471 auctori
1287 3438 1389 3472 facere
1400 3437 1608 3473 sacrificium.
1636 3438 1747 3474 Etiam
1764 3441 1798 3474 in
1819 3439 1922 3483 primo
1947 3437 2034 3471 libro

1567 3489 1602 3523 D
1627 3489 1649 3523 d
1699 3501 1721 3526 2
1945 3485 1986 3521 de

2062 2821 2138 2863 Cap.
2153 2834 2199 2855 υ.

2141 3139 2200 3160 .2i.
2252 3135 2272 3152 θ’
