2340 3762
369 203 490 241 InfeIIx
500 202 568 246 ejus
579 201 750 246 imperium
765 197 783 234 .’
1077 206 1156 243 229.
1175 207 1201 231 1-

316 254 456 290 LeoIV.
471 246 686 288 Constantini
697 247 905 294 copronymi
917 246 1075 280 successor
1086 245 1204 279 itidem

322 320 325 328 ν’
368 304 572 340 iconoclasta
583 329 593 344 ,
606 304 624 336 a
634 303 669 337 N
673 303 752 335 iceta
765 293 951 343 l’atriarcha
965 296 1113 342 seductus
1125 318 1136 335 ,
1155 296 1205 330 in·

367 348 507 389 feliciter
517 348 629 389 e'vivis
640 348 812 392 migravit·
859 368 862 370 v
1066 355 1145 394 233-
1176 355 1202 380 1·

315 403 441 439 Leonis
451 404 492 438 Π.
505 402 658 445 Epistolae
672 400 744 431 sunt
758 396 912 443 legitimae
922 420 934 437 ‚
962 408 1030 431 non
1045 394 1205 434 obstanti-

320 467 322 469 ·
368 455 427 489 bus
439 448 640 498 argumentis
658 449 690 480 in
703 447 903 482 contrarium
915 441 1075 483 adductis.
1103 456 1160 494 51..
1172 459 1202 483 2.

315 503 387 539 Lex
413 500 584 547 Justiniani
608 498 649 532 de
670 497 910 545 Episcoporum
928 497 1072 533 absentia
1097 498 1203 546 varios

323 574 325 578 ·
366 554 483 588 abusus
495 548 626 592 attulit,
654 545 868 593 quamobrem
881 547 923 583 ab
937 547 1079 594 Ecclesia
1092 548 1204 591 saepius

322 602 327 609 '
365 601 541 647 corrigitur
553 626 560 634 .
1079 609 1156 645 144.
1174 610 1197 634 1.

314 652 467 687 Libellus
490 651 566 686 fidei
586 650 604 684 ὲ
616 650 751 695 Legatis
766 650 929 685 Romanis
958 654 1137 694 numquam
1151 660 1200 692 po-

364 698 519 736 stulatus.
551 711 629 750 351.
650 713 679 737 1.
709 701 807 735 Sectis
824 700 865 734 ab
878 700 1070 746 Episcopis,
1096 701 1130 735 &
1143 699 1201 733 Pa-

364 751 535 794 triarchis‚
558 758 739 798 'eorumque
752 750 905 796 LegatiS.
1075 761 1152 800 351.
1171 761 1201 786 2.

314 804 468 848 Libellus
482 802 709 847 poenirentiaea
720 801 812 846 lapsis
825 802 994 850 Episcopis
1013 801 1180 850 exhibitus
1190 825 1201 842 ,

364 856 396 890 S.
418 853 552 900 Ignatio
571 851 590 886 a
611 852 746 900 Legatis
774 851 978 900 Apostolicis
1002 853 1179 898 porrigitur
1192 876 1202 893 ,

367 905 449 941 cur}l
672 906 677 911 ’
814 903 819 908 “
1008 901 1010 906 ’
1101 914 1153 952 75-
1169 914 1199 939 2-

314 954 466 991 ·Libellus
479 955 591 991 Roma
617 955 729 990 missus
748 955 898 1001 adversus
912 915 1126 991 Photium3&
1144 964 1201 996 pro

368 1007 519 1040 Ecclesiae
542 1007 703 1041 Romana:
725 1006 959 1041 infallibilitate
980 1031 991 1055 ,
1018 1006 1036 1038 a
1063 1002 1200 1045 Synodo

366 1056 460 1091 Vlll.
474 1067 675 1102 acceptatur.
702 1095 710 1104 ‘y
927 1054 1052 1101 367.1.
1079 1063 1198 1100 371.1.

315 1107 405 1141 Libri
421 1107 643 1141 haereticorum
654 1105 738 1138 olim
751 1103 940 1149 rigidlffime
954 1103 1139 1144 interdicti,
1164 1114 1200 1137 ac

368 1156 499 1201 ignibus
510 1155 664 1188 cremati.
1082 1164 1158 1201 194.
1172 1166 1198 1190 1.

314 1206 447 1250 Lingua
461 1203 580 1238 Latina
592 1204 609 1239 a
623 1201 790 1239 Michaele
803 1205 956 1251 Augusto
969 1207 1199 1250 perperam'ap-

366 1255 482 1298 pellata
495 1255 644 1289 barbara.
878 1258 884 1262 ’
973 1258 975 1261 “
1081 1266 1157 1304 371·
1173 1266 1198 1292 1.

314 1305 520 1351 Linguarum
557 1304 721 1340 diversitas
743 1306 896 1351 ordinem
937 1306 1197 1352 Ecclefiasticum

364 1368 431 1391 non
445 1355 623 1391 confundit
635 1381 642 1388 .
1077 1367 1153 1404 395.
1167 1368 1198 1393 2·

313 1407 458 1441 Locutio
479 1405 592 1443 eadem
605 1406 639 1440 in
663 1417 732 1441 uno
744 1406 920 1442 damnatur·
931 1432 941 1449 ‚
969 1408 1003 1442 in
1017 1408 1119 1442 altero
1132 1418 1197 1441 non

365 1455 614 1500 reprehenditur
624 1479 632 1488 .
937 1455 941 1458 ’
1054 1467 1109 1504 27.
1126 1470 1154 1493 1.
1167 1469 1197 1493 2.

313 1506 506 1541 Ludovicus
519 1506 699 1549 Imperator
709 1506 726 1540 ὲ
743 1507 913 1552 Michaele
923 1508 1029 1553 Balbo
1049 1508 1199 1542 adversus

363 1556 550 1600 imaginum
585 1555 712 1588 cultum
749 1558 784 1590 in
824 1557 1001 1591 subsidium
1042 1566 1198 1591 vocatur.

362 1605 443 1652 256.
459 1619 490 1643 2.
519 1605 610 1639 Huic
623 1603 788 1639 paschalis
802 1607 925 1649 primus
939 1607 1127 1651 facultatem
1143 1608 1201 1649 Sy-

361 1656 443 1690 nodi
467 1656 610 1693 Nicaenae
631 1656 837 1690 retractandae
857 1669 897 1691 ex
921 1658 1021 1692 causis
1045 1657 1196 1691 indulsit.

360 1718 440 1754 257.
475 1715 502 1740 1.
529 1707 677 1743 Romam
704 1706 846 1751 Legatos
871 1708 956 1742 misit
979 1733 991 1755 ,
1017 1708 1199 1751 supplicans

360 1758 451 1801 pacis
473 1766 552 1800 ergo
570 1756 681 1789 Roma
703 1757 848 1801 Legatos
869 1757 1198 1802 Constantinopolim

360 1802 537 1844 &stinarL
564 1802 644 1838 ibid.
667 1806 811 1849 Fuitque
836 1808 996 1853 subicitus
1019 1808 1197 1842 Canonum

359 1866 536 1897 executor.
762 1854 767 1857 ’
899 1855 902 1858 ”
1072 1869 1153 1905 ⁷:57·
1169 1869 1199 1894 2.

735 1956 776 1991 M

313 2055 569 2151 MAcarius
581 2055 814 2091 Antioc-hemis
827 2056 985 2092 librorum
1007 2066 1180 2102 corruptor
1190 2049 1206 2088 ‚⁸

455 2119 510 2156 44·
522 2120 553 2145 2·

314 2160 482 2197 Macarius
508 2157 742 2193 Antiochenus
763 2158 793 2191 S.
815 2157 982 2201 Cyrillum
1006 2159 1039 2192 in
1064 2157 1200 2206 patroci-

366 2211 460 2244 nium
475 2208 626 2243 haereseos
639 2220 803 2252 perperam
813 2208 965 2243 adducit.
997 2219 1048 2257 34.
1063 2221 1094 2246 2.
1105 2209 1202 2243 Men-

367 2261 454 2295 dacii
477 2259 706 2293 convincitur.
737 2259 790 2306 36.
807 2266 834 2296 ι.
860 2257 937 2292 Alia
961 2259 1096 2302 protulit
1117 2258 1203 2293 testi-

367 2311 499 2345 monia.
534 2309 587 2357 36.
601 2321 630 2346 2.
656 2308 842 2343 Pertinax&
858 2306 979 2343 throno
999 2307 1182 2343 detruditur
1194 2332 1201 2339 ·

369 2359 425 2408 38.
445 2371 471 2396 1.
496 2359 606 2394 Pallio
616 2369 734 2394 exutus
751 2383 758 2391 .
788 2356 840 2407 38.
853 2371 882 2396 2.
908 2359 987 2405 Ejus
1004 2359 1200 2404 opuscucula

368 2409 527 2454 Princeps
547 2410 670 2454 ubique
695 2410 782 2452 jussit
805 2409 950 2454 exquiri.
976 2420 1032 2459 41.
1049 2421 1076 2446 1.
1097 2410 1200 2445 Omni

371 2462 475 2507 gratia
486 2459 647 2503 judicatur
659 2460 835 2504 indignus.
1100 2469 1157 2505 41.
1172 2470 1202 2496 2.

322 2512 487 2552 Macarius
502 2535 511 2550 ,
522 2509 705 2553 Stephanus
718 2535 728 2551 ‚
746 2521 783 2544 ac
794 2507 1065 2553 polychronius&
1081 2509 1204 2544 Conci-

375 2562 422 2595 lio
436 2561 583 2594 damnati
601 2561 745 2594 Romam
765 2559 980 2603 appellantes,
1007 2561 1048 2594 eo
1060 2560 1203 2603 profesti.

376 2608 545 2645 Obstinati
558 2610 589 2642 in
602 2621 742 2645 carceres
755 2610 871 2645 detrusi
885 2635 892 2642 .
921 2621 975 2657 50
989 2622 1018 2648 2.
1042 2610 1118 2645 Ubi
1134 2610 1206 2643 Ma-

376 2661 482 2695 carius
494 2659 681 2693 defunstus.
1126 2659 1204 2694 ibid.

326 2712 493 2751 Manuutn
506 2709 671 2752 impositio
683 2721 753 2744 non
775 2710 820 2745 est
833 2710 1040 2746 confirmatio
1061 2709 1207 2745 essentia-

379 2762 432 2796 lis.
1107 2770 1129 2806 4
1155 2785 1162 2792 .
1175 2772 1206 2797 2·

329 2811 487 2851 Marcelli
508 2810 680 2845 damnatio
695 2810 714 2844 a
726 2810 860 2846 Liberio
869 2810 958 2855 Papa
978 2822 1046 2845 non
1059 2771 1105 2845 es3t
1121 2770 1208 2845 πῖα-

382 2873 436 2906 pta
447 2887 459 2906 ,
483 2861 536 2896 sed
551 2861 593 2895 ab
602 2862 741 2896 Ecclesia
754 2863 822 2908 post
836 2862 1009 2907 Synodum
1021 2860 1210 2896 Constanti-

383 2912 612 2956 nopolitanam
622 2935 629 2943 .
1088 2908 1166 2958 385.
1179 2922 1209 2947 2.

332 2962 496 3006 Martyres
515 2961 679 3011 afingulis
698 2960 887 3000 civitatibus
909 2962 944 2997 in
957 2961 1119 2998 Patronus
1136 2972 1213 2995 exo-

674 3014 678 3019 “
1047 3010 1125 3048 216.
1141 3022 1168 3047 1·
1182 3022 1212 3047 2.

337 3063 554 3099 Matrimonia
577 3061 618 3097 ab
628 3062 769 3097 Ecclesia
781 3063 893 3097 Graeca
905 3061 1102 3104 Presbyteris
1113 3086 1123 3103 ,
1134 3061 1215 3096 Dia·

387 3114 481 3147 conis
492 3139 502 3154 ,
527 3125 565 3147 ac
577 3113 795 3148 Subdiaconis
807 3111 883 3147 ante
891 3111 1134 3146 ordinationem
1157 3112 1215 3145 ini-

1115 3161 1169 3197 60.
1183 3173 1213 3198 2.

336 3211 397 3250 >De
407 3211 627 3247 Matrimonio
639 3213 800 3248 statuendi
822 3212 1053 3247 authoritatem
1071 3212 1216 3246 Ecclesia

1095 3260 1171 3309 158-
1185 3275 1216 3299 2-

331 3310 600 3352 ·Matritnonium
612 3315 812 3353 secundum,
838 3322 943 3348 ratum
961 3312 1153 3353 dumtaxat,
1180 3314 1219 3346 ir-

1118 3362 1173 3400 62-
1186 3375 1218 3400 2·

385 3014 484 3057 ptati.

333 3184 335 3187 ,
388 3169 421 3194 ta
431 3164 504 3197 sunt
517 3162 642 3197 indulta
653 3188 663 3204 ‚
691 3164 833 3197 ineunda
844 3162 992 3196 annullat
1004 3188 1011 3195 .

395 3261 510 3295 merito
522 3262 576 3295 fibi
589 3265 723 3297 reservat
735 3289 742 3295 .

398 3356 635 3404 regularitatem
649 3372 716 3395 non
729 3364 876 3405 inducit,
902 3365 983 3396 cur?

766 120 953 174 INDEX
987 110 1237 172 R·1-.Rim;
1264 123 1334 159 Eu·
1369 109 1763 168 vasonem}-

1317 209 1411 235 mum
1421 223 1432 240 ,
1458 198 1563 234 immo
1585 200 1653 236 duo
1665 202 1742 238 ante
1760 202 1961 248 Baptismum
1977 213 2061 250 inita
2072 210 2147 252 irress

1315 249 1524 292 gularitatem
1545 251 1749 299 induxerunt
1767 279 1780 297 ,
1804 255 1919 299 ‘frustra
1940 261 2146 305 dissentiente

1314 300 1345 332 S.
1358 299 1584 344 Hieronymo.
1965 299 1968 302 ⁵
2026 344 2029 346 ,
2045 315 2100 351 60.
2111 326 2145 351 2.

1265 349 1294 382 S.
1308 347 1450 383 Maximi
1464 353 1531 385 aeta
1543 353 1670 396 prodita
1681 366 1771 390 anno
1783 355 1862 404 648.
2047 363 2105 401 26.
2118 377 2147 402 1-

1266 400 1295 433 S.
1311 398 1482 436 Maximus
1503 401 1618 437 Abbas
1630 403 1832 440 du'riffimum
1845 408 2148 459 Monothelitarum

1315 450 1483 496 flagellum
1497 477 1504 485 .
1532 464 1553 489 2
1558 464 1586 501 3.
1601 465 1616 490 1
1624 479 1631 486 .
1643 454 1807 499 Pyrrhum
1817 458 1929 494 coram
1941 462 2153 498 confutavit?-

1316 511 1371 549 23.
1385 513 1416 538 2.
1442 502 1653 561 §alumniam
1678 508 1784 550 passus
1794 532 1807 549 ,
1832 510 1988 556 apologia
2009 512 2075 547 sese
2097 525 2152 548 ex·

1317 563 1469 605 purgavit
1482 579 1488 586 .
1612 582 1615 586 .
2043 574 2102 611 25.
2118 570 2153 599 1.-'

1266 602 1346 635 Men
1352 614 1400 636 nae
1413 605 1525 638 Sermo
1537 605 1782 644 acclamatorius
1792 609 1834 644 ad
1845 609 2013 657 vigilium
2025 614 2151 660 Papam

1315 653 1542 698 apocryphus.
1882 670 1884 674 ’
1924 671 1981 709 41.
1998 677 2028 703 1.
2047 675 2103 715 44.
2118 676 2149 701 2.

1267 703 1476 739 Menstruatae
1487 706 1574 750 apud
1583 706 1717 744 Graecos
1733 709 1775 745 ab
1786 709 1926 758 ingressu
1938 710 2089 750 Ecclesia
2097 725 2151 749 ex-

1317 755 1408 788 trusae
1421 779 1432 796 ,
1457 766 1525 790 non
1539 757 1624 802 apud
1636 759 1775 795 Latinos
1788 786 1795 793 .
2023 764 2102 802 162.
2115 775 2148 801 2.

1267 804 1502 849 Metrophanes
1512 807 1759 844 orthodoxusin
1774 811 1866 847 Vsu.
1888 814 2027 857 Synodo
2043 814 2150 850 adver-

1315 855 1368 889 sus
1379 855 1564 894 P-hotianos
1575 859 1742 904 eleganter
1754 864 1917 905 peroravit
1928 890 1936 897 .
2028 863 2104 914 382-
2115 863 2150 903 25

1266 905 1554 949 Metropolitarum
1574 910 1711 945 avaritia
1723 911 1866 947 canone
1877 915 1970 949 sexto
1990 915 2068 951 V11.
2091 917 2154 960 Sy·

1316 954 1397 989 nodi
1407 958 1592 991 retunditur
1605 983 1611 990 .
2028 974 2106 1010 190.
2119 977 2150 1002 2,

1268 1004 1554 1049 Metropolitarurn
1566 1006 1785 1052 suffraganeos
1808 1008 2073 1048 substituendum
2092 1014 2152 1049 du·

1315 1057 1389 1101 plex
1405 1056 1553 1091 facinus.
1582 1067 1660 1105 312.
1673 1065 1706 1091 2.
1730 1057 1838 1094 Certis
1855 1068 1966 1096 tamen
1979 1062 2154 1099 casibusid

1314 1108 1390 1141 licet
1405 1132 1412 1139 .
2064 1111 2143 1152 ibid,

1263 1157 1486 1202 Metropolitae
1496 1158 1536 1193 ad
1551 1158 1681 1203 plenam
1694 1159 1887 1204 potestatem
1899 1173 1936 1197 ac
1947 1162 2087 1212 primam
2100 1164 2153 1198 in-

1313 1209 1466 1243 stantiam
1478 1208 1673 1258 Patriarchae
1687 1212 1827 1254 speetant
1841 1236 1848 1244 .
2021 1221 2101 1261 ²94.
2117 1223 2155 1250 ιι·

1266 1259 1488 1303 Metropolitae
1499 1284 1509 1300 ,
1522 1261 1579 1302 qui
1591 1261 1624 1294 in
1635 1261 1725 1304 pallii
1740 1261 1921 1299 donatione
1931 1264 1949 1299 a
1959 1262 2148 1303 Patriarcha

1315 1309 1472 1344 Romano
1494 1308 1706 1354 dependent,
1732 1322 1800 1346 non
1824 1314 1899 1349 sunt
1918 1313 2146 1363 autocephali.

1314 1370 1394 1408 295.
1408 1372 1427 1393 1.
1453 1360 1598 1395 Romam
1608 1361 1764 1407 eogendae
1775 1362 1904 1406 Synodi
1924 1364 2004 1410 ergo
2017 1366 2155 1409 possunt

1314 1411 1444 1444 evocari
1465 1436 1472 1442 .
1501 1410 1579 1445 ibid.
1605 1411 1706 1459 Qod
1729 1413 1846 1448 Franci
1867 1413 2003 1459 quidam
2027 1414 2156 1453 recusae

1316 1461 1412 1494 bant.
1440 1460 1517 1495 ibid.
1543 1460 1845 1501 VidePatriarcha.

1266 1510 1411 1544 Michael
1430 1508 1598 1554 Augustus
1610 1521 1746 1544 matrem
1768 1513 1802 1545 δε
1815 1515 1939 1549 soror-es
1948 1515 2078 1550 tonderi
2087 1513 2148 1558 -ῇ-ιΓ-

1313 1561 1369 1593 fit.
1396 1559 1426 1592 S.
1441 1560 1609 1603 ignatium
1630 1558 1835 1602 deportatum
1858 1573 1916 1605 pro
1938 1574 2071 1599 mortuo
2092 1563 2151 1598 ha-

1315 1608 1386 1643 buit
1395 1619 1407 1640 .-
1437 1606 1583 1651 Ideoque
1594 1607 1755 1642 Photium
1767 1619 1882 1644 contra
1897 1611 2148 1656 Canonesjuffit

1315 1659 1350 1693 in
1370 1656 1591 1696 patriarcham
1603 1656 2014 1704 constantinopolitanum
2036 1662 2150 1698 conse-

1318 1721 1418 1744 cran-
2043 1721 2068 1750 ι
2093 1738 2100 1745 -
2117 1724 2149 1749 1-

1266 1759 1412 1796 Michael
1433 1760 1552 1795 Balbus
1574 1760 1762 1797 Graecorum
1786 1761 1967 1807 Imperator
1977 1722 2148 1800 Iegndcsa-

1314 1812 1405 1846 stiam
1421 1810 1572 1846 suscitare
1584 1822 1743 1851 conatus,
1768 1811 2053 1848 Catholicosfflso
2062 1812 2150 1847 carui

1314 1863 1477 1896 mniatur.
1506 1860 1586 1908 256.
1605 1873 1634 1898 1.
1647 1862 1855 1897 Ludovicum
1867 1862 2147 1908 Imperatoremin

1313 1909 1489 1946 subsidium
1499 1922 1615 1947 vocat.
1642 1912 1722 1959 256.
1737 1924 1769 1949 2.
1792 1913 1830 1947 In
1846 1912 2062 1950 lconociaffla
2079 1917 2150 1956 pers

1315 1961 1468 1995 severavit
1480 1986 1487 1993 .

1264 2009 1359 2044 Missa
1372 2009 1486 2052 jejunii
1499 2006 1616 2043 diebus
1626 2007 1713 2042 circa
1726 2018 1850 2041 nonam
1871 2008 2086 2050 vespertinam
2098 2021 2148 2053 pe.

1311 2058 1395 2093 rasta
1408 2081 1416 2088 .
2021 2067 2064 2094 ιο
2091 2083 2098 2090 .
2115 2069 2151 2095 1.

1261 2109 1362 2143 Missa
1377 2106 1473 2152 plena
1483 2105 1501 2140 a
1512 2105 1643 2141 Latinis
1661 2106 1784 2150 semper
1803 2105 1963 2144 celebrata
1973 2132 1985 2149 ‚
2009 2067 2149 2153 exctpto

1315 2158 1438 2194 biduo.
2019 2168 2095 2206 104.
2115 2170 2148 2195 1.

1265 2209 1364 2244 Missa
1381 2207 1717 2252 praesanstificatorum
1731 2231 1742 2247 ‚
1768 2206 1856 2241 unde
1867 2207 1952 2242 dista
1964 2209 1980 2242 ἓ
2005 2209 2044 2242 ln
2056 2210 2152 2258 Qn-

1314 2257 1489 2304 dragefima
1511 2255 1670 2291 celebrata
1694 2281 1704 2297 ‚
1732 2256 1812 2296 hora
1834 2269 1921 2291 nona
1944 2260 2145 2303 vespertina.

1321 2319 1448 2357 1052.
1468 2307 1549 2342 Non
1577 2307 1621 2341 est
1634 2307 1764 2340 Divinae
1787 2306 1989 2342 institutioni
2001 2309 2148 2343 diffona.

1325 2369 1401 2405 105.
1422 2369 1450 2394 1.
1473 2357 1511 2390 In
1525 2356 1586 2392 hac
1601 2357 1699 2392 Miffa
1714 2357 1819 2391 Graeci
1832 2357 1902 2392 solo
1923 2358 2086 2394 elemento
2097 2371 2151 2403 pa·

1319 2411 1370 2444 nis
1381 2410 1513 2443 fuerunt
1527 2408 1571 2443 ufi
1582 2433 1590 2441 .
1995 2427 1997 2429 ·
2028 2417 2104 2456 105.
2118 2422 2152 2447 2·

1268 2454 1367 2495 Missa
1377 2456 1531 2493 Sabbathi
1549 2457 1648 2493 sancii
1658 2455 1742 2492 olim
1755 2459 1854 2492 noetu
1866 2457 2035 2493 celebrata.
2047 2467 2151 2506 1042.

1268 2511 1366 2545 Miffa
1377 2509 1458 2543 sicca
1472 2534 1483 2550 ,
1510 2508 1614 2552 quid?
1640 2507 1722 2542 olim
1751 2507 1786 2541 in
1797 2506 1917 2553 Belgio
1936 2509 2048 2544 usitata
2059 2533 2071 2551 ,
2096 2508 2152 2547 sed

1317 2558 1437 2594 merito
1448 2558 1602 2593 damnata
1615 2583 1623 2590 .
2030 2567 2106 2606 103.
2119 2568 2149 2595 1·

1269 2611 1383 2645 Missas
1395 2621 1453 2653 pro
1462 2609 1561 2643 salute
1572 2609 1689 2643 animae
1701 2609 1762 2642 suae
1775 2607 1910 2644 fundare
1919 2632 1932 2650 ,
1962 2608 2132 2652 antiquum
2142 2632 2151 2642 .

1323 2660 1400 2697 126-
1428 2671 1459 2697 2·
2000 2664 2002 2666 ’

1272 2710 1390 2746 Mistio
1404 2721 1494 2754 aquae
1501 2719 1578 2745 cum
1588 2709 1668 2745 vino
1682 2709 1715 2744 in
1729 2708 1826 2744 Missa
1837 2709 1885 2744 est
1903 2721 1944 2744 ex
1958 2707 2081 2745 Christi
2091 2716 2151 2743 tea·

1320 2760 1451 2795 ditione
1474 2771 1512 2795 ac
1538 2769 1697 2807 praecepto
1709 2773 1725 2803 ;
1750 2759 1818 2806 ejus
1828 2759 1959 2794 omiffio
1978 2760 2025 2793 est
2043 2758 2152 2793 Sacra·

1323 2811 1428 2845 menti
1438 2810 1605 2845 mutilatio
1615 2835 1624 2843 .
2008 2805 2061 2857 87.
2077 2818 2105 2845 1·
2115 2816 2151 2842 ι.

1273 2861 1469 2895 Mistionem
1493 2869 1582 2902 aquae
1602 2858 1665 2892 esse
1685 2858 1726 2892 de
1749 2857 1930 2892 neceffitate
1951 2856 2152 2894 Sacramenti

1323 2920 1486 2954 perperam
1497 2908 1631 2953 quidam
1643 2907 1866 2942 existimarunt
1880 2933 1886 2939 .
2051 2904 2106 2955 87.
2117 2918 2151 2944 2.

1276 2961 1378 2996 Mitra
1391 2960 1425 2994 in
1447 2957 1639 3004 quibusdam
1660 2957 1851 2993 Graecorum
1863 2957 2014 2993 Ecclefiis
2035 2958 2154 2992 esttrav

1328 3011 1413 3047 ditio
1425 3008 1633 3054 Apostolica.
1661 3029 1663 3031 ν
2033 3017 2109 3055 370.
2121 3017 2153 3047 2.

1277 3063 1436 3100 Mittam,
1463 3060 1637 3105 poderem,
1661 3057 1917 3102 superhumerale
1927 3060 1960 3092 S.
1970 3058 2083 3102 Jacobi
2095 3055 2156 3090 Pa·

1327 3110 1468 3147 triarcha
1508 3107 1830 3154 Hierosolymitanus
1855 3112 1888 3145 S.
1909 3108 2044 3158 Ignatio
2062 3106 2155 3144 dono

1328 3162 1450 3196 mittit.
2035 3169 2111 3207 370.
2124 3167 2154 3193 2·

1279 3210 1514 3247 Monachalem
1537 3208 1687 3244 habiturn
1711 3210 1840 3257 gestant
1866 3221 1981 3244 omnes
2001 3206 2156 3252 Episcopi

1330 3262 1432 3296 Graeci
1445 3275 1455 3295 .·
1482 3259 1590 3294 Immo
1601 3272 1701 3295 nemo
1713 3261 1771 3294 nisi
1783 3260 1963 3297 monachus
1974 3258 2016 3294 ad
2027 3257 2157 3301 Episco-

1330 3322 1443 3356 patum
1454 3311 1641 3345 assumitur.
1886 3319 1965 3357 320.
1977 3321 2008 3348 2-
2027 3315 2106 3355 391.
2122 3316 2155 3344 2.

1285 3361 1497 3397 Monachalis
1507 3361 1638 3396 tonsura
1648 3385 1655 3393 .
1685 3359 1774 3395 Vide
1784 3359 1917 3405 Tonsura
1924 3382 1931 3391 .

345 3408 604 3455 Matrimonium
627 3420 731 3449 unum
744 3413 818 3448 ante
829 3436 841 3457 2
866 3413 1001 3450 alterum
1011 3412 1082 3462 post
1100 3412 1221 3461 Baptis-
1284 3410 1506 3450 Monachatus
1516 3412 1534 3449 a
1547 3408 1739 3459 quibusdam
1751 3411 1817 3449 una
1838 3420 1912 3446 cum
1923 3405 2089 3451 Baptismo
2109 3405 2159 3441 su·

1971 3457 2094 3501 sceptus
2106 3469 2119 3491 ³

2021 1969 2101 2008 257.
2113 1972 2144 2007 23
2203 1991 2214 1996 ,
