2340 3762
96 1694 179 1728 coll.
189 1706 216 1733 4.

230 989 236 997 ,
268 956 307 998 1η
333 954 472 999 synodo
498 958 540 993 ad

735 189 802 222 De
837 189 1009 223 sexrA
1044 174 1287 220 SYNono
1319 186 1644 220 centenam-

276 259 446 297 Dominus
456 261 642 297 affectiones
663 259 790 297 easdem
800 260 909 306 quoad
921 259 1129 295 substantiam
1140 282 1150 298 ,

274 321 346 345 non
356 310 466 354 quoad
476 310 613 347 modum
624 336 631 343 .
658 310 785 346 Mentis
795 312 885 346 enim
905 310 1108 355 despoticum
1119 309 1154 342 in

272 370 328 395 eas
338 359 528 396 dominium
549 371 611 395 nos
623 370 758 407 peccato
767 361 954 401 amffimus,
978 358 1155 404 pleniffime

273 420 384 453 nutem
392 410 475 447 illud
486 410 601 449 habuit
615 410 775 448 innoxius
795 410 814 444 a
825 420 962 455 peccato·
978 410 1070 444 omni
1083 409 1151 442 Do-

272 460 408 504 minus,
437 471 536 504 atque
554 459 601 496 ita
622 461 658 497 in
682 461 744 497 illo
763 472 840 497 caro
873 459 1005 504 quidem
1039 458 1130 503 aliud
1143 483 1153 499 ,

272 520 373 554 quam
395 510 543 556 spirituS,
573 521 643 548 non
663 521 772 546 tamen
794 510 988 555 concupivit
1005 507 1155 549 adversus

272 559 443 603 spiritum,
466 560 545 603 quia
554 560 715 597 obediens
736 562 771 599 ec
791 572 862 596 non
874 561 933 596 nifi
946 559 1026 604 juffa
1035 569 1154 595 concu-

271 608 371 653 pivit:
401 608 476 647 Ubi
488 609 565 645 vero
597 611 643 646 est
655 611 775 654 unius,
803 609 881 645 licet
891 609 981 645 aliud
993 607 1153 650 volentis,

270 657 367 703 plena
376 657 566 698 obedientia
586 660 781 704 &subjectio
793 683 805 701 ,
830 660 922 696 nulla
952 659 998 694 est
1017 659 1153 695 affecfio-

268 717 352 745 num
362 719 419 744 aut
430 710 640 746 voluntatum
652 721 760 755 pugna
772 720 828 747 aut
840 710 973 747 rebellio
985 735 992 743 .

320 757 395 795 Nec
405 759 527 798 obsunt
546 761 688 798 rationes
710 760 855 802 addudae
876 760 912 796 in
931 758 1152 796 contrarium.

267 807 307 844 'A
328 817 421 845 tanta
442 811 533 845 enim
553 808 753 854 blasphemia
785 810 1067 848 innocentiffimus
1091 809 1154 844 fuit

270 858 406 901 Sanetus
425 859 567 901 loannes
590 858 865 903 chrysostomus:
903 859 936 895 A
956 855 1153 905 Theophilo

269 906 438 951 Episcopo
451 907 620 946 &isaacio
639 908 808 945 monacho
831 910 956 955 passum
975 908 1155 945 calumnias

575 959 765 1006 Qercum,
790 960 948 1001 testantur
982 957 1155 995 Facundus

270 1004 518 1045 Hermianenfis
538 1008 572 1045 δε
584 1007 726 1047 Photius
741 1010 775 1044 in
787 1008 1015 1053 Bibliotheca.
1046 1009 1154 1045 Saneti

269 1054 444 1092 Athanasii
463 1057 587 1094 distum
608 1058 654 1094 est
678 1055 906 1104 aequivocum,
931 1060 951 1096 a
969 1057 1155 1095 Theodoro

267 1105 519 1151 Mopsuestienfi
532 1108 639 1154 postea
651 1109 860 1154 adsumptum
882 1110 919 1145 in
939 1111 1067 1145 sensum
1089 1120 1157 1153 pra-

270 1166 374 1197 vum,
399 1155 681 1202 ideoqueatrium
692 1160 925 1204 Capitulorum
947 1159 1156 1203 adversariis,

267 1206 305 1241 ἃ
326 1206 441 1250 quinta
461 1206 602 1254 Synodo
622 1207 791 1254 justiffime
809 1208 1025 1246 damnatum.
1065 1209 1155 1244 Eum

267 1254 494 1300 damnarunt‚'
511 1258 602 1303 quod
623 1259 814 1296 Dominum
832 1260 868 1295 in
891 1259 1037 1306 passione
1059 1258 1157 1296 dixis-

205 1299 226 1347 ”.
267 1306 317 1342 set
329 1306 504 1352 sormidaffe
529 1310 564 1343 (τ
577 1308 667 1352 fuiffe
677 1309 831 1344 turbatum
843 1334 851 1342 .
889 1314 1054 1345 Horremus
1070 1333 1082 1351 ‚
1108 1310 1157 1341 in-

265 1355 411 1398 quiunt,
433 1356 528 1400 solam
548 1362 722 1391 memoriam
740 1355 990 1399 blasphemiarum
1010 1358 1095 1398 ejus,
1120 1357 1157 1390 (τ

266 1407 332 1445 130
335 1403 559 1443 flammam,
585 1413 621 1436 ut
631 1405 718 1444 nobes
723 1405 923 1445 fiepropmus
931 1423 944 1443 ‚
970 1405 1051 1445 quod
1066 1407 1157 1435 omni-

264 1451 306 1484 κδ
328 1455 362 1482 in
381 1449 485 1493 lingua
505 1450 583 1483 talia
596 1449 796 1495 sustinemus,
822 1450 979 1494 afferentes
1001 1451 1155 1493 trepidare

266 1499 435 1541 inpaffione
443 1510 511 1533 eum
516 1499 593 1544 poffe
607 1524 618 1541 ,
641 1505 694 1543 qui
702 1498 767 1544 fiais
769 1500 900 1543 famulis
909 1525 922 1542 ‚
949 1506 1003 1544 qui
1018 1509 1076 1543 pro
1089 1502 1154 1542 ejus

261 1554 385 1585 ⁴nomine
397 1552 571 1589 Martyrium
587 1547 777 1595 susceperunt
788 1574 800 1592 ,
825 1551 919 1585 talem
939 1552 1068 1584 donavit
1084 1562 1154 1595 gra·

266 1605 360 1641 tiam,
385 1608 419 1634 ut
436 1611 501 1634 cum
510 1600 621 1646 gaudio
630 1625 643 1643 ,
665 1601 964 1645 &promptitudinffi
989 1602 1025 1637 Θ
1045 1601 1154 1636 alacri-

267 1651 479 1696 tatepaffiones
489 1651 629 1685 adirent.
656 1650 842 1686 Damnavit
861 1651 978 1694 quinta
999 1648 1155 1695 synodus

268 1699 305 1736 &
315 1696 404 1733 hunc
414 1698 591 1735 Theodori
604 1701 778 1736 articulum
791 1712 798 1733 :
825 1704 872 1734 Et
889 1706 923 1735 in
934 1713 1045 1746 magna
1065 1706 1154 1743 trepi-

269 1749 391 1782 datione
395 1756 455 1791 per
470 1757 587 1792 tempus
593 1751 732 1793 paffionis
742 1749 910 1793 constitutus
922 1750 1089 1786 Dominus
1100 1758 1154 1794 ap-

267 1803 419 1841 paritione
428 1799 530 1843 Angeli
542 1801 655 1846 indiget
673 1800 867 1843 confortantis
887 1812 955 1835 eum
975 1802 1019 1835 ad
1031 1807 1154 1844 patien-

269 1849 591 1884 tiam&tolerant1am
615 1854 832 1886 imminentium
854 1851 1015 1885 maloram.
1049 1850 1153 1885 Eum-

95 1890 128 1922 1..
137 1897 164 1926 3·
173 1887 254 1922 Dm·
267 1897 346 1937 dem
364 1898 699 1942 acerrime-insectatur
711 1900 873 1936 Leontius
884 1900 1067 1936 monachus
1088 1901 1156 1944 By·

105 2946 136 2977 L
146 2948 194 2983 46.

267 1948 438 1985 nantinus.
471 1949 572 1994 <Lapfi
594 1949 650 1985 hic
675 1950 775 1985 etiam
795 1952 870 1986 sunt
892 1951 1043 1986 Armenii
1062 1974 1073 1991 ,
1110 1950 1151 1985 de

267 1998 389 2044 quibus
399 1999 530 2036 Sanstus
541 1999 656 2035 Nicon
676 1999 860 2036 monachus
882 2000 917 2034 in
940 2002 1150 2046 fragmento,

264 2049 413 2084 exstante
436 2051 472 2084 in
492 2050 591 2084 tertio
613 2059 709 2084 tomo
728 2048 940 2085 Bibliothecae
961 2052 1149 2086 Sanctorum

268 2097 427 2140 Patrum,
465 2097 506 2132 de
531 2099 739 2142 peffimorum
760 2101 997 2135 Armeniorum
1019 2101 1150 2144 peffima

268 2146 442 2191 religione.
469 2151 502 2180 E
518 2146 612 2191 sacris
628 2151 809 2193 Evangeliis
829 2149 1006 2190 abstulerunt
1028 2161 1127 2184 vocem
1140 2174 1150 2191 ‚

268 2207 337 2241 quae
368 2198 464 2231 dicit:
501 2197 580 2231 ET
618 2198 816 2234 FACTUS
856 2199 947 2234 EST
982 2199 1150 2234 SUDOR

268 2246 386 2289 EJUS
412 2271 424 2288 ,
459 2246 611 2282 SICUT
644 2248 849 2284 GUTTAE
887 2245 1152 2284 SANGUINIS

268 2295 623 2330 DECURRENTIS
660 2297 712 2331 ΙΝ
748 2297 963 2334 TERRAM
976 2323 984 2331 .
1020 2303 1080 2332 Hoc
1100 2300 1151 2343 effe

270 2345 480 2379 imbecillitatis
502 2345 670 2386 existimant
693 2370 703 2386 ,
739 2357 796 2381 non
818 2352 943 2382 Divina
963 2348 1149 2390 majestatis.

266 2395 408 2432 Etenim
439 2395 606 2430 Dominus
643 2397 769 2442 Angeli
791 2399 1008 2434 confortantis
1031 2398 1151 2434 solatio

268 2455 328 2480 aut
343 2443 474 2486 auxilio
495 2457 563 2480 non
584 2446 697 2491 eguit,
724 2446 779 2481 sed
804 2447 985 2483 ministerio
1003 2450 1076 2482 usus
1087 2449 1150 2484 fuit

266 2493 314 2529 ad
326 2495 471 2529 nostram
486 2495 522 2529 in
535 2494 592 2529 tali
604 2495 743 2530 articulo
755 2497 841 2540 spem
861 2508 959 2542 atque
970 2498 1151 2533 instructio-

270 2555 350 2578 nem
361 2569 369 2577 .
397 2544 442 2585 Et
454 2545 644 2579 formidavit
656 2546 689 2580 δε
701 2546 846 2586 turbatus
857 2548 923 2582 fuit
933 2572 944 2589 ‚
957 2547 1068 2583 verum
1081 2559 1148 2584 non

270 2593 442 2636 quomodo
479 2593 683 2630 Theodorus
701 2620 712 2637 ,
750 2597 803 2631 sed
830 2596 998 2640 quomodo
1019 2600 1151 2633 Sanetus

270 2644 413 2688 Joannes
426 2644 633 2689 Evangelista
645 2644 750 2679 dixit.-
774 2647 925 2681 Tun-bavit
937 2646 1127 2691 J'emettpficm
1141 2673 1149 2682 .

270 2693 472 2738 Appetitum
498 2695 687 2730 inferiorem
709 2694 850 2731 turbavit
871 2697 1020 2731 Domina
1034 2708 1149 2740 mens,

271 2743 397 2778 nullam
409 2744 473 2787 ipsa
491 2744 576 2788 paffa
598 2743 839 2780 turbationem.
866 2745 910 2781 Et
931 2745 1010 2782 hinc
1031 2748 1149 2782 Sancto

271 2793 405 2837 Cyrillo
415 2792 646 2830 Alexandrino
655 2794 689 2828 δε
702 2794 869 2839 Ephefino
881 2797 1039 2832 Concilio
1049 2797 1148 2832 adhae·

269 2842 565 2879 rentesorthodoxi
577 2870 588 2886 ‚
614 2843 781 2879 adversum
803 2856 886 2889 quos
908 2846 1024 2882 devius
1042 2846 1148 2882 adhuc

271 2891 507 2929 Theodoretus
539 2895 687 2939 scripfiss'e
706 2905 901 2930 memoratur
920 2896 939 2931 a
966 2896 1091 2932 Photio
1113 2898 1147 2932 in

273 2939 504 2985 Bibliotheca,
531 2944 662 2989 pulchre
687 2944 861 2981 dixerunt:
890 2946 993 2990 Paffus
1032 2947 1070 2988 est
1087 2946 1150 2989 fine

270 2993 411 3035 paffione.
438 2995 482 3029 Et
495 2995 599 3038 Paffus
618 2994 657 3035 est
671 3019 682 3036 ,
708 2997 872 3030 uttvolutt.
901 2997 981 3040 Ejus
1005 3007 1147 3041 namque

275 3040 419 3077 formido
429 3056 451 3085 ,·
466 3043 631 3085 maestitia,
657 3046 771 3080 &aliae
792 3046 826 3080 id
836 3058 940 3091 genus
962 3047 1149 3082 affestiones

274 3090 408 3125 fuerunt
419 3115 431 3132 ,
454 3105 524 3128 non
537 3094 712 3129 necessariae
726 3095 883 3139 pastiones
893 3122 902 3137 ,
915 3095 968 3131 sed
981 3095 1150 3131 liberrimae

273 3139 433 3174 astiones.
460 3142 538 3189 Qo
550 3145 642 3178 sensu
655 3144 784 3179 locutus
794 3145 839 3180 est
850 3147 885 3181 &
901 3147 1035 3181 Sanctus
1046 3147 1148 3182 Atha-

272 3189 379 3225 nafius
388 3214 399 3229 ‚
424 3188 464 3224 de
476 3202 544 3235 quo
555 3195 686 3237 praesens
694 3194 848 3238 Synodus
860 3196 896 3230 in
907 3196 985 3231 fidei
998 3197 1147 3232 decreto.

275 3238 440 3281 oportebat
463 3247 564 3274 carnis
590 3244 775 3278 voluntatem
800 3251 934 3286 moveri,
956 3243 1066 3290 subjici
1078 3250 1148 3281 vera

274 3289 428 3324 voluntat}
454 3292 598 3331 Divinae,
617 3293 712 3334 Juxta
744 3292 981 3336 sapientissimum
1017 3296 1150 3332 Athana-

269 3336 364 3381 fium.

326 3388 419 3424 Hinc
431 3389 765 3435 orituraliaquaestio,
794 3390 851 3426 An
872 3392 961 3428 distas
972 3395 1096 3431 doloris
1117 3397 1149 3430 ὅ(

274 3437 403 3475 timoris
422 3440 637 3476 immaculatae
657 3442 841 3477 affectiones
869 3443 990 3480 fuerint
1022 3450 1058 3480 in
1080 3446 1150 3481 solo

1999 193 2017 222 1
2034 190 2053 235 5

1217 255 1359 299 appetitu
1370 255 1516 290 inferiori
1528 279 1539 296 ‚
1565 266 1603 289 ac
1615 255 1801 293 nullatenus
1817 256 1852 291 in
1865 255 1932 300 ipsa
1942 254 2087 289 Domini

1216 307 1351 342 mente?
1377 305 1575 351 Respondeo
1583 305 1677 340 fuiffe
1697 305 1732 339 in
1746 307 1811 340 sola
1823 316 1911 350 parte
1921 305 2070 340 inferiori
2081 329 2090 337 .

1216 355 1310 390 Hinc
1333 357 1368 390 &
1389 357 1498 393 nostra
1521 354 1673 400 synodus
1692 357 1726 390 &
1756 354 1869 390 Patres
1891 365 2006 390 omnes
2025 353 2094 388 affi-

1214 403 1277 447 due
1289 416 1409 450 vocant
1430 407 1602 440 voluntates
1620 411 1721 440 carnis
1733 430 1745 446 ,
1770 417 1808 440 ac
1833 405 2035 449 singulariter
2059 406 2095 437 in
2113 395 2138 415 c·

1217 455 1420 498 sermonibus
1431 456 1472 491 de
1494 457 1673 491 Dominica
1694 455 1845 499 Paffione
1863 456 1996 489 Sanetus
2023 453 2097 487 Leo

1215 506 1446 546 trepidationem
1469 511 1584 538 carnis.
1613 504 1718 541 Addit
1732 507 1770 540 in
1778 506 1949 550 adsumpto
1959 501 2098 542 homine

1216 554 1315 589 alium
1326 555 1419 589 fuisse
1429 556 1581 600 affectum
1591 579 1602 595 ,
1629 555 1781 598 quemad
1792 554 1942 590 humanae
1952 552 2099 589 formidi-

1217 605 1267 639 nis
1277 604 1520 639 excusarionem
1545 605 1636 649 Deus
1656 604 1805 647 Verbum
1824 606 1945 650 recepit
1958 628 1969 644 ,
1995 603 2098 637 alium

1214 665 1312 699 quem
1323 666 1366 698 ex*
1378 665 1499 699 aeterno
1510 654 1632 699 placito
1654 654 1762 697 Patris
1775 666 1833 698 pro
1848 654 1963 689 mundi
1985 663 2098 688 recon-

1214 704 1383 740 ciliatione
1403 704 1585 750 praeelegit.
1613 703 1656 739 Et
1678 703 1714 738 in
1732 704 1848 739 litteris
1868 704 1908 738 ad
1931 703 2098 746 Iulianum

1215 753 1377 790 Coensem
1390 755 1589 800 Episcopum
1605 754 1713 796 scribit
1723 752 1885 789 humanas
1897 754 2097 792 affeffionen

1214 805 1328 849 utique
1338 805 1551 849 formidinem
1563 804 1597 839 &
1608 804 1791 847 maestitiam
1800 827 1811 844 ‚
1836 814 1972 847 quatum
1985 802 2101 837 verita-

1215 865 1281 889 tem
1295 854 1330 888 in
1343 855 1496 899 Domino
1509 854 1718 899 profitemur,
1739 855 1833 890 fuiffe
1843 865 1897 888 eas
1909 878 1919 894 ,
1945 863 2015 896 quae
2028 861 2100 887 erat

1215 903 1272 938 sub
1294 904 1520 947 moderamine
1548 916 1617 940 non
1639 902 1875 940 tantummodo
1898 901 2099 946 susceptricis

1215 954 1380 995 Deitatis,
1406 955 1461 991 sed
1485 956 1519 999 ἀ
1537 955 1718 1000 adsumptae.
1731 955 1868 998 mentis.
1896 953 1942 988 Et
1966 953 2101 996 Sanctus

1217 1005 1447 1049 Hieronymus
1461 1005 1497 1044 in
1508 1005 1758 1049 commentariis·
1777 1007 1867 1050 super
1879 1003 2100 1049 Evangelium

1217 1055 1326 1091 Sansti
1337 1054 1487 1090 Matthaei
1499 1080 1508 1088 .
1536 1054 1725 1099 Erubefiant
1736 1079 1747 1096 ‚
1773 1062 1947 1098 quiputant
1959 1055 2099 1089 Salvato-

1216 1116 1277 1139 rem
1298 1106 1333 1140 in
1344 1105 1411 1150 ipsa
1422 1105 1559 1141 domina
1570 1116 1683 1140 mente
1703 1106 1829 1149 tinuaffe.
1840 1114 1963 1139 mortem
1985 1106 2020 1138 (9
2033 1099 2104 1144 11³»chz

1210 1154 1421 1199 fionispavore
1444 1156 1571 1201 dixiffe,
1598 1155 1787 1197 PATER,
1813 1154 1852 1191 SI
1878 1152 2002 1190 FlERI
2029 1151 2106 1186 ΡΟ·

1217 1204 1348 1241 TEST
1360 1230 1372 1250 ‚
1397 1204 1670 1242 TRANSEAT
1682 1207 1715 1240 Α
1728 1207 1800 1250 ME
1814 1203 1964 1243 CALIX
1976 1201 2083 1238 lsTE
2094 1226 2102 1235 .

1217 1255 1312 1291 Hinc
1338 1257 1425 1293 infra
1441 1257 1539 1292 docet
1560 1256 1752 1292 Dominum
1774 1256 1868 1291 fuisse
1891 1255 1963 1290 vere
1983 1252 2105 1288 contri-

1218 1306 1363 1346 statum,
1389 1306 1665 1349 Apollimristas,
1690 1307 1749 1348 qui
1770 1305 1958 1350 garriebant
1978 1303 2019 1337 ab
2043 1301 2103 1335 illo

1217 1353 1422 1397 adsumptam
1435 1353 1581 1389 anImam
1590 1353 1813 1389 irrationalem
1827 1378 1838 1394 ,
1863 1352 1942 1388 dure
1953 1362 2105 1397 arguens,

1218 1402 1253 1434 δε
1276 1403 1386 1444 pergit
1412 1425 1420 1431 .
1457 1406 1623 1441 Dominus,
1646 1410 1680 1434 ut
1701 1407 1863 1445 veritatem
1881 1400 2025 1442 probaret
2050 1402 2106 1441 ad-

1212 1445 1328 1492 sumpti
1354 1447 1504 1489 bominis,
1530 1451 1603 1482 vere
1624 1450 1742 1492 quidem
1762 1451 1948 1492 contristatus
1966 1450 2026 1491 est,
2049 1448 2108 1493 sed

1217 1508 1254 1531 m·
1269 1499 1360 1540 paffio
1379 1504 1411 1532 in
1420 1503 1525 1532 amma
1533 1499 1614 1533 illius
1634 1500 1858 1543 dominaretur,
1883 1509 1939 1543 per
1955 1502 2107 1543 propaffio-

1217 1559 1287 1582 nem
1305 1553 1391 1590 coepit
1409 1546 1592 1589 contristari.
1631 1547 1680 1584 At
1704 1549 1782 1585 vero
1802 1550 2021 1595 propaffiones
2043 1551 2106 1584 effe
2125 1548 2195 1593 Cap·
2211 1557 2235 1583 5·

1216 1596 1314 1632 solius
1326 1598 1424 1642 partis
1434 1599 1598 1642 inferioris
1619 1609 1732 1642 motus
1751 1599 1850 1635 docet
1872 1599 1980 1647 lucide
2001 1601 2036 1634 in
2052 1599 2108 1635 eis:
2127 1586 2207 1626 Epist.
2225 1599 2253 1624 ⁹·

1216 1646 1293 1681 dem
1313 1648 1581 1688 commentariis,
1600 1649 1682 1684 &in
1706 1649 1852 1694 Egistola
1862 1649 1904 1684 ad
1916 1650 2085 1689 Salvinam
2097 1677 2104 1683 .

1216 1697 1261 1732 Et
1285 1698 1387 1731 trium
1406 1697 1641 1741 Capitulorum
1661 1698 1873 1745 damnatores
1892 1698 2012 1735 merito
2032 1698 2105 1735 hor-

1215 1757 1349 1782 ruerunt
1356 1746 1580 1791 Theodorum
1593 1748 1886 1793 Mopsuestiensem
1897 1773 1907 1791 a
1930 1750 2020 1793 quod
2035 1751 2105 1795 Do-

1215 1797 1322 1838 mini,
1349 1797 1413 1832 suis
1429 1798 1628 1842 martyribus
1644 1798 1754 1833 dantis
1775 1799 1857 1833 vires
1878 1810 1956 1833 cum
1979 1800 2104 1846 gaudio

1215 1846 1405 1888 moriendi,
1440 1858 1510 1882 non
1550 1860 1684 1893 carnem
1726 1848 1940 1885 solummodo
1956 1875 1968 1892 ‚
1993 1849 2047 1889 sed
2073 1852 2106 1885 ὃ(

1216 1905 1367 1942 ιῃεηῖεῐῃ
1389 1897 1513 1942 diceret
1539 1898 1576 1932 in
1612 1899 1756 1943 paffione
1790 1900 1955 1935 turbatam
1995 1901 2106 1936 formi-

1215 1947 1320 1996 dasse.
1349 1948 1443 1983 Huic
1454 1949 1535 1983 item
1552 1948 1715 1993 principio
1729 1950 1884 1985 innititur
1904 1949 1970 1986 haec
1994 1962 2105 1995 emen-

1213 1997 1306 2032 datio
1318 1996 1454 2043 Leporii
1466 1998 1652 2043 Presbyteri
1671 1999 1854 2036 Gallicani.
1882 2005 1935 2035 Ne
1955 2000 2104 2044 quidinfi-

1209 2052 1338 2090 pientiae
1361 2048 1466 2092 deeffet
1485 2060 1559 2082 meae
1572 2072 1584 2089 ‚
1610 2049 1786 2084 arbitrabar
1803 2054 1966 2085 Domtnum
1977 2057 2009 2084 in
2021 2062 2102 2085 cruce

1214 2099 1353 2131 clamem*
1387 2097 1502 2142 emist‘ffe
1530 2096 1732 2147 sermonem„
1768 2100 1893 2134 Dl-:us
1917 2125 1928 2141 ‚
1966 2100 2101 2136 DEUS

1214 2147 1376 2188 MEUS,
1403 2146 1585 2196 QJARE
1612 2150 1684 2184 ME
1718 2149 2102 2197 DERELlQUISTl?

1214 2197 1310 2241 ,Quod
1328 2197 1466 2239 perfec‘la
1487 2197 1616 2232 hominis
1647 2204 1821 2242 patientia,
1859 2201 1982 2234 minime
2017 2202 2105 2241 adju-

1214 2255 1310 2280 vante
1319 2249 1441 2281 Deitate
1448 2273 1460 2290 ,
1486 2253 1518 2289 in
1528 2254 1626 2284 tantis
1638 2250 1783 2283 doloribus
1790 2250 1974 2293 probaretur
1986 2276 1993 2282 .
2021 2250 2102 2285 Cor-

1214 2296 1292 2341 tigit
1302 2297 1354 2337 se,
1380 2308 1449 2338 non
1471 2298 1514 2334 de
1535 2300 1676 2343 perfetta
1705 2300 1880 2344 adsumptae
1904 2299 2023 2335 mentis
2048 2312 2100 2344 pa-

1213 2345 1328 2381 tientia
1341 2372 1353 2389 ,
1377 2347 1431 2382 sed
1441 2347 1482 2383 de
1494 2348 1656 2391 ejusmodi
1665 2350 1823 2392 patientia
1837 2350 1916 2383 citra
1930 2349 2097 2384 Divinum

1213 2396 1372 2431 auxilium
1383 2408 1439 2441 per
1448 2396 1531 2432 solas
1542 2408 1661 2432 naturae
1680 2397 1761 2432 vires
1784 2410 1912 2440 exerta,
1937 2399 2024 2440 quod
2052 2401 2100 2435 est

1213 2446 1405 2490 nequiffime
1415 2445 1649 2491 pelagianum.
1678 2446 1858 2492 Assumptae
1881 2449 1990 2492 itaque
2010 2460 2102 2484 men·

1212 2496 1254 2530 tis
1273 2495 1425 2530 voluntas
1454 2496 1618 2532 immobili
1638 2496 1832 2533 Divinitatis
1852 2498 2016 2534 voluntati
2039 2500 2103 2535 im-

1212 2545 1348 2581 mobilis
1372 2544 1503 2581 adhaefit
1515 2574 1527 2591 ,
1549 2546 1797 2591 &temporibus
1808 2549 1842 2583 &
1859 2550 1940 2583 locis
1959 2550 2098 2584 invaria-

1213 2606 1268 2638 ta,
1296 2595 1420 2630 nullam
1430 2596 1557 2641 patiens
1578 2597 1818 2634 volubilitatem
1841 2600 2021 2633 affectuum.
2040 2610 2099 2635 aut

1211 2645 1476 2691 cogitationum.
1514 2647 1569 2682 De
1595 2647 1655 2683 ista
1684 2647 1828 2683 Domini
1854 2660 1955 2688 voce,
1987 2653 2095 2691 Deus,

1213 2698 1292 2730 Deus
1317 2707 1400 2730 meus
1433 2721 1444 2738 ,
1469 2708 1562 2741 quare
1586 2709 1633 2733 me
1657 2698 1854 2743 dereliquiffl,
1880 2698 1992 2733 faedius
2016 2710 2096 2734 erra-

1212 2755 1287 2780 runt
1299 2746 1444 2781 Nestorii
1455 2747 1491 2781 in
1502 2747 1662 2791 Hispania
1675 2750 1883 2793 praecursores
1900 2748 2070 2793 pelagiani
2083 2774 2095 2790 ‚

1210 2795 1372 2831 dicentes:
1398 2799 1479 2831 Deus
1501 2799 1603 2839 recefflt
1625 2798 1664 2831 ab
1687 2810 1738 2832 eo.
1767 2799 1888 2842 Eisque
1912 2798 2035 2833 Vitalis
2061 2800 2095 2833 ὅ(

1211 2846 1426 2889 Tonantius,
1464 2847 1618 2892 Episcopi
1647 2846 1850 2889 orthodoxi,
1885 2849 2093 2883 consensere.

1211 2897 1321 2943 Qem
1331 2907 1473 2931 errorem
1483 2899 1599 2933 acriter
1609 2923 1620 2939 ‚
1646 2899 1680 2933 &
1693 2896 1809 2932 merito
1822 2922 1834 2939 ,
1859 2908 2026 2943 expugnat
2038 2897 2096 2933 da-

1211 2946 1251 2980 tis
1272 2946 1314 2981 ad
1338 2958 1396 2982 eos
1415 2946 1530 2982 litteris
1561 2948 1739 2992 Capreolus
1771 2945 1875 2981 Archi
1889 2947 2093 2993 -Episcopus

1211 2994 1475 3042 Carthaginenlis
1487 3021 1498 3038 ,
1525 3010 1586 3032 nec
1607 3009 1675 3031 non
1687 2997 1821 3031 Sanstus
1831 2997 1902 3032 Leo
1913 2997 1946 3032 in
1959 2997 2092 3033 decimo

1211 3046 1348 3090 septimo
1359 3048 1506 3081 sermone
1516 3047 1557 3082 de
1568 3047 1746 3081 Dominica
1768 3046 1929 3090 pastione.
1959 3047 2091 3082 Vocem

1209 3096 1373 3142 eleganter
1392 3098 1528 3139 exponit
1548 3096 1774 3131 Tertullianus
1802 3098 1836 3130 in
1870 3096 1955 3132 libro
1980 3098 2092 3133 adver-

1210 3147 1262 3181 sus
1284 3145 1458 3180 Praxeam.
1484 3150 1558 3179 Non
1578 3148 1695 3189 reliquit
1716 3149 1811 3180 Pater
1831 3148 1964 3189 Filium,
1991 3153 2025 3182 in
2044 3158 2091 3181 cu·
2110 3148 2239 3187 Cap-30.

1203 3199 1257 3238 jus
1279 3195 1414 3229 manibus
1437 3197 1533 3229 Filius
1552 3195 1893 3241 Spiritumsuumpofiait
1906 3221 1917 3237 ,
1941 3198 2089 3238 &statim

1209 3247 1299 3287 objit.
1324 3250 1374 3278 Ita
1390 3245 1516 3288 relinqui
1533 3246 1555 3278 ἃ
1567 3248 1661 3280 Patre
1682 3253 1756 3280 mort
1769 3247 1839 3290 fuit
1861 3249 1961 3281 Filio.
1984 3249 2088 3282 Tunc

1210 3296 1331 3330 Filium
1343 3295 1440 3330 Pater
1449 3294 1641 3339 dereliquit,
1666 3297 1743 3331 cum
1766 3297 1957 3341 adimplevit
1981 3296 2090 3343 praedi-

1210 3347 1352 3380 &ionem
1363 3345 1462 3380 Esaiae
1472 3346 1659 3390 Prophetae:
1688 3350 1771 3380 Eum
1795 3348 1924 3381 tradidit
1946 3356 2003 3391 pro
2017 3348 2090 3380 dell-

1209 3395 1264 3428 c‘lis
1277 3394 1395 3436 nostris.
1424 3396 1467 3431 Et
1481 3395 1633 3441 Apostoli
1654 3397 1936 3441 praedicationem:
1966 3400 2090 3438 Propria

1213 3447 1292 3479 Filio
1312 3452 1523 3490 nonpeperclt.
1551 3447 1774 3492 Derelinquia
1800 3447 1896 3482 Patre
1913 3447 1976 3481 fuit
1999 3444 2086 3480 hanc

1968 3506 2039 3530 ora-

2111 347 2167 374 Ser.
2193 348 2235 374 16·

2151 396 2175 420 7.

2119 689 2255 729 Epist-11.

2122 1041 2195 1078 Cap.
2210 1042 2255 1068 26.
