<?xml version="1.0" encoding="UTF-8"?>
<!DOCTYPE html PUBLIC "-//W3C//DTD XHTML 1.0 Transitional//EN"
    "http://www.w3.org/TR/xhtml1/DTD/xhtml1-transitional.dtd">
<html xmlns="http://www.w3.org/1999/xhtml" xml:lang="en" lang="en">
 <head>
  <title>
</title>
<meta http-equiv="Content-Type" content="text/html;charset=utf-8" />
  <meta name='ocr-system' content='tesseract 3.04.00' />
  <meta name='ocr-capabilities' content='ocr_page ocr_carea ocr_par ocr_line ocrx_word'/>
</head>
<body>
  <div class='ocr_page' id='page_1' title='image "./operaomniastudio03lupuuoft/operaomniastudio03lupuuoft_0380.png"; bbox 0 0 2340 3762; ppageno 0'>
   <div class='ocr_carea' id='block_1_1' title="bbox 130 384 268 423">
    <p class='ocr_par' dir='ltr' id='par_1_1' title="bbox 130 384 268 423">
     <span class='ocr_line' id='line_1_1' title="bbox 130 384 268 423; baseline 0.014 -7"><span class='ocrx_word' id='word_1_1' title='bbox 130 384 205 423; x_wconf 80' lang='lat' dir='ltr'>Epist</span> <span class='ocrx_word' id='word_1_2' title='bbox 214 398 268 418; x_wconf 85' lang='lat' dir='ltr'>.1o.</span> 
     </span>
    </p>
   </div>
   <div class='ocr_carea' id='block_1_2' title="bbox 245 549 1187 596">
    <p class='ocr_par' dir='ltr' id='par_1_2' title="bbox 245 549 1187 596">
     <span class='ocr_line' id='line_1_2' title="bbox 245 549 1187 596; baseline -0.002 -8"><span class='ocrx_word' id='word_1_3' title='bbox 245 560 250 565; x_wconf 73' lang='grc'>“</span> <span class='ocrx_word' id='word_1_4' title='bbox 296 555 385 596; x_wconf 86' lang='lat' dir='ltr'>stium</span> <span class='ocrx_word' id='word_1_5' title='bbox 407 563 464 585; x_wconf 88' lang='lat' dir='ltr'>non</span> <span class='ocrx_word' id='word_1_6' title='bbox 480 556 596 592; x_wconf 84' lang='lat' dir='ltr'>poterit</span> <span class='ocrx_word' id='word_1_7' title='bbox 617 551 669 594; x_wconf 85' lang='lat' dir='ltr'>effe</span> <span class='ocrx_word' id='word_1_8' title='bbox 682 554 851 596; x_wconf 81' lang='lat' dir='ltr'>Regnorum</span> <span class='ocrx_word' id='word_1_9' title='bbox 863 575 874 591; x_wconf 93' lang='lat'>‚</span> <span class='ocrx_word' id='word_1_10' title='bbox 900 557 933 586; x_wconf 76' lang='lat' dir='ltr'>tn</span> <span class='ocrx_word' id='word_1_11' title='bbox 943 564 1010 594; x_wconf 83' lang='lat' dir='ltr'>quae</span> <span class='ocrx_word' id='word_1_12' title='bbox 1022 549 1122 586; x_wconf 81' lang='lat' dir='ltr'>nullus</span> <span class='ocrx_word' id='word_1_13' title='bbox 1127 550 1187 592; x_wconf 86' lang='lat' dir='ltr'>fine</span> 
     </span>
    </p>
   </div>
   <div class='ocr_carea' id='block_1_3' title="bbox 146 2614 287 2687">
    <p class='ocr_par' dir='ltr' id='par_1_3' title="bbox 146 2614 287 2687">
     <span class='ocr_line' id='line_1_3' title="bbox 146 2614 287 2654; baseline -0.014 -7"><span class='ocrx_word' id='word_1_14' title='bbox 146 2614 230 2654; x_wconf 81' lang='lat' dir='ltr'>Epist.</span> <span class='ocrx_word' id='word_1_15' title='bbox 241 2625 287 2645; x_wconf 62' lang='grc' dir='ltr'>ιο»</span> 
     </span>
     <span class='ocr_line' id='line_1_4' title="bbox 148 2660 225 2687; baseline -0.013 0"><span class='ocrx_word' id='word_1_16' title='bbox 148 2667 173 2687; x_wconf 88' lang='lat' dir='ltr'>c.</span> <span class='ocrx_word' id='word_1_17' title='bbox 198 2660 225 2686; x_wconf 79' lang='lat'>6.</span> 
     </span>
    </p>
   </div>
   <div class='ocr_carea' id='block_1_4' title="bbox 381 128 475 175">
    <p class='ocr_par' dir='ltr' id='par_1_4' title="bbox 381 128 475 175">
     <span class='ocr_line' id='line_1_5' title="bbox 381 128 475 175; baseline 0.011 -13"><span class='ocrx_word' id='word_1_18' title='bbox 381 128 475 175; x_wconf 83' lang='lat'>362</span> 
     </span>
    </p>
   </div>
   <div class='ocr_carea' id='block_1_5' title="bbox 303 201 1191 546">
    <p class='ocr_par' dir='ltr' id='par_1_5' title="bbox 303 201 1191 546">
     <span class='ocr_line' id='line_1_6' title="bbox 307 201 1187 244; baseline -0.002 -8"><span class='ocrx_word' id='word_1_19' title='bbox 307 204 396 236; x_wconf 66' lang='lat' dir='ltr'>&amp;um</span> <span class='ocrx_word' id='word_1_20' title='bbox 407 202 557 236; x_wconf 82' lang='lat' dir='ltr'>Leonem</span> <span class='ocrx_word' id='word_1_21' title='bbox 570 201 765 238; x_wconf 88' lang='lat' dir='ltr'>Pontificem</span> <span class='ocrx_word' id='word_1_22' title='bbox 779 228 790 244; x_wconf 92' lang='lat'>,</span> <span class='ocrx_word' id='word_1_23' title='bbox 815 203 984 238; x_wconf 82' lang='lat' dir='ltr'>damnavit</span> <span class='ocrx_word' id='word_1_24' title='bbox 996 212 1116 244; x_wconf 88' lang='lat' dir='ltr'>magna</span> <span class='ocrx_word' id='word_1_25' title='bbox 1129 202 1187 243; x_wconf 88' lang='lat' dir='ltr'>Sy-</span> 
     </span>
     <span class='ocr_line' id='line_1_7' title="bbox 307 249 1189 301; baseline -0.003 -15"><span class='ocrx_word' id='word_1_26' title='bbox 307 251 417 286; x_wconf 88' lang='lat' dir='ltr'>nodus</span> <span class='ocrx_word' id='word_1_27' title='bbox 444 250 722 287; x_wconf 78' lang='lat' dir='ltr'>Chalcedonensis</span> <span class='ocrx_word' id='word_1_28' title='bbox 743 280 750 286; x_wconf 88' lang='lat'><em>.</em></span> <span class='ocrx_word' id='word_1_29' title='bbox 790 254 835 285; x_wconf 90' lang='lat' dir='ltr'>Et</span> <span class='ocrx_word' id='word_1_30' title='bbox 855 251 895 284; x_wconf 89' lang='lat' dir='ltr'>ad</span> <span class='ocrx_word' id='word_1_31' title='bbox 917 251 1044 301; x_wconf 76' lang='lat' dir='ltr'>Rufum</span> <span class='ocrx_word' id='word_1_32' title='bbox 1070 249 1189 284; x_wconf 85' lang='lat' dir='ltr'>Archi-</span> 
     </span>
     <span class='ocr_line' id='line_1_8' title="bbox 306 296 1187 346; baseline -0.002 -10"><span class='ocrx_word' id='word_1_33' title='bbox 306 303 509 346; x_wconf 81' lang='lat' dir='ltr'>Episcopum</span> <span class='ocrx_word' id='word_1_34' title='bbox 530 296 851 339; x_wconf 77' lang='lat' dir='ltr'>Thessalonicensem</span> <span class='ocrx_word' id='word_1_35' title='bbox 876 323 887 338; x_wconf 91' lang='lat'><strong>,</strong></span> <span class='ocrx_word' id='word_1_36' title='bbox 912 300 1008 342; x_wconf 85' lang='lat' dir='ltr'>eique</span> <span class='ocrx_word' id='word_1_37' title='bbox 1029 300 1187 342; x_wconf 64' lang='lat' dir='ltr'>subjectos</span> 
     </span>
     <span class='ocr_line' id='line_1_9' title="bbox 304 347 1191 397; baseline -0.003 -10"><span class='ocrx_word' id='word_1_38' title='bbox 304 354 443 387; x_wconf 69' lang='lat' dir='ltr'>universi</span> <span class='ocrx_word' id='word_1_39' title='bbox 454 353 585 397; x_wconf 78' lang='lat' dir='ltr'>-lllyrici</span> <span class='ocrx_word' id='word_1_40' title='bbox 600 353 779 394; x_wconf 87' lang='lat' dir='ltr'>Episcopos</span> <span class='ocrx_word' id='word_1_41' title='bbox 792 347 901 383; x_wconf 82' lang='lat' dir='ltr'>scribit</span> <span class='ocrx_word' id='word_1_42' title='bbox 922 351 1058 384; x_wconf 62' lang='lat' dir='ltr'>Sanctus</span> <span class='ocrx_word' id='word_1_43' title='bbox 1074 351 1191 385; x_wconf 82' lang='lat' dir='ltr'>Ponti·</span> 
     </span>
     <span class='ocr_line' id='line_1_10' title="bbox 305 398 1187 445; baseline -0.002 -9"><span class='ocrx_word' id='word_1_44' title='bbox 305 403 561 440; x_wconf 66' lang='lat' dir='ltr'>festonifacius</span> <span class='ocrx_word' id='word_1_45' title='bbox 574 402 708 443; x_wconf 85' lang='lat' dir='ltr'>primus.</span> <span class='ocrx_word' id='word_1_46' title='bbox 738 400 829 440; x_wconf 83' lang='lat' dir='ltr'><em>Apud</em></span> <span class='ocrx_word' id='word_1_47' title='bbox 837 398 1029 434; x_wconf 89' lang='lat' dir='ltr'>Romanum</span> <span class='ocrx_word' id='word_1_48' title='bbox 1055 401 1187 445; x_wconf 86' lang='lat' dir='ltr'>Episco-</span> 
     </span>
     <span class='ocr_line' id='line_1_11' title="bbox 306 449 1187 498; baseline -0.005 -11"><span class='ocrx_word' id='word_1_49' title='bbox 306 465 384 498; x_wconf 88' lang='lat' dir='ltr'>pum</span> <span class='ocrx_word' id='word_1_50' title='bbox 397 454 530 494; x_wconf 76' lang='lat' dir='ltr'>christus</span> <span class='ocrx_word' id='word_1_51' title='bbox 548 450 638 490; x_wconf 85' lang='lat' dir='ltr'>noster</span> <span class='ocrx_word' id='word_1_52' title='bbox 657 451 819 482; x_wconf 73' lang='lat' dir='ltr'>sacerdotii</span> <span class='ocrx_word' id='word_1_53' title='bbox 827 449 976 492; x_wconf 82' lang='lat' dir='ltr'>summam</span> <span class='ocrx_word' id='word_1_54' title='bbox 995 452 1106 486; x_wconf 84' lang='lat' dir='ltr'>locavit</span> <span class='ocrx_word' id='word_1_55' title='bbox 1118 477 1129 492; x_wconf 87' lang='lat'><strong>,</strong></span> <span class='ocrx_word' id='word_1_56' title='bbox 1154 457 1187 484; x_wconf 84' lang='lat' dir='ltr'>in</span> 
     </span>
     <span class='ocr_line' id='line_1_12' title="bbox 303 498 1187 546; baseline -0.006 -7"><span class='ocrx_word' id='word_1_57' title='bbox 303 506 388 546; x_wconf 84' lang='lat' dir='ltr'>cujus</span> <span class='ocrx_word' id='word_1_58' title='bbox 401 502 603 537; x_wconf 83' lang='lat' dir='ltr'>contumeliam</span> <span class='ocrx_word' id='word_1_59' title='bbox 615 501 748 545; x_wconf 79' lang='lat' dir='ltr'>quisquis</span> <span class='ocrx_word' id='word_1_60' title='bbox 762 498 890 546; x_wconf 80' lang='lat' dir='ltr'><em>insurgit</em></span> <span class='ocrx_word' id='word_1_61' title='bbox 903 525 914 542; x_wconf 91' lang='lat'>‚</span> <span class='ocrx_word' id='word_1_62' title='bbox 939 500 1094 534; x_wconf 83' lang='lat' dir='ltr'>habitator</span> <span class='ocrx_word' id='word_1_63' title='bbox 1107 503 1187 535; x_wconf 81' lang='lat' dir='ltr'>coele-</span> 
     </span>
    </p>
   </div>
   <div class='ocr_carea' id='block_1_6' title="bbox 255 601 1206 3354">
    <p class='ocr_par' dir='ltr' id='par_1_6' title="bbox 296 601 1193 1090">
     <span class='ocr_line' id='line_1_13' title="bbox 299 601 1186 650; baseline 0.001 -14"><span class='ocrx_word' id='word_1_64' title='bbox 299 609 402 650; x_wconf 77' lang='lat' dir='ltr'>gratia</span> <span class='ocrx_word' id='word_1_65' title='bbox 423 603 570 642; x_wconf 69' lang='lat' dir='ltr'>janitoris</span> <span class='ocrx_word' id='word_1_66' title='bbox 593 601 721 635; x_wconf 76' lang='lat' dir='ltr'>intrabit</span> <span class='ocrx_word' id='word_1_67' title='bbox 739 626 746 632; x_wconf 91' lang='lat'><strong>.</strong></span> <span class='ocrx_word' id='word_1_68' title='bbox 786 602 830 634; x_wconf 85' lang='lat' dir='ltr'>Er.</span> <span class='ocrx_word' id='word_1_69' title='bbox 853 602 987 635; x_wconf 78' lang='lat' dir='ltr'>inferius</span> <span class='ocrx_word' id='word_1_70' title='bbox 1012 603 1048 636; x_wconf 87' lang='lat' dir='ltr'>in</span> <span class='ocrx_word' id='word_1_71' title='bbox 1073 603 1186 637; x_wconf 85' lang='lat' dir='ltr'>eadem</span> 
     </span>
     <span class='ocr_line' id='line_1_14' title="bbox 302 651 1188 696; baseline 0.001 -11"><span class='ocrx_word' id='word_1_72' title='bbox 302 651 471 696; x_wconf 76' lang='lat' dir='ltr'>Epistola:</span> <span class='ocrx_word' id='word_1_73' title='bbox 502 656 598 684; x_wconf 89' lang='lat' dir='ltr'>Nemo</span> <span class='ocrx_word' id='word_1_74' title='bbox 609 663 741 696; x_wconf 86' lang='lat' dir='ltr'>unquam</span> <span class='ocrx_word' id='word_1_75' title='bbox 753 651 906 694; x_wconf 66' lang='lat' dir='ltr'>apostolico</span> <span class='ocrx_word' id='word_1_76' title='bbox 916 653 1059 693; x_wconf 80' lang='lat' dir='ltr'>culmini,</span> <span class='ocrx_word' id='word_1_77' title='bbox 1085 655 1122 686; x_wconf 81' lang='lat' dir='ltr'>de</span> <span class='ocrx_word' id='word_1_78' title='bbox 1142 664 1188 685; x_wconf 68' lang='lat' dir='ltr'>cu-</span> 
     </span>
     <span class='ocr_line' id='line_1_15' title="bbox 296 702 1187 745; baseline 0 -10"><span class='ocrx_word' id='word_1_79' title='bbox 296 706 353 745; x_wconf 86' lang='lat' dir='ltr'>jus</span> <span class='ocrx_word' id='word_1_80' title='bbox 359 703 475 743; x_wconf 84' lang='lat' dir='ltr'>judicio</span> <span class='ocrx_word' id='word_1_81' title='bbox 485 713 542 735; x_wconf 89' lang='lat' dir='ltr'>non</span> <span class='ocrx_word' id='word_1_82' title='bbox 550 703 617 735; x_wconf 83' lang='lat' dir='ltr'>licet</span> <span class='ocrx_word' id='word_1_83' title='bbox 629 702 808 741; x_wconf 72' lang='lat' dir='ltr'>retrac‘lari,</span> <span class='ocrx_word' id='word_1_84' title='bbox 836 714 944 735; x_wconf 85' lang='lat' dir='ltr'>manus</span> <span class='ocrx_word' id='word_1_85' title='bbox 967 703 1071 743; x_wconf 66' lang='lat' dir='ltr'>obvias</span> <span class='ocrx_word' id='word_1_86' title='bbox 1095 704 1187 737; x_wconf 82' lang='lat' dir='ltr'>auda-</span> 
     </span>
     <span class='ocr_line' id='line_1_16' title="bbox 303 752 1188 796; baseline 0.002 -10"><span class='ocrx_word' id='word_1_87' title='bbox 303 753 364 786; x_wconf 66' lang='lat' dir='ltr'>Her</span> <span class='ocrx_word' id='word_1_88' title='bbox 374 753 495 793; x_wconf 86' lang='lat' dir='ltr'>intulit,</span> <span class='ocrx_word' id='word_1_89' title='bbox 525 764 609 786; x_wconf 88' lang='lat' dir='ltr'>nemo</span> <span class='ocrx_word' id='word_1_90' title='bbox 621 758 653 784; x_wconf 82' lang='lat' dir='ltr'>in</span> <span class='ocrx_word' id='word_1_91' title='bbox 667 752 717 786; x_wconf 84' lang='lat' dir='ltr'>boc</span> <span class='ocrx_word' id='word_1_92' title='bbox 727 752 843 785; x_wconf 83' lang='lat' dir='ltr'>rebellis</span> <span class='ocrx_word' id='word_1_93' title='bbox 855 753 968 793; x_wconf 80' lang='lat' dir='ltr'>exstitit</span> <span class='ocrx_word' id='word_1_94' title='bbox 980 776 990 791; x_wconf 88' lang='lat'>‚</span> <span class='ocrx_word' id='word_1_95' title='bbox 1015 752 1072 796; x_wconf 79' lang='lat' dir='ltr'>nist</span> <span class='ocrx_word' id='word_1_96' title='bbox 1085 756 1188 796; x_wconf 84' lang='lat' dir='ltr'>quide</span> 
     </span>
     <span class='ocr_line' id='line_1_17' title="bbox 298 801 1185 848; baseline 0.001 -11"><span class='ocrx_word' id='word_1_97' title='bbox 298 802 599 847; x_wconf 82' lang='lat' dir='ltr'>sevoluitjudicari.</span> <span class='ocrx_word' id='word_1_98' title='bbox 628 803 742 837; x_wconf 82' lang='lat' dir='ltr'>Latuit</span> <span class='ocrx_word' id='word_1_99' title='bbox 754 801 819 836; x_wconf 90' lang='lat' dir='ltr'>huc</span> <span class='ocrx_word' id='word_1_100' title='bbox 833 804 934 847; x_wconf 91' lang='lat' dir='ltr'>usque</span> <span class='ocrx_word' id='word_1_101' title='bbox 955 802 1013 837; x_wconf 88' lang='lat' dir='ltr'>ista</span> <span class='ocrx_word' id='word_1_102' title='bbox 1035 816 1090 848; x_wconf 88' lang='lat' dir='ltr'>per</span> <span class='ocrx_word' id='word_1_103' title='bbox 1111 805 1185 838; x_wconf 86' lang='lat' dir='ltr'>San-</span> 
     </span>
     <span class='ocr_line' id='line_1_18' title="bbox 303 853 1186 898; baseline 0 -10"><span class='ocrx_word' id='word_1_104' title='bbox 303 856 392 888; x_wconf 66' lang='lat' dir='ltr'>stum</span> <span class='ocrx_word' id='word_1_105' title='bbox 405 854 606 888; x_wconf 85' lang='lat' dir='ltr'>Pontificem</span> <span class='ocrx_word' id='word_1_106' title='bbox 618 853 798 887; x_wconf 87' lang='lat' dir='ltr'>Nicolaum</span> <span class='ocrx_word' id='word_1_107' title='bbox 808 853 907 887; x_wconf 85' lang='lat' dir='ltr'>etiarn</span> <span class='ocrx_word' id='word_1_108' title='bbox 919 854 1049 888; x_wconf 89' lang='lat' dir='ltr'>laudata</span> <span class='ocrx_word' id='word_1_109' title='bbox 1063 855 1186 898; x_wconf 88' lang='lat' dir='ltr'>Episto-</span> 
     </span>
     <span class='ocr_line' id='line_1_19' title="bbox 303 904 1187 948; baseline 0.001 -10"><span class='ocrx_word' id='word_1_110' title='bbox 303 905 357 946; x_wconf 83' lang='lat' dir='ltr'>la,</span> <span class='ocrx_word' id='word_1_111' title='bbox 384 914 621 948; x_wconf 84' lang='lat' dir='ltr'>magnonuper</span> <span class='ocrx_word' id='word_1_112' title='bbox 647 904 1084 939; x_wconf 83' lang='lat' dir='ltr'>Ecclefiasticaeeruditionis</span> <span class='ocrx_word' id='word_1_113' title='bbox 1097 904 1187 939; x_wconf 91' lang='lat' dir='ltr'>bono</span> 
     </span>
     <span class='ocr_line' id='line_1_20' title="bbox 302 953 1188 998; baseline 0.001 -10"><span class='ocrx_word' id='word_1_114' title='bbox 302 966 358 998; x_wconf 90' lang='lat' dir='ltr'>per</span> <span class='ocrx_word' id='word_1_115' title='bbox 384 953 631 988; x_wconf 82' lang='lat' dir='ltr'>illustrissimum</span> <span class='ocrx_word' id='word_1_116' title='bbox 658 954 784 992; x_wconf 85' lang='lat' dir='ltr'>Lucam</span> <span class='ocrx_word' id='word_1_117' title='bbox 821 954 1036 993; x_wconf 82' lang='lat' dir='ltr'>Holsteniutn</span> <span class='ocrx_word' id='word_1_118' title='bbox 1071 956 1188 991; x_wconf 86' lang='lat' dir='ltr'>Romae</span> 
     </span>
     <span class='ocr_line' id='line_1_21' title="bbox 303 1004 1193 1049; baseline 0.002 -12"><span class='ocrx_word' id='word_1_119' title='bbox 303 1004 451 1049; x_wconf 64' lang='lat' dir='ltr'>vulgata..</span> <span class='ocrx_word' id='word_1_120' title='bbox 1189 1035 1193 1039; x_wconf 92' lang='lat'>.</span> 
     </span>
     <span class='ocr_line' id='line_1_22' title="bbox 322 1053 1186 1090; baseline 0 0"><span class='ocrx_word' id='word_1_121' title='bbox 322 1071 330 1080; x_wconf 93' lang='lat'><strong>·</strong></span> <span class='ocrx_word' id='word_1_122' title='bbox 353 1056 406 1090; x_wconf 85' lang='lat' dir='ltr'>Ex</span> <span class='ocrx_word' id='word_1_123' title='bbox 427 1053 535 1088; x_wconf 85' lang='lat' dir='ltr'>.hisce</span> <span class='ocrx_word' id='word_1_124' title='bbox 571 1054 797 1089; x_wconf 78' lang='lat' dir='ltr'>fundamentis</span> <span class='ocrx_word' id='word_1_125' title='bbox 831 1053 990 1089; x_wconf 88' lang='lat' dir='ltr'>Photium</span> <span class='ocrx_word' id='word_1_126' title='bbox 1026 1055 1186 1090; x_wconf 86' lang='lat' dir='ltr'>temerarii</span> 
     </span>
    </p>

    <p class='ocr_par' dir='ltr' id='par_1_7' title="bbox 255 1102 1206 3252">
     <span class='ocr_line' id='line_1_23' title="bbox 303 1102 1188 1148; baseline 0.002 -10"><span class='ocrx_word' id='word_1_127' title='bbox 303 1102 487 1140; x_wconf 85' lang='lat' dir='ltr'>schismatis</span> <span class='ocrx_word' id='word_1_128' title='bbox 495 1105 659 1139; x_wconf 65' lang='lat' dir='ltr'>auctorem</span> <span class='ocrx_word' id='word_1_129' title='bbox 670 1104 818 1138; x_wconf 84' lang='lat' dir='ltr'>damnari</span> <span class='ocrx_word' id='word_1_130' title='bbox 833 1127 844 1143; x_wconf 94' lang='lat'>,</span> <span class='ocrx_word' id='word_1_131' title='bbox 854 1105 887 1137; x_wconf 69' lang='grc' dir='ltr'>ὃς</span> <span class='ocrx_word' id='word_1_132' title='bbox 900 1105 966 1137; x_wconf 87' lang='lat' dir='ltr'>fine</span> <span class='ocrx_word' id='word_1_133' title='bbox 976 1106 1188 1148; x_wconf 80' lang='lat' dir='ltr'>reparationis</span> 
     </span>
     <span class='ocr_line' id='line_1_24' title="bbox 302 1153 1188 1203; baseline 0.001 -14"><span class='ocrx_word' id='word_1_134' title='bbox 302 1155 357 1198; x_wconf 89' lang='lat' dir='ltr'>spe</span> <span class='ocrx_word' id='word_1_135' title='bbox 370 1154 540 1200; x_wconf 88' lang='lat' dir='ltr'>degradari</span> <span class='ocrx_word' id='word_1_136' title='bbox 554 1153 655 1198; x_wconf 76' lang='lat' dir='ltr'>longe</span> <span class='ocrx_word' id='word_1_137' title='bbox 666 1153 891 1197; x_wconf 79' lang='lat' dir='ltr'>dignissimum</span> <span class='ocrx_word' id='word_1_138' title='bbox 914 1153 1072 1197; x_wconf 84' lang='lat' dir='ltr'>judicavit</span> <span class='ocrx_word' id='word_1_139' title='bbox 1084 1157 1188 1203; x_wconf 85' lang='lat' dir='ltr'>Syno-</span> 
     </span>
     <span class='ocr_line' id='line_1_25' title="bbox 303 1202 1188 1248; baseline 0.002 -10"><span class='ocrx_word' id='word_1_140' title='bbox 303 1206 384 1243; x_wconf 83' lang='lat' dir='ltr'>dus,</span> <span class='ocrx_word' id='word_1_141' title='bbox 409 1215 467 1247; x_wconf 85' lang='lat' dir='ltr'>pro</span> <span class='ocrx_word' id='word_1_142' title='bbox 484 1204 654 1246; x_wconf 83' lang='lat' dir='ltr'>Episcopis</span> <span class='ocrx_word' id='word_1_143' title='bbox 679 1204 713 1237; x_wconf 75' lang='grc' dir='ltr'>ἀ</span> <span class='ocrx_word' id='word_1_144' title='bbox 726 1202 865 1238; x_wconf 83' lang='lat' dir='ltr'>Clericis</span> <span class='ocrx_word' id='word_1_145' title='bbox 877 1204 918 1238; x_wconf 90' lang='lat' dir='ltr'>ab</span> <span class='ocrx_word' id='word_1_146' title='bbox 930 1206 999 1248; x_wconf 90' lang='lat' dir='ltr'>ipso</span> <span class='ocrx_word' id='word_1_147' title='bbox 1010 1205 1188 1248; x_wconf 85' lang='lat' dir='ltr'>ordinatis,</span> 
     </span>
     <span class='ocr_line' id='line_1_26' title="bbox 304 1252 1187 1299; baseline 0.003 -11"><span class='ocrx_word' id='word_1_148' title='bbox 304 1255 462 1299; x_wconf 55' lang='lat' dir='ltr'>semilis,</span> <span class='ocrx_word' id='word_1_149' title='bbox 488 1265 543 1288; x_wconf 91' lang='lat' dir='ltr'>aut</span> <span class='ocrx_word' id='word_1_150' title='bbox 554 1254 673 1298; x_wconf 89' lang='lat' dir='ltr'>quovis</span> <span class='ocrx_word' id='word_1_151' title='bbox 693 1254 797 1288; x_wconf 89' lang='lat' dir='ltr'>modo</span> <span class='ocrx_word' id='word_1_152' title='bbox 819 1254 853 1288; x_wconf 90' lang='lat' dir='ltr'>in</span> <span class='ocrx_word' id='word_1_153' title='bbox 866 1255 934 1298; x_wconf 85' lang='lat' dir='ltr'>ejus</span> <span class='ocrx_word' id='word_1_154' title='bbox 955 1252 1090 1290; x_wconf 84' lang='lat' dir='ltr'>schisma</span> <span class='ocrx_word' id='word_1_155' title='bbox 1102 1257 1187 1291; x_wconf 90' lang='lat' dir='ltr'>dela·</span> 
     </span>
     <span class='ocr_line' id='line_1_27' title="bbox 304 1305 1188 1350; baseline 0.003 -13"><span class='ocrx_word' id='word_1_156' title='bbox 304 1305 365 1348; x_wconf 85' lang='lat' dir='ltr'>pfis</span> <span class='ocrx_word' id='word_1_157' title='bbox 380 1305 588 1348; x_wconf 87' lang='lat' dir='ltr'>supplicans:</span> <span class='ocrx_word' id='word_1_158' title='bbox 617 1307 743 1341; x_wconf 83' lang='lat' dir='ltr'>Domine</span> <span class='ocrx_word' id='word_1_159' title='bbox 753 1305 908 1345; x_wconf 78' lang='lat' dir='ltr'>beatiffime</span> <span class='ocrx_word' id='word_1_160' title='bbox 921 1309 1031 1348; x_wconf 82' lang='lat' dir='ltr'>Papa,-</span> <span class='ocrx_word' id='word_1_161' title='bbox 1057 1308 1091 1340; x_wconf 64' lang='grc' dir='ltr'>ὠ·</span> <span class='ocrx_word' id='word_1_162' title='bbox 1116 1312 1188 1350; x_wconf 75' lang='grc' dir='ltr'>Δρο-</span> 
     </span>
     <span class='ocr_line' id='line_1_28' title="bbox 299 1352 1188 1399; baseline 0.003 -12"><span class='ocrx_word' id='word_1_163' title='bbox 299 1354 395 1397; x_wconf 72' lang='lat' dir='ltr'>stolice</span> <span class='ocrx_word' id='word_1_164' title='bbox 411 1353 527 1398; x_wconf 79' lang='lat' dir='ltr'>summe</span> <span class='ocrx_word' id='word_1_165' title='bbox 554 1352 675 1397; x_wconf 71' lang='lat' dir='ltr'>Praesul</span> <span class='ocrx_word' id='word_1_166' title='bbox 697 1356 732 1388; x_wconf 69' lang='lat'>(⁸5</span> <span class='ocrx_word' id='word_1_167' title='bbox 758 1355 921 1397; x_wconf 83' lang='lat' dir='ltr'>Pontifex,</span> <span class='ocrx_word' id='word_1_168' title='bbox 948 1368 1047 1390; x_wconf 85' lang='lat' dir='ltr'>omnes</span> <span class='ocrx_word' id='word_1_169' title='bbox 1062 1365 1121 1399; x_wconf 86' lang='lat' dir='ltr'>pro</span> <span class='ocrx_word' id='word_1_170' title='bbox 1140 1357 1188 1391; x_wconf 87' lang='lat' dir='ltr'>his</span> 
     </span>
     <span class='ocr_line' id='line_1_29' title="bbox 305 1404 1190 1450; baseline 0.002 -11"><span class='ocrx_word' id='word_1_171' title='bbox 305 1417 443 1449; x_wconf 78' lang='lat' dir='ltr'><em>rogamus</em></span> <span class='ocrx_word' id='word_1_172' title='bbox 461 1430 471 1446; x_wconf 90' lang='lat'>‚</span> <span class='ocrx_word' id='word_1_173' title='bbox 498 1416 596 1438; x_wconf 86' lang='lat' dir='ltr'>omnes</span> <span class='ocrx_word' id='word_1_174' title='bbox 620 1410 801 1438; x_wconf 81' lang='lat' dir='ltr'>unanimiter</span> <span class='ocrx_word' id='word_1_175' title='bbox 823 1404 1005 1448; x_wconf 80' lang='lat' dir='ltr'>obsecramus</span> <span class='ocrx_word' id='word_1_176' title='bbox 1027 1431 1037 1447; x_wconf 88' lang='lat'>‚</span> <span class='ocrx_word' id='word_1_177' title='bbox 1062 1406 1190 1450; x_wconf 76' lang='lat' dir='ltr'>subveni</span> 
     </span>
     <span class='ocr_line' id='line_1_30' title="bbox 305 1453 1189 1498; baseline 0.003 -9"><span class='ocrx_word' id='word_1_178' title='bbox 305 1455 441 1498; x_wconf 82' lang='lat' dir='ltr'>miseris,</span> <span class='ocrx_word' id='word_1_179' title='bbox 468 1461 545 1498; x_wconf 86' lang='lat' dir='ltr'>erige</span> <span class='ocrx_word' id='word_1_180' title='bbox 553 1453 651 1496; x_wconf 82' lang='lat' dir='ltr'>lapsos</span> <span class='ocrx_word' id='word_1_181' title='bbox 665 1478 676 1493; x_wconf 89' lang='lat'><strong>,</strong></span> <span class='ocrx_word' id='word_1_182' title='bbox 701 1454 974 1498; x_wconf 64' lang='lat' dir='ltr'>&amp;refipifientibus</span> <span class='ocrx_word' id='word_1_183' title='bbox 993 1458 1113 1490; x_wconf 83' lang='lat' dir='ltr'>concede</span> <span class='ocrx_word' id='word_1_184' title='bbox 1138 1469 1189 1492; x_wconf 81' lang='lat' dir='ltr'>ve-</span> 
     </span>
     <span class='ocr_line' id='line_1_31' title="bbox 307 1503 1190 1547; baseline 0.003 -9"><span class='ocrx_word' id='word_1_185' title='bbox 307 1512 390 1538; x_wconf 80' lang='lat' dir='ltr'>niam</span> <span class='ocrx_word' id='word_1_186' title='bbox 416 1507 450 1538; x_wconf 55' lang='grc' dir='ltr'>(Ψ</span> <span class='ocrx_word' id='word_1_187' title='bbox 462 1503 680 1547; x_wconf 71' lang='lat' dir='ltr'>miserationem</span> <span class='ocrx_word' id='word_1_188' title='bbox 693 1529 703 1545; x_wconf 89' lang='lat'>‚</span> <span class='ocrx_word' id='word_1_189' title='bbox 731 1516 823 1547; x_wconf 86' lang='lat' dir='ltr'>quam</span> <span class='ocrx_word' id='word_1_190' title='bbox 844 1517 901 1538; x_wconf 91' lang='lat' dir='ltr'>non</span> <span class='ocrx_word' id='word_1_191' title='bbox 913 1514 1062 1539; x_wconf 88' lang='lat' dir='ltr'>merentur</span> <span class='ocrx_word' id='word_1_192' title='bbox 1079 1506 1190 1541; x_wconf 80' lang='lat' dir='ltr'>adhibe</span> 
     </span>
     <span class='ocr_line' id='line_1_32' title="bbox 306 1554 1191 1598; baseline 0.003 -11"><span class='ocrx_word' id='word_1_193' title='bbox 306 1557 510 1593; x_wconf 77' lang='lat' dir='ltr'>medicinam,</span> <span class='ocrx_word' id='word_1_194' title='bbox 535 1555 683 1596; x_wconf 72' lang='lat' dir='ltr'>quatenus</span> <span class='ocrx_word' id='word_1_195' title='bbox 704 1561 812 1586; x_wconf 82' lang='lat' dir='ltr'>erroris</span> <span class='ocrx_word' id='word_1_196' title='bbox 833 1556 951 1587; x_wconf 65' lang='lat' dir='ltr'>auem</span> <span class='ocrx_word' id='word_1_197' title='bbox 967 1554 1072 1587; x_wconf 84' lang='lat' dir='ltr'>Photio</span> <span class='ocrx_word' id='word_1_198' title='bbox 1088 1566 1191 1598; x_wconf 84' lang='lat' dir='ltr'>ampu-</span> 
     </span>
     <span class='ocr_line' id='line_1_33' title="bbox 307 1601 1192 1647; baseline 0.001 -10"><span class='ocrx_word' id='word_1_199' title='bbox 307 1612 386 1644; x_wconf 80' lang='lat' dir='ltr'>tato,</span> <span class='ocrx_word' id='word_1_200' title='bbox 415 1609 517 1637; x_wconf 85' lang='lat' dir='ltr'>caeteri</span> <span class='ocrx_word' id='word_1_201' title='bbox 526 1604 613 1635; x_wconf 80' lang='lat' dir='ltr'>Sedis</span> <span class='ocrx_word' id='word_1_202' title='bbox 627 1601 792 1644; x_wconf 56' lang='lat' dir='ltr'>apostolicae</span> <span class='ocrx_word' id='word_1_203' title='bbox 801 1608 878 1636; x_wconf 84' lang='lat' dir='ltr'>circa</span> <span class='ocrx_word' id='word_1_204' title='bbox 883 1602 916 1647; x_wconf 78' lang='lat' dir='ltr'>fi·</span> <span class='ocrx_word' id='word_1_205' title='bbox 921 1605 1031 1645; x_wconf 79' lang='lat' dir='ltr'>patula</span> <span class='ocrx_word' id='word_1_206' title='bbox 1041 1611 1192 1646; x_wconf 81' lang='lat' dir='ltr'>reperiemt</span> 
     </span>
     <span class='ocr_line' id='line_1_34' title="bbox 307 1651 1194 1698; baseline 0.003 -11"><span class='ocrx_word' id='word_1_207' title='bbox 307 1665 385 1688; x_wconf 83' lang='lat' dir='ltr'>more</span> <span class='ocrx_word' id='word_1_208' title='bbox 403 1653 488 1698; x_wconf 84' lang='lat' dir='ltr'>solito</span> <span class='ocrx_word' id='word_1_209' title='bbox 512 1651 627 1696; x_wconf 72' lang='lat' dir='ltr'>viscera</span> <span class='ocrx_word' id='word_1_210' title='bbox 649 1657 797 1694; x_wconf 84' lang='lat' dir='ltr'>pietatis,</span> <span class='ocrx_word' id='word_1_211' title='bbox 820 1654 869 1685; x_wconf 63' lang='lat' dir='ltr'>‘itti</span> <span class='ocrx_word' id='word_1_212' title='bbox 890 1662 922 1686; x_wconf 88' lang='lat' dir='ltr'>ut</span> <span class='ocrx_word' id='word_1_213' title='bbox 927 1651 957 1694; x_wconf 82' lang='lat' dir='ltr'><em>fi</em></span> <span class='ocrx_word' id='word_1_214' title='bbox 972 1653 1048 1688; x_wconf 61' lang='lat' dir='ltr'>re8e*</span> <span class='ocrx_word' id='word_1_215' title='bbox 1064 1665 1145 1688; x_wconf 82' lang='lat' dir='ltr'>mota</span> <span class='ocrx_word' id='word_1_216' title='bbox 1154 1653 1194 1697; x_wconf 83' lang='lat' dir='ltr'>fit</span> 
     </span>
     <span class='ocr_line' id='line_1_35' title="bbox 306 1702 1192 1748; baseline 0.002 -11"><span class='ocrx_word' id='word_1_217' title='bbox 306 1706 395 1737; x_wconf 43' lang='lat' dir='ltr'>*sedis</span> <span class='ocrx_word' id='word_1_218' title='bbox 420 1703 585 1746; x_wconf 72' lang='lat' dir='ltr'>Apostolicae</span> <span class='ocrx_word' id='word_1_219' title='bbox 603 1702 766 1738; x_wconf 67' lang='lat' dir='ltr'>auc‘ioritas</span> <span class='ocrx_word' id='word_1_220' title='bbox 791 1726 803 1742; x_wconf 89' lang='lat'>,</span> <span class='ocrx_word' id='word_1_221' title='bbox 829 1704 882 1736; x_wconf 88' lang='lat' dir='ltr'>vel</span> <span class='ocrx_word' id='word_1_222' title='bbox 893 1702 930 1747; x_wconf 86' lang='lat' dir='ltr'>se</span> <span class='ocrx_word' id='word_1_223' title='bbox 950 1712 1170 1748; x_wconf 80' lang='lat' dir='ltr'>recognoverint</span> <span class='ocrx_word' id='word_1_224' title='bbox 1184 1731 1192 1746; x_wconf 92' lang='lat'><strong><em>‚</em></strong></span> 
     </span>
     <span class='ocr_line' id='line_1_36' title="bbox 310 1752 1195 1797; baseline 0.001 -9"><span class='ocrx_word' id='word_1_225' title='bbox 310 1755 362 1788; x_wconf 84' lang='lat' dir='ltr'>vel</span> <span class='ocrx_word' id='word_1_226' title='bbox 362 1754 393 1795; x_wconf 82' lang='lat' dir='ltr'><em>fi</em></span> <span class='ocrx_word' id='word_1_227' title='bbox 399 1755 443 1786; x_wconf 85' lang='lat' dir='ltr'>ad</span> <span class='ocrx_word' id='word_1_228' title='bbox 448 1752 669 1797; x_wconf 65' lang='lat' dir='ltr'>satisfadlionis</span> <span class='ocrx_word' id='word_1_229' title='bbox 679 1753 895 1793; x_wconf 78' lang='lat' dir='ltr'>plenitudinem</span> <span class='ocrx_word' id='word_1_230' title='bbox 915 1763 1116 1789; x_wconf 82' lang='lat' dir='ltr'>concurrentes</span> <span class='ocrx_word' id='word_1_231' title='bbox 1138 1768 1195 1789; x_wconf 90' lang='lat' dir='ltr'>om-</span> 
     </span>
     <span class='ocr_line' id='line_1_37' title="bbox 255 1800 1195 1846; baseline 0 -8"><span class='ocrx_word' id='word_1_232' title='bbox 255 1835 257 1838; x_wconf 25' lang='lat'>4</span> <span class='ocrx_word' id='word_1_233' title='bbox 308 1810 385 1845; x_wconf 82' lang='lat' dir='ltr'>nia,</span> <span class='ocrx_word' id='word_1_234' title='bbox 412 1815 480 1846; x_wconf 83' lang='lat' dir='ltr'>quae</span> <span class='ocrx_word' id='word_1_235' title='bbox 494 1803 532 1836; x_wconf 86' lang='lat' dir='ltr'>ab</span> <span class='ocrx_word' id='word_1_236' title='bbox 546 1800 593 1836; x_wconf 80' lang='lat' dir='ltr'>his</span> <span class='ocrx_word' id='word_1_237' title='bbox 604 1803 681 1835; x_wconf 71' lang='lat' dir='ltr'>male</span> <span class='ocrx_word' id='word_1_238' title='bbox 689 1800 844 1845; x_wconf 82' lang='lat' dir='ltr'>suntgesta</span> <span class='ocrx_word' id='word_1_239' title='bbox 856 1827 866 1842; x_wconf 90' lang='lat'>‚</span> <span class='ocrx_word' id='word_1_240' title='bbox 892 1810 970 1837; x_wconf 79' lang='lat' dir='ltr'>viva</span> <span class='ocrx_word' id='word_1_241' title='bbox 982 1815 1051 1837; x_wconf 85' lang='lat' dir='ltr'>voce</span> <span class='ocrx_word' id='word_1_242' title='bbox 1074 1807 1195 1846; x_wconf 69' lang='lat' dir='ltr'>&amp;pra-</span> 
     </span>
     <span class='ocr_line' id='line_1_38' title="bbox 307 1851 1193 1898; baseline 0 -12"><span class='ocrx_word' id='word_1_243' title='bbox 307 1853 387 1898; x_wconf 76' lang='lat' dir='ltr'>senti</span> <span class='ocrx_word' id='word_1_244' title='bbox 405 1851 619 1898; x_wconf 71' lang='lat' dir='ltr'>subfiriptione</span> <span class='ocrx_word' id='word_1_245' title='bbox 641 1853 858 1885; x_wconf 82' lang='lat' dir='ltr'>damnaverint</span> <span class='ocrx_word' id='word_1_246' title='bbox 880 1876 891 1892; x_wconf 91' lang='lat'><strong>,</strong></span> <span class='ocrx_word' id='word_1_247' title='bbox 928 1863 986 1885; x_wconf 89' lang='lat' dir='ltr'>non</span> <span class='ocrx_word' id='word_1_248' title='bbox 999 1852 1039 1894; x_wconf 85' lang='lat' dir='ltr'>fit</span> <span class='ocrx_word' id='word_1_249' title='bbox 1057 1865 1129 1897; x_wconf 85' lang='lat' dir='ltr'>erga</span> <span class='ocrx_word' id='word_1_250' title='bbox 1146 1867 1193 1888; x_wconf 81' lang='lat' dir='ltr'>eos</span> 
     </span>
     <span class='ocr_line' id='line_1_39' title="bbox 312 1900 1195 1946; baseline 0 -10"><span class='ocrx_word' id='word_1_251' title='bbox 312 1903 484 1945; x_wconf 80' lang='lat' dir='ltr'>inflexibilis</span> <span class='ocrx_word' id='word_1_252' title='bbox 497 1900 647 1946; x_wconf 76' lang='lat' dir='ltr'>miseratio</span> <span class='ocrx_word' id='word_1_253' title='bbox 658 1926 669 1942; x_wconf 87' lang='lat'>‚</span> <span class='ocrx_word' id='word_1_254' title='bbox 691 1900 791 1944; x_wconf 81' lang='lat' dir='ltr'>sedfit</span> <span class='ocrx_word' id='word_1_255' title='bbox 801 1902 932 1935; x_wconf 79' lang='lat' dir='ltr'>bumana</span> <span class='ocrx_word' id='word_1_256' title='bbox 945 1912 1042 1938; x_wconf 76' lang='lat' dir='ltr'>tantae</span> <span class='ocrx_word' id='word_1_257' title='bbox 1047 1902 1132 1945; x_wconf 78' lang='lat' dir='ltr'>J‘edis</span> <span class='ocrx_word' id='word_1_258' title='bbox 1138 1913 1195 1946; x_wconf 79' lang='lat' dir='ltr'>per</span> 
     </span>
     <span class='ocr_line' id='line_1_40' title="bbox 312 1950 1196 1999; baseline 0.002 -13"><span class='ocrx_word' id='word_1_259' title='bbox 312 1960 414 1988; x_wconf 82' lang='lat' dir='ltr'>omnia</span> <span class='ocrx_word' id='word_1_260' title='bbox 424 1955 583 1989; x_wconf 78' lang='lat' dir='ltr'>moderatio</span> <span class='ocrx_word' id='word_1_261' title='bbox 595 1976 602 1983; x_wconf 93' lang='lat'><em>.</em></span> <span class='ocrx_word' id='word_1_262' title='bbox 629 1951 817 1993; x_wconf 77' lang='lat' dir='ltr'>Antiquam</span> <span class='ocrx_word' id='word_1_263' title='bbox 830 1950 978 1985; x_wconf 77' lang='lat' dir='ltr'>Ecclefiae</span> <span class='ocrx_word' id='word_1_264' title='bbox 996 1951 1172 1988; x_wconf 86' lang='lat' dir='ltr'>Canonem</span> <span class='ocrx_word' id='word_1_265' title='bbox 1184 1978 1196 1999; x_wconf 76' lang='lat'>,</span> 
     </span>
     <span class='ocr_line' id='line_1_41' title="bbox 314 2000 1197 2045; baseline 0 -8"><span class='ocrx_word' id='word_1_266' title='bbox 314 2005 334 2037; x_wconf 69' lang='lat' dir='ltr'>a</span> <span class='ocrx_word' id='word_1_267' title='bbox 357 2005 475 2038; x_wconf 68' lang='lat' dir='ltr'>Sancto</span> <span class='ocrx_word' id='word_1_268' title='bbox 497 2000 859 2037; x_wconf 84' lang='lat' dir='ltr'>Athanafiolaudatum</span> <span class='ocrx_word' id='word_1_269' title='bbox 873 2024 883 2040; x_wconf 92' lang='lat'>‚</span> <span class='ocrx_word' id='word_1_270' title='bbox 908 2002 965 2045; x_wconf 87' lang='lat' dir='ltr'>qui</span> <span class='ocrx_word' id='word_1_271' title='bbox 988 2002 1077 2036; x_wconf 87' lang='lat' dir='ltr'>solos</span> <span class='ocrx_word' id='word_1_272' title='bbox 1089 2004 1197 2039; x_wconf 66' lang='lat' dir='ltr'>Haere-</span> 
     </span>
     <span class='ocr_line' id='line_1_42' title="bbox 313 2049 1197 2091; baseline -0.006 -3"><span class='ocrx_word' id='word_1_273' title='bbox 313 2052 452 2088; x_wconf 83' lang='lat' dir='ltr'>fiarchas</span> <span class='ocrx_word' id='word_1_274' title='bbox 477 2059 533 2086; x_wconf 81' lang='lat' dir='ltr'>a&#39;ut</span> <span class='ocrx_word' id='word_1_275' title='bbox 544 2049 764 2088; x_wconf 86' lang='lat' dir='ltr'>Schismatum</span> <span class='ocrx_word' id='word_1_276' title='bbox 775 2051 919 2086; x_wconf 74' lang='lat' dir='ltr'>austores</span> <span class='ocrx_word' id='word_1_277' title='bbox 931 2051 1079 2087; x_wconf 80' lang='lat' dir='ltr'>damnari</span> <span class='ocrx_word' id='word_1_278' title='bbox 1106 2062 1197 2091; x_wconf 65' lang='lat' dir='ltr'>man·-</span> 
     </span>
     <span class='ocr_line' id='line_1_43' title="bbox 312 2101 1197 2153; baseline 0.002 -16"><span class='ocrx_word' id='word_1_279' title='bbox 312 2105 371 2139; x_wconf 83' lang='lat' dir='ltr'>dat</span> <span class='ocrx_word' id='word_1_280' title='bbox 384 2128 395 2144; x_wconf 87' lang='lat'>‚</span> <span class='ocrx_word' id='word_1_281' title='bbox 421 2114 536 2139; x_wconf 80' lang='lat' dir='ltr'>eorum</span> <span class='ocrx_word' id='word_1_282' title='bbox 549 2101 698 2136; x_wconf 60' lang='lat' dir='ltr'>seductos</span> <span class='ocrx_word' id='word_1_283' title='bbox 723 2111 777 2134; x_wconf 89' lang='lat' dir='ltr'>aut</span> <span class='ocrx_word' id='word_1_284' title='bbox 801 2103 949 2145; x_wconf 88' lang='lat' dir='ltr'>sequaces</span> <span class='ocrx_word' id='word_1_285' title='bbox 969 2103 1107 2147; x_wconf 81' lang='lat' dir='ltr'>reparari</span> <span class='ocrx_word' id='word_1_286' title='bbox 1129 2115 1197 2153; x_wconf 84' lang='lat' dir='ltr'>gra-</span> 
     </span>
     <span class='ocr_line' id='line_1_44' title="bbox 313 2151 1197 2199; baseline 0 -10"><span class='ocrx_word' id='word_1_287' title='bbox 313 2153 398 2190; x_wconf 72' lang='lat' dir='ltr'>tiose</span> <span class='ocrx_word' id='word_1_288' title='bbox 422 2152 616 2198; x_wconf 84' lang='lat' dir='ltr'>indulgens,</span> <span class='ocrx_word' id='word_1_289' title='bbox 641 2153 742 2185; x_wconf 86' lang='lat' dir='ltr'>etiam</span> <span class='ocrx_word' id='word_1_290' title='bbox 766 2152 800 2184; x_wconf 90' lang='lat' dir='ltr'>in</span> <span class='ocrx_word' id='word_1_291' title='bbox 815 2151 998 2188; x_wconf 84' lang='lat' dir='ltr'>Photianos</span> <span class='ocrx_word' id='word_1_292' title='bbox 1018 2155 1197 2199; x_wconf 85' lang='lat' dir='ltr'>Episcopos</span> 
     </span>
     <span class='ocr_line' id='line_1_45' title="bbox 313 2201 1197 2247; baseline 0.001 -9"><span class='ocrx_word' id='word_1_293' title='bbox 313 2205 349 2238; x_wconf 78' lang='grc' dir='ltr'>δε</span> <span class='ocrx_word' id='word_1_294' title='bbox 368 2203 516 2238; x_wconf 85' lang='lat' dir='ltr'>Clericos</span> <span class='ocrx_word' id='word_1_295' title='bbox 538 2201 650 2236; x_wconf 86' lang='lat' dir='ltr'>servari</span> <span class='ocrx_word' id='word_1_296' title='bbox 673 2202 864 2245; x_wconf 87' lang='lat' dir='ltr'>supplicavit</span> <span class='ocrx_word' id='word_1_297' title='bbox 875 2204 1048 2247; x_wconf 77' lang='lat' dir='ltr'>Symdus,</span> <span class='ocrx_word' id='word_1_298' title='bbox 1074 2204 1197 2239; x_wconf 85' lang='lat' dir='ltr'>addens</span> 
     </span>
     <span class='ocr_line' id='line_1_46' title="bbox 315 2250 1197 2299; baseline 0.002 -11"><span class='ocrx_word' id='word_1_299' title='bbox 315 2255 477 2299; x_wconf 83' lang='lat' dir='ltr'>Joannem</span> <span class='ocrx_word' id='word_1_300' title='bbox 489 2250 743 2288; x_wconf 85' lang='lat' dir='ltr'>Antiochenum</span> <span class='ocrx_word' id='word_1_301' title='bbox 758 2276 768 2292; x_wconf 92' lang='lat'>‚</span> <span class='ocrx_word' id='word_1_302' title='bbox 794 2252 872 2287; x_wconf 76' lang='lat' dir='ltr'>licet</span> <span class='ocrx_word' id='word_1_303' title='bbox 882 2253 1030 2288; x_wconf 75' lang='lat' dir='ltr'>adversus</span> <span class='ocrx_word' id='word_1_304' title='bbox 1041 2255 1197 2291; x_wconf 67' lang='lat' dir='ltr'>Sanctum</span> 
     </span>
     <span class='ocr_line' id='line_1_47' title="bbox 314 2302 1197 2348; baseline 0.001 -9"><span class='ocrx_word' id='word_1_305' title='bbox 314 2304 484 2348; x_wconf 84' lang='lat' dir='ltr'>Cyrillum</span> <span class='ocrx_word' id='word_1_306' title='bbox 510 2304 544 2338; x_wconf 74' lang='grc' dir='ltr'>ἀ</span> <span class='ocrx_word' id='word_1_307' title='bbox 556 2303 695 2338; x_wconf 56' lang='lat' dir='ltr'>sanctam</span> <span class='ocrx_word' id='word_1_308' title='bbox 709 2302 904 2345; x_wconf 86' lang='lat' dir='ltr'>Ephefinam</span> <span class='ocrx_word' id='word_1_309' title='bbox 916 2302 1088 2347; x_wconf 87' lang='lat' dir='ltr'>Synodum</span> <span class='ocrx_word' id='word_1_310' title='bbox 1102 2315 1197 2340; x_wconf 88' lang='lat' dir='ltr'>teme-</span> 
     </span>
     <span class='ocr_line' id='line_1_48' title="bbox 315 2352 1199 2395; baseline 0 -5"><span class='ocrx_word' id='word_1_311' title='bbox 315 2355 419 2390; x_wconf 81' lang='lat' dir='ltr'>ritatis</span> <span class='ocrx_word' id='word_1_312' title='bbox 444 2354 478 2388; x_wconf 89' lang='lat'>&amp;</span> <span class='ocrx_word' id='word_1_313' title='bbox 505 2352 685 2389; x_wconf 84' lang='lat' dir='ltr'>schismatis</span> <span class='ocrx_word' id='word_1_314' title='bbox 697 2354 858 2389; x_wconf 62' lang='lat' dir='ltr'>auctorem</span> <span class='ocrx_word' id='word_1_315' title='bbox 886 2365 923 2388; x_wconf 91' lang='lat' dir='ltr'>ac</span> <span class='ocrx_word' id='word_1_316' title='bbox 943 2353 1080 2395; x_wconf 86' lang='lat' dir='ltr'>ducem,</span> <span class='ocrx_word' id='word_1_317' title='bbox 1106 2356 1199 2392; x_wconf 79' lang='lat' dir='ltr'>fuisse</span> 
     </span>
     <span class='ocr_line' id='line_1_49' title="bbox 316 2404 1200 2448; baseline 0 -8"><span class='ocrx_word' id='word_1_318' title='bbox 316 2404 622 2440; x_wconf 75' lang='lat' dir='ltr'>tamenaRomana</span> <span class='ocrx_word' id='word_1_319' title='bbox 645 2404 787 2437; x_wconf 73' lang='lat' dir='ltr'>Ecclesia</span> <span class='ocrx_word' id='word_1_320' title='bbox 810 2415 1014 2448; x_wconf 86' lang='lat' dir='ltr'>reparatum,</span> <span class='ocrx_word' id='word_1_321' title='bbox 1040 2406 1200 2442; x_wconf 71' lang='lat' dir='ltr'>relietum-</span> 
     </span>
     <span class='ocr_line' id='line_1_50' title="bbox 318 2453 1201 2500; baseline 0.002 -11"><span class='ocrx_word' id='word_1_322' title='bbox 318 2467 383 2498; x_wconf 88' lang='lat' dir='ltr'>que</span> <span class='ocrx_word' id='word_1_323' title='bbox 407 2456 441 2489; x_wconf 90' lang='lat' dir='ltr'>in</span> <span class='ocrx_word' id='word_1_324' title='bbox 465 2454 589 2489; x_wconf 84' lang='lat' dir='ltr'>throno</span> <span class='ocrx_word' id='word_1_325' title='bbox 610 2453 822 2488; x_wconf 77' lang='lat' dir='ltr'>patriarchali</span> <span class='ocrx_word' id='word_1_326' title='bbox 846 2480 853 2487; x_wconf 91' lang='lat'><strong>.</strong></span> <span class='ocrx_word' id='word_1_327' title='bbox 883 2455 926 2491; x_wconf 88' lang='lat' dir='ltr'>Et</span> <span class='ocrx_word' id='word_1_328' title='bbox 946 2455 988 2489; x_wconf 90' lang='lat' dir='ltr'>de</span> <span class='ocrx_word' id='word_1_329' title='bbox 1013 2454 1201 2500; x_wconf 87' lang='lat' dir='ltr'>Eutychete</span> 
     </span>
     <span class='ocr_line' id='line_1_51' title="bbox 319 2504 1201 2541; baseline 0.001 -2"><span class='ocrx_word' id='word_1_330' title='bbox 319 2504 538 2539; x_wconf 83' lang='lat' dir='ltr'>Haerefiarcha</span> <span class='ocrx_word' id='word_1_331' title='bbox 560 2505 600 2539; x_wconf 87' lang='lat' dir='ltr'>ad</span> <span class='ocrx_word' id='word_1_332' title='bbox 622 2505 772 2538; x_wconf 70' lang='lat' dir='ltr'>Sanctum</span> <span class='ocrx_word' id='word_1_333' title='bbox 790 2505 986 2540; x_wconf 83' lang='lat' dir='ltr'>Flavianum</span> <span class='ocrx_word' id='word_1_334' title='bbox 1011 2507 1201 2541; x_wconf 80' lang='lat' dir='ltr'>Constanti·</span> 
     </span>
     <span class='ocr_line' id='line_1_52' title="bbox 319 2554 1200 2599; baseline 0 -9"><span class='ocrx_word' id='word_1_335' title='bbox 319 2554 552 2599; x_wconf 87' lang='lat' dir='ltr'>nopolitanum</span> <span class='ocrx_word' id='word_1_336' title='bbox 565 2554 762 2597; x_wconf 84' lang='lat' dir='ltr'>Episcopum</span> <span class='ocrx_word' id='word_1_337' title='bbox 775 2556 892 2598; x_wconf 81' lang='lat' dir='ltr'>scripsit</span> <span class='ocrx_word' id='word_1_338' title='bbox 902 2556 1035 2590; x_wconf 70' lang='lat' dir='ltr'>sanctus</span> <span class='ocrx_word' id='word_1_339' title='bbox 1047 2556 1117 2590; x_wconf 76' lang='lat' dir='ltr'>Leo</span> <span class='ocrx_word' id='word_1_340' title='bbox 1129 2558 1200 2591; x_wconf 90' lang='lat' dir='ltr'>Ma-</span> 
     </span>
     <span class='ocr_line' id='line_1_53' title="bbox 319 2603 1201 2650; baseline 0.001 -11"><span class='ocrx_word' id='word_1_341' title='bbox 319 2616 426 2650; x_wconf 87' lang='lat' dir='ltr'>gnus:</span> <span class='ocrx_word' id='word_1_342' title='bbox 454 2608 598 2638; x_wconf 84' lang='lat' dir='ltr'>Dominus</span> <span class='ocrx_word' id='word_1_343' title='bbox 621 2603 710 2643; x_wconf 84' lang='lat' dir='ltr'>noster</span> <span class='ocrx_word' id='word_1_344' title='bbox 732 2630 742 2644; x_wconf 91' lang='lat'>,</span> <span class='ocrx_word' id='word_1_345' title='bbox 770 2606 862 2640; x_wconf 84' lang='lat' dir='ltr'>bonus</span> <span class='ocrx_word' id='word_1_346' title='bbox 889 2608 924 2641; x_wconf 71' lang='lat' dir='ltr'>er</span> <span class='ocrx_word' id='word_1_347' title='bbox 949 2617 1039 2639; x_wconf 84' lang='lat' dir='ltr'>verus</span> <span class='ocrx_word' id='word_1_348' title='bbox 1067 2607 1169 2647; x_wconf 83' lang='lat' dir='ltr'>Pastor</span> <span class='ocrx_word' id='word_1_349' title='bbox 1191 2632 1201 2647; x_wconf 92' lang='lat'>‚</span> 
     </span>
     <span class='ocr_line' id='line_1_54' title="bbox 321 2652 1202 2700; baseline 0.005 -13"><span class='ocrx_word' id='word_1_350' title='bbox 321 2661 372 2699; x_wconf 85' lang='lat' dir='ltr'>qui</span> <span class='ocrx_word' id='word_1_351' title='bbox 395 2659 529 2687; x_wconf 80' lang='lat' dir='ltr'>animam</span> <span class='ocrx_word' id='word_1_352' title='bbox 547 2652 634 2697; x_wconf 82' lang='lat' dir='ltr'>suam</span> <span class='ocrx_word' id='word_1_353' title='bbox 640 2663 696 2695; x_wconf 87' lang='lat' dir='ltr'>pro</span> <span class='ocrx_word' id='word_1_354' title='bbox 716 2656 820 2688; x_wconf 82' lang='lat' dir='ltr'>ovibus</span> <span class='ocrx_word' id='word_1_355' title='bbox 829 2656 893 2699; x_wconf 64' lang='lat' dir='ltr'>ficis</span> <span class='ocrx_word' id='word_1_356' title='bbox 901 2656 1021 2700; x_wconf 84' lang='lat' dir='ltr'>posuit,</span> <span class='ocrx_word' id='word_1_357' title='bbox 1047 2658 1142 2700; x_wconf 77' lang='lat' dir='ltr'>&amp;qui</span> <span class='ocrx_word' id='word_1_358' title='bbox 1153 2669 1202 2691; x_wconf 90' lang='lat' dir='ltr'>ve-</span> 
     </span>
     <span class='ocr_line' id='line_1_55' title="bbox 322 2702 1203 2748; baseline 0.002 -10"><span class='ocrx_word' id='word_1_359' title='bbox 322 2711 370 2740; x_wconf 81' lang='lat' dir='ltr'>nit</span> <span class='ocrx_word' id='word_1_360' title='bbox 382 2710 502 2738; x_wconf 81' lang='lat' dir='ltr'>animas</span> <span class='ocrx_word' id='word_1_361' title='bbox 516 2703 665 2738; x_wconf 80' lang='lat' dir='ltr'>bominum</span> <span class='ocrx_word' id='word_1_362' title='bbox 683 2702 826 2747; x_wconf 82' lang='lat' dir='ltr'>salvare,</span> <span class='ocrx_word' id='word_1_363' title='bbox 853 2719 911 2739; x_wconf 86' lang='lat' dir='ltr'>non</span> <span class='ocrx_word' id='word_1_364' title='bbox 929 2709 1077 2748; x_wconf 82' lang='lat' dir='ltr'>perdere,</span> <span class='ocrx_word' id='word_1_365' title='bbox 1103 2713 1203 2740; x_wconf 86' lang='lat' dir='ltr'>imita-</span> 
     </span>
     <span class='ocr_line' id='line_1_56' title="bbox 323 2752 1203 2801; baseline -0.001 -11"><span class='ocrx_word' id='word_1_366' title='bbox 323 2766 401 2790; x_wconf 86' lang='lat' dir='ltr'>tores</span> <span class='ocrx_word' id='word_1_367' title='bbox 412 2767 463 2789; x_wconf 91' lang='lat' dir='ltr'>nos</span> <span class='ocrx_word' id='word_1_368' title='bbox 474 2755 542 2788; x_wconf 80' lang='lat' dir='ltr'>vult</span> <span class='ocrx_word' id='word_1_369' title='bbox 551 2755 605 2798; x_wconf 74' lang='lat' dir='ltr'>effe</span> <span class='ocrx_word' id='word_1_370' title='bbox 608 2752 673 2797; x_wconf 82' lang='lat' dir='ltr'>suae</span> <span class='ocrx_word' id='word_1_371' title='bbox 679 2761 807 2797; x_wconf 81' lang='lat' dir='ltr'>pietatis</span> <span class='ocrx_word' id='word_1_372' title='bbox 821 2780 831 2795; x_wconf 95' lang='lat'>,</span> <span class='ocrx_word' id='word_1_373' title='bbox 857 2766 891 2789; x_wconf 87' lang='lat' dir='ltr'>ut</span> <span class='ocrx_word' id='word_1_374' title='bbox 909 2759 1203 2801; x_wconf 61' lang='lat' dir='ltr'>peccantesquidem</span> 
     </span>
     <span class='ocr_line' id='line_1_57' title="bbox 318 2803 1204 2850; baseline 0 -11"><span class='ocrx_word' id='word_1_375' title='bbox 318 2806 436 2848; x_wconf 58' lang='lat' dir='ltr'>‚iustitia</span> <span class='ocrx_word' id='word_1_376' title='bbox 457 2814 606 2845; x_wconf 81' lang='lat' dir='ltr'>coerceat,</span> <span class='ocrx_word' id='word_1_377' title='bbox 633 2803 786 2849; x_wconf 65' lang='lat' dir='ltr'>conversos</span> <span class='ocrx_word' id='word_1_378' title='bbox 805 2815 904 2839; x_wconf 86' lang='lat' dir='ltr'>autem</span> <span class='ocrx_word' id='word_1_379' title='bbox 927 2806 1125 2850; x_wconf 69' lang='lat' dir='ltr'>misericordia</span> <span class='ocrx_word' id='word_1_380' title='bbox 1146 2819 1204 2840; x_wconf 88' lang='lat' dir='ltr'>non</span> 
     </span>
     <span class='ocr_line' id='line_1_58' title="bbox 324 2853 1205 2899; baseline 0 -9"><span class='ocrx_word' id='word_1_381' title='bbox 324 2857 465 2899; x_wconf 83' lang='lat' dir='ltr'>repellat.</span> <span class='ocrx_word' id='word_1_382' title='bbox 493 2853 907 2890; x_wconf 80' lang='lat' dir='ltr'>PoenitentiHaerefiarchae</span> <span class='ocrx_word' id='word_1_383' title='bbox 925 2857 1023 2892; x_wconf 88' lang='lat' dir='ltr'>etiam</span> <span class='ocrx_word' id='word_1_384' title='bbox 1043 2859 1090 2892; x_wconf 89' lang='lat' dir='ltr'>sui</span> <span class='ocrx_word' id='word_1_385' title='bbox 1115 2858 1205 2891; x_wconf 87' lang='lat' dir='ltr'>Pres-</span> 
     </span>
     <span class='ocr_line' id='line_1_59' title="bbox 326 2903 1203 2950; baseline 0 -9"><span class='ocrx_word' id='word_1_386' title='bbox 326 2907 493 2950; x_wconf 86' lang='lat' dir='ltr'>byteratus</span> <span class='ocrx_word' id='word_1_387' title='bbox 518 2916 614 2950; x_wconf 87' lang='lat' dir='ltr'>atque</span> <span class='ocrx_word' id='word_1_388' title='bbox 635 2903 943 2941; x_wconf 82' lang='lat' dir='ltr'>Archi-Mandritici</span> <span class='ocrx_word' id='word_1_389' title='bbox 958 2907 1097 2942; x_wconf 87' lang='lat' dir='ltr'>Ordinis</span> <span class='ocrx_word' id='word_1_390' title='bbox 1116 2918 1203 2941; x_wconf 88' lang='lat' dir='ltr'>com—</span> 
     </span>
     <span class='ocr_line' id='line_1_60' title="bbox 325 2955 1204 3000; baseline 0 -9"><span class='ocrx_word' id='word_1_391' title='bbox 325 2957 523 2991; x_wconf 87' lang='lat' dir='ltr'>munionem</span> <span class='ocrx_word' id='word_1_392' title='bbox 542 2955 650 2990; x_wconf 79' lang='lat' dir='ltr'>voluit</span> <span class='ocrx_word' id='word_1_393' title='bbox 675 2955 874 2990; x_wconf 69' lang='lat' dir='ltr'>doffiffirnus</span> <span class='ocrx_word' id='word_1_394' title='bbox 901 2967 1000 3000; x_wconf 86' lang='lat' dir='ltr'>atque</span> <span class='ocrx_word' id='word_1_395' title='bbox 1018 2957 1204 3000; x_wconf 77' lang='lat' dir='ltr'>justissimus</span> 
     </span>
     <span class='ocr_line' id='line_1_61' title="bbox 326 3004 1205 3051; baseline 0 -10"><span class='ocrx_word' id='word_1_396' title='bbox 326 3006 484 3041; x_wconf 82' lang='lat' dir='ltr'>Pontifex</span> <span class='ocrx_word' id='word_1_397' title='bbox 496 3018 551 3050; x_wconf 87' lang='lat' dir='ltr'>per</span> <span class='ocrx_word' id='word_1_398' title='bbox 562 3004 734 3041; x_wconf 85' lang='lat' dir='ltr'>secundam</span> <span class='ocrx_word' id='word_1_399' title='bbox 751 3005 942 3049; x_wconf 85' lang='lat' dir='ltr'>Ephefinam</span> <span class='ocrx_word' id='word_1_400' title='bbox 964 3007 1137 3051; x_wconf 89' lang='lat' dir='ltr'>Synodum</span> <span class='ocrx_word' id='word_1_401' title='bbox 1158 3019 1205 3041; x_wconf 88' lang='lat' dir='ltr'>re-</span> 
     </span>
     <span class='ocr_line' id='line_1_62' title="bbox 329 3056 1206 3100; baseline 0.005 -12"><span class='ocrx_word' id='word_1_402' title='bbox 329 3058 448 3098; x_wconf 82' lang='lat' dir='ltr'>parari.</span> <span class='ocrx_word' id='word_1_403' title='bbox 476 3057 554 3100; x_wconf 82' lang='lat' dir='ltr'>Ejus</span> <span class='ocrx_word' id='word_1_404' title='bbox 565 3056 763 3090; x_wconf 85' lang='lat' dir='ltr'>imitatorem</span> <span class='ocrx_word' id='word_1_405' title='bbox 778 3057 812 3090; x_wconf 92' lang='lat' dir='ltr'>in</span> <span class='ocrx_word' id='word_1_406' title='bbox 835 3056 896 3092; x_wconf 89' lang='lat' dir='ltr'>hac</span> <span class='ocrx_word' id='word_1_407' title='bbox 917 3059 1010 3091; x_wconf 89' lang='lat' dir='ltr'>causa</span> <span class='ocrx_word' id='word_1_408' title='bbox 1023 3057 1206 3092; x_wconf 86' lang='lat' dir='ltr'>Photiano-</span> 
     </span>
     <span class='ocr_line' id='line_1_63' title="bbox 329 3105 1206 3152; baseline 0.005 -14"><span class='ocrx_word' id='word_1_409' title='bbox 329 3114 400 3139; x_wconf 83' lang='lat' dir='ltr'>rum</span> <span class='ocrx_word' id='word_1_410' title='bbox 420 3107 487 3140; x_wconf 84' lang='lat' dir='ltr'>fieri</span> <span class='ocrx_word' id='word_1_411' title='bbox 501 3105 684 3141; x_wconf 85' lang='lat' dir='ltr'>Adrianum</span> <span class='ocrx_word' id='word_1_412' title='bbox 706 3105 883 3141; x_wconf 91' lang='lat' dir='ltr'>secundum</span> <span class='ocrx_word' id='word_1_413' title='bbox 901 3107 1090 3151; x_wconf 83' lang='lat' dir='ltr'>supplicavit</span> <span class='ocrx_word' id='word_1_414' title='bbox 1102 3110 1206 3152; x_wconf 90' lang='lat' dir='ltr'>Syno-</span> 
     </span>
     <span class='ocr_line' id='line_1_64' title="bbox 330 3154 1206 3201; baseline 0.007 -15"><span class='ocrx_word' id='word_1_415' title='bbox 330 3154 390 3187; x_wconf 89' lang='lat' dir='ltr'>dus</span> <span class='ocrx_word' id='word_1_416' title='bbox 417 3179 428 3194; x_wconf 82' lang='grc'>,</span> <span class='ocrx_word' id='word_1_417' title='bbox 461 3156 494 3188; x_wconf 89' lang='lat'>&amp;</span> <span class='ocrx_word' id='word_1_418' title='bbox 515 3169 625 3191; x_wconf 87' lang='lat' dir='ltr'>coram</span> <span class='ocrx_word' id='word_1_419' title='bbox 653 3155 799 3191; x_wconf 82' lang='lat' dir='ltr'>Ecclefiae</span> <span class='ocrx_word' id='word_1_420' title='bbox 829 3158 1206 3201; x_wconf 70' lang='lat' dir='ltr'>Constantinopolitanae</span> 
     </span>
     <span class='ocr_line' id='line_1_65' title="bbox 331 3203 1204 3252; baseline 0.006 -14"><span class='ocrx_word' id='word_1_421' title='bbox 331 3203 464 3248; x_wconf 84' lang='lat' dir='ltr'>Legatis</span> <span class='ocrx_word' id='word_1_422' title='bbox 493 3205 544 3239; x_wconf 91' lang='lat' dir='ltr'>edi</span> <span class='ocrx_word' id='word_1_423' title='bbox 566 3207 693 3251; x_wconf 86' lang='lat' dir='ltr'>regulas</span> <span class='ocrx_word' id='word_1_424' title='bbox 714 3231 724 3247; x_wconf 96' lang='lat'>,</span> <span class='ocrx_word' id='word_1_425' title='bbox 759 3207 880 3252; x_wconf 86' lang='lat' dir='ltr'>quibus</span> <span class='ocrx_word' id='word_1_426' title='bbox 906 3208 1114 3243; x_wconf 86' lang='lat' dir='ltr'>lamentabile</span> <span class='ocrx_word' id='word_1_427' title='bbox 1139 3207 1204 3243; x_wconf 91' lang='lat' dir='ltr'>hoc</span> 
     </span>
    </p>

    <p class='ocr_par' dir='ltr' id='par_1_8' title="bbox 332 3251 1204 3354">
     <span class='ocr_line' id='line_1_66' title="bbox 332 3251 876 3302; baseline 0.006 -15"><span class='ocrx_word' id='word_1_428' title='bbox 332 3251 469 3287; x_wconf 67' lang='lat' dir='ltr'>schisma</span> <span class='ocrx_word' id='word_1_429' title='bbox 492 3256 625 3289; x_wconf 84' lang='lat' dir='ltr'>tandem</span> <span class='ocrx_word' id='word_1_430' title='bbox 644 3258 857 3302; x_wconf 83' lang='lat' dir='ltr'>extinguatur</span> <span class='ocrx_word' id='word_1_431' title='bbox 869 3283 876 3290; x_wconf 91' lang='lat'><strong>.</strong></span> 
     </span>
     <span class='ocr_line' id='line_1_67' title="bbox 382 3301 1204 3354; baseline 0.009 -18"><span class='ocrx_word' id='word_1_432' title='bbox 382 3303 427 3336; x_wconf 82' lang='lat' dir='ltr'>Et</span> <span class='ocrx_word' id='word_1_433' title='bbox 448 3301 556 3335; x_wconf 83' lang='lat' dir='ltr'>statim</span> <span class='ocrx_word' id='word_1_434' title='bbox 578 3306 682 3339; x_wconf 83' lang='lat' dir='ltr'>edixit</span> <span class='ocrx_word' id='word_1_435' title='bbox 704 3306 862 3342; x_wconf 85' lang='lat' dir='ltr'>Pontifex</span> <span class='ocrx_word' id='word_1_436' title='bbox 884 3309 1031 3354; x_wconf 87' lang='lat' dir='ltr'>quinque</span> <span class='ocrx_word' id='word_1_437' title='bbox 1042 3309 1204 3354; x_wconf 87' lang='lat' dir='ltr'>Regulas.</span> 
     </span>
    </p>
   </div>
   <div class='ocr_carea' id='block_1_7' title="bbox 329 3351 1205 3454">
    <p class='ocr_par' dir='ltr' id='par_1_9' title="bbox 329 3351 1205 3454">
     <span class='ocr_line' id='line_1_68' title="bbox 331 3351 1205 3405; baseline 0.01 -20"><span class='ocrx_word' id='word_1_438' title='bbox 331 3352 443 3387; x_wconf 87' lang='lat' dir='ltr'>Prima</span> <span class='ocrx_word' id='word_1_439' title='bbox 455 3351 679 3396; x_wconf 77' lang='lat' dir='ltr'>imaginariam</span> <span class='ocrx_word' id='word_1_440' title='bbox 694 3354 804 3390; x_wconf 83' lang='lat' dir='ltr'>Photii</span> <span class='ocrx_word' id='word_1_441' title='bbox 826 3359 859 3392; x_wconf 89' lang='lat'>&amp;</span> <span class='ocrx_word' id='word_1_442' title='bbox 872 3357 1049 3393; x_wconf 87' lang='lat' dir='ltr'>Michaelis</span> <span class='ocrx_word' id='word_1_443' title='bbox 1061 3358 1205 3405; x_wconf 86' lang='lat' dir='ltr'>Augusti</span> 
     </span>
     <span class='ocr_line' id='line_1_69' title="bbox 329 3401 1205 3454; baseline 0.01 -18"><span class='ocrx_word' id='word_1_444' title='bbox 329 3402 481 3439; x_wconf 70' lang='lat' dir='ltr'>adversus</span> <span class='ocrx_word' id='word_1_445' title='bbox 500 3401 651 3437; x_wconf 57' lang='lat' dir='ltr'>Sanctum</span> <span class='ocrx_word' id='word_1_446' title='bbox 674 3403 854 3439; x_wconf 89' lang='lat' dir='ltr'>Nicolaum</span> <span class='ocrx_word' id='word_1_447' title='bbox 886 3408 1081 3445; x_wconf 86' lang='lat' dir='ltr'>Pontificem</span> <span class='ocrx_word' id='word_1_448' title='bbox 1101 3411 1205 3454; x_wconf 90' lang='lat' dir='ltr'>Syno-</span> 
     </span>
    </p>
   </div>
   <div class='ocr_carea' id='block_1_8' title="bbox 1186 200 1236 2331">
    <p class='ocr_par' dir='ltr' id='par_1_10' title="bbox 1186 200 1236 2331">
     <span class='ocr_line' id='line_1_70' title="bbox 1186 200 1236 2331; baseline 0 0"><span class='ocrx_word' id='word_1_449' title='bbox 1186 200 1236 2331; x_wconf 95' lang='lat' dir='ltr'> </span> 
     </span>
    </p>
   </div>
   <div class='ocr_carea' id='block_1_9' title="bbox 1203 2416 1237 3473">
    <p class='ocr_par' dir='ltr' id='par_1_11' title="bbox 1203 2416 1237 3473">
     <span class='ocr_line' id='line_1_71' title="bbox 1203 2416 1237 3473; baseline 0 0"><span class='ocrx_word' id='word_1_450' title='bbox 1203 2416 1237 3473; x_wconf 95' lang='lat' dir='ltr'> </span> 
     </span>
    </p>
   </div>
   <div class='ocr_carea' id='block_1_10' title="bbox 897 115 1592 166">
    <p class='ocr_par' dir='ltr' id='par_1_12' title="bbox 897 115 1592 166">
     <span class='ocr_line' id='line_1_72' title="bbox 897 115 1592 166; baseline -0.003 0"><span class='ocrx_word' id='word_1_451' title='bbox 897 115 1592 166; x_wconf 67' lang='lat' dir='ltr'>DIssi-:Rr‘arxoz</span> 
     </span>
    </p>
   </div>
   <div class='ocr_carea' id='block_1_11' title="bbox 1245 198 2143 2348">
    <p class='ocr_par' dir='ltr' id='par_1_13' title="bbox 1245 198 2143 2348">
     <span class='ocr_line' id='line_1_73' title="bbox 1245 198 2125 256; baseline 0.019 -23"><span class='ocrx_word' id='word_1_452' title='bbox 1245 198 1325 233; x_wconf 87' lang='lat' dir='ltr'>dum</span> <span class='ocrx_word' id='word_1_453' title='bbox 1344 199 1495 235; x_wconf 87' lang='lat' dir='ltr'>definivit</span> <span class='ocrx_word' id='word_1_454' title='bbox 1515 203 1579 236; x_wconf 84' lang='lat' dir='ltr'>esse</span> <span class='ocrx_word' id='word_1_455' title='bbox 1587 203 1767 240; x_wconf 85' lang='lat' dir='ltr'>concilium</span> <span class='ocrx_word' id='word_1_456' title='bbox 1779 209 1952 252; x_wconf 71' lang='lat' dir='ltr'>vanitatis,</span> <span class='ocrx_word' id='word_1_457' title='bbox 1980 209 2125 256; x_wconf 77' lang='lat' dir='ltr'>Aposto-¹</span> 
     </span>
     <span class='ocr_line' id='line_1_74' title="bbox 1246 250 2125 303; baseline 0.015 -20"><span class='ocrx_word' id='word_1_458' title='bbox 1246 250 1315 284; x_wconf 83' lang='lat' dir='ltr'>licae</span> <span class='ocrx_word' id='word_1_459' title='bbox 1326 250 1418 284; x_wconf 86' lang='lat' dir='ltr'>Sedis</span> <span class='ocrx_word' id='word_1_460' title='bbox 1427 253 1613 288; x_wconf 67' lang='lat' dir='ltr'>reverentias</span> <span class='ocrx_word' id='word_1_461' title='bbox 1622 264 1660 288; x_wconf 87' lang='lat' dir='ltr'>ac</span> <span class='ocrx_word' id='word_1_462' title='bbox 1672 255 1843 301; x_wconf 78' lang='lat' dir='ltr'>privilegio</span> <span class='ocrx_word' id='word_1_463' title='bbox 1851 260 2022 297; x_wconf 64' lang='lat' dir='ltr'>&gt;adversum</span> <span class='ocrx_word' id='word_1_464' title='bbox 2036 286 2047 303; x_wconf 93' lang='lat'>‚</span> <span class='ocrx_word' id='word_1_465' title='bbox 2071 273 2125 296; x_wconf 86' lang='lat' dir='ltr'>ve·</span> 
     </span>
     <span class='ocr_line' id='line_1_75' title="bbox 1247 300 2122 351; baseline 0.015 -18"><span class='ocrx_word' id='word_1_466' title='bbox 1247 300 1335 334; x_wconf 89' lang='lat' dir='ltr'>ritati</span> <span class='ocrx_word' id='word_1_467' title='bbox 1346 300 1520 336; x_wconf 88' lang='lat' dir='ltr'>inimicum</span> <span class='ocrx_word' id='word_1_468' title='bbox 1532 326 1543 343; x_wconf 89' lang='lat'>‚</span> <span class='ocrx_word' id='word_1_469' title='bbox 1568 305 1662 338; x_wconf 89' lang='lat' dir='ltr'>omni</span> <span class='ocrx_word' id='word_1_470' title='bbox 1680 305 1818 341; x_wconf 83' lang='lat' dir='ltr'>falsitate</span> <span class='ocrx_word' id='word_1_471' title='bbox 1828 307 1986 351; x_wconf 88' lang='lat' dir='ltr'>repletum</span> <span class='ocrx_word' id='word_1_472' title='bbox 1996 332 2018 350; x_wconf 90' lang='lat'>‚-</span> <span class='ocrx_word' id='word_1_473' title='bbox 2034 311 2122 346; x_wconf 77' lang='lat' dir='ltr'>ideo-</span> 
     </span>
     <span class='ocr_line' id='line_1_76' title="bbox 1246 351 2127 400; baseline 0.016 -17"><span class='ocrx_word' id='word_1_474' title='bbox 1246 361 1310 394; x_wconf 91' lang='lat' dir='ltr'>que</span> <span class='ocrx_word' id='word_1_475' title='bbox 1321 351 1484 397; x_wconf 82' lang='lat' dir='ltr'>Ephesino</span> <span class='ocrx_word' id='word_1_476' title='bbox 1495 353 1673 391; x_wconf 85' lang='lat' dir='ltr'>latrocinio</span> <span class='ocrx_word' id='word_1_477' title='bbox 1683 356 1939 400; x_wconf 82' lang='lat' dir='ltr'>comparandum</span> <span class='ocrx_word' id='word_1_478' title='bbox 1952 383 1958 390; x_wconf 96' lang='lat'><strong><em>.</em></strong></span> <span class='ocrx_word' id='word_1_479' title='bbox 1985 358 2127 396; x_wconf 83' lang='lat' dir='ltr'>Addidit</span> 
     </span>
     <span class='ocr_line' id='line_1_77' title="bbox 1246 401 2122 452; baseline 0.013 -17"><span class='ocrx_word' id='word_1_480' title='bbox 1246 401 1313 447; x_wconf 86' lang='lat' dir='ltr'>ejus</span> <span class='ocrx_word' id='word_1_481' title='bbox 1323 403 1436 440; x_wconf 85' lang='lat' dir='ltr'>omnia</span> <span class='ocrx_word' id='word_1_482' title='bbox 1451 403 1539 447; x_wconf 90' lang='lat' dir='ltr'>gesta</span> <span class='ocrx_word' id='word_1_483' title='bbox 1549 404 1584 438; x_wconf 78' lang='grc' dir='ltr'>δε</span> <span class='ocrx_word' id='word_1_484' title='bbox 1595 406 1790 450; x_wconf 80' lang='lat' dir='ltr'>exemplaria</span> <span class='ocrx_word' id='word_1_485' title='bbox 1802 407 1932 452; x_wconf 72' lang='lat' dir='ltr'>penitus</span> <span class='ocrx_word' id='word_1_486' title='bbox 1941 408 2102 445; x_wconf 70' lang='lat' dir='ltr'>abolendo</span> <span class='ocrx_word' id='word_1_487' title='bbox 2111 431 2122 449; x_wconf 68' lang='lat'><em>2</em></span> 
     </span>
     <span class='ocr_line' id='line_1_78' title="bbox 1252 453 2128 505; baseline 0.008 -20"><span class='ocrx_word' id='word_1_488' title='bbox 1252 453 1396 487; x_wconf 80' lang='lat' dir='ltr'>voranda</span> <span class='ocrx_word' id='word_1_489' title='bbox 1406 453 1540 502; x_wconf 81' lang='lat' dir='ltr'>ignibus</span> <span class='ocrx_word' id='word_1_490' title='bbox 1559 454 1594 488; x_wconf 86' lang='lat'>&amp;</span> <span class='ocrx_word' id='word_1_491' title='bbox 1606 466 1760 500; x_wconf 84' lang='lat' dir='ltr'>perpetuo</span> <span class='ocrx_word' id='word_1_492' title='bbox 1780 457 1990 495; x_wconf 86' lang='lat' dir='ltr'>anathemate</span> <span class='ocrx_word' id='word_1_493' title='bbox 2011 459 2128 505; x_wconf 79' lang='lat' dir='ltr'>percel—</span> 
     </span>
     <span class='ocr_line' id='line_1_79' title="bbox 1248 500 2129 553; baseline 0.008 -17"><span class='ocrx_word' id='word_1_494' title='bbox 1248 500 1343 538; x_wconf 86' lang='lat' dir='ltr'>lenda</span> <span class='ocrx_word' id='word_1_495' title='bbox 1356 529 1368 546; x_wconf 88' lang='lat'>‚</span> <span class='ocrx_word' id='word_1_496' title='bbox 1393 503 1576 547; x_wconf 89' lang='lat' dir='ltr'>eodemque</span> <span class='ocrx_word' id='word_1_497' title='bbox 1599 505 1706 551; x_wconf 85' lang='lat' dir='ltr'>rigore</span> <span class='ocrx_word' id='word_1_498' title='bbox 1717 509 1880 545; x_wconf 67' lang='lat' dir='ltr'>tractanda</span> <span class='ocrx_word' id='word_1_499' title='bbox 1899 510 2018 553; x_wconf 70' lang='lat' dir='ltr'>quaevis</span> <span class='ocrx_word' id='word_1_500' title='bbox 2028 510 2129 544; x_wconf 51' lang='lat' dir='ltr'>disto*-</span> 
     </span>
     <span class='ocr_line' id='line_1_80' title="bbox 1248 551 2130 604; baseline 0.01 -18"><span class='ocrx_word' id='word_1_501' title='bbox 1248 563 1319 586; x_wconf 86' lang='lat' dir='ltr'>rum</span> <span class='ocrx_word' id='word_1_502' title='bbox 1331 551 1505 588; x_wconf 88' lang='lat' dir='ltr'>Michaelis</span> <span class='ocrx_word' id='word_1_503' title='bbox 1517 556 1550 589; x_wconf 76' lang='grc' dir='ltr'>ἀ</span> <span class='ocrx_word' id='word_1_504' title='bbox 1563 553 1676 594; x_wconf 85' lang='lat' dir='ltr'>Phorii</span> <span class='ocrx_word' id='word_1_505' title='bbox 1689 556 1839 594; x_wconf 72' lang='lat' dir='ltr'>adversus</span> <span class='ocrx_word' id='word_1_506' title='bbox 1857 559 1973 595; x_wconf 88' lang='lat' dir='ltr'>Sedem</span> <span class='ocrx_word' id='word_1_507' title='bbox 1988 558 2130 604; x_wconf 66' lang='lat' dir='ltr'>aposto-</span> 
     </span>
     <span class='ocr_line' id='line_1_81' title="bbox 1247 603 2131 656; baseline 0.009 -20"><span class='ocrx_word' id='word_1_508' title='bbox 1247 603 1343 637; x_wconf 89' lang='lat' dir='ltr'>licam</span> <span class='ocrx_word' id='word_1_509' title='bbox 1357 604 1470 649; x_wconf 88' lang='lat' dir='ltr'>scripta</span> <span class='ocrx_word' id='word_1_510' title='bbox 1483 630 1493 646; x_wconf 94' lang='lat'>,</span> <span class='ocrx_word' id='word_1_511' title='bbox 1502 615 1541 639; x_wconf 84' lang='lat' dir='ltr'>ac</span> <span class='ocrx_word' id='word_1_512' title='bbox 1549 605 1686 649; x_wconf 76' lang='lat' dir='ltr'>proinde</span> <span class='ocrx_word' id='word_1_513' title='bbox 1697 608 1797 642; x_wconf 86' lang='lat' dir='ltr'>etiarn</span> <span class='ocrx_word' id='word_1_514' title='bbox 1810 610 1900 656; x_wconf 77' lang='lat' dir='ltr'>supra</span> <span class='ocrx_word' id='word_1_515' title='bbox 1911 619 2131 646; x_wconf 79' lang='lat' dir='ltr'>memoratam</span> 
     </span>
     <span class='ocr_line' id='line_1_82' title="bbox 1249 654 2132 697; baseline 0.009 -10"><span class='ocrx_word' id='word_1_516' title='bbox 1249 654 1430 696; x_wconf 87' lang='lat' dir='ltr'>Epistolarn</span> <span class='ocrx_word' id='word_1_517' title='bbox 1441 654 1618 692; x_wconf 87' lang='lat' dir='ltr'>Michaelis</span> <span class='ocrx_word' id='word_1_518' title='bbox 1628 681 1636 689; x_wconf 94' lang='lat'><strong>.</strong></span> <span class='ocrx_word' id='word_1_519' title='bbox 1666 658 1836 694; x_wconf 84' lang='lat' dir='ltr'>Secundus</span> <span class='ocrx_word' id='word_1_520' title='bbox 1847 661 1967 697; x_wconf 89' lang='lat' dir='ltr'>Canon</span> <span class='ocrx_word' id='word_1_521' title='bbox 1979 660 2132 696; x_wconf 84' lang='lat' dir='ltr'>eamdem</span> 
     </span>
     <span class='ocr_line' id='line_1_83' title="bbox 1248 701 2131 754; baseline 0.008 -17"><span class='ocrx_word' id='word_1_522' title='bbox 1248 701 1345 738; x_wconf 85' lang='lat' dir='ltr'>habet</span> <span class='ocrx_word' id='word_1_523' title='bbox 1359 705 1555 742; x_wconf 85' lang='lat' dir='ltr'>sententiam</span> <span class='ocrx_word' id='word_1_524' title='bbox 1576 706 1611 740; x_wconf 91' lang='lat' dir='ltr'>iu</span> <span class='ocrx_word' id='word_1_525' title='bbox 1624 706 1704 742; x_wconf 83' lang='lat' dir='ltr'>duas</span> <span class='ocrx_word' id='word_1_526' title='bbox 1720 708 1833 744; x_wconf 87' lang='lat' dir='ltr'>Photii</span> <span class='ocrx_word' id='word_1_527' title='bbox 1845 711 2000 754; x_wconf 84' lang='lat' dir='ltr'>synodos</span> <span class='ocrx_word' id='word_1_528' title='bbox 2021 711 2131 745; x_wconf 84' lang='lat' dir='ltr'>adver-</span> 
     </span>
     <span class='ocr_line' id='line_1_84' title="bbox 1248 755 2131 801; baseline 0.007 -14"><span class='ocrx_word' id='word_1_529' title='bbox 1248 755 1300 787; x_wconf 73' lang='lat' dir='ltr'>sus</span> <span class='ocrx_word' id='word_1_530' title='bbox 1313 755 1464 789; x_wconf 64' lang='lat' dir='ltr'>Sanelum</span> <span class='ocrx_word' id='word_1_531' title='bbox 1477 756 1646 801; x_wconf 76' lang='lat' dir='ltr'>ignatium</span> <span class='ocrx_word' id='word_1_532' title='bbox 1667 758 1799 793; x_wconf 60' lang='lat' dir='ltr'>factiose</span> <span class='ocrx_word' id='word_1_533' title='bbox 1820 761 1971 795; x_wconf 67' lang='lat' dir='ltr'>collectas</span> <span class='ocrx_word' id='word_1_534' title='bbox 1981 774 1994 797; x_wconf 75' lang='lat'>,-</span> <span class='ocrx_word' id='word_1_535' title='bbox 2019 761 2083 797; x_wconf 81' lang='lat' dir='ltr'>Eas</span> <span class='ocrx_word' id='word_1_536' title='bbox 2093 769 2131 794; x_wconf 91' lang='lat' dir='ltr'>ut</span> 
     </span>
     <span class='ocr_line' id='line_1_85' title="bbox 1250 804 2133 855; baseline 0.008 -18"><span class='ocrx_word' id='word_1_537' title='bbox 1250 805 1452 848; x_wconf 87' lang='lat' dir='ltr'>parricidales</span> <span class='ocrx_word' id='word_1_538' title='bbox 1460 804 1630 841; x_wconf 85' lang='lat' dir='ltr'>damnavit</span> <span class='ocrx_word' id='word_1_539' title='bbox 1639 833 1646 840; x_wconf 89' lang='lat'><strong>.</strong></span> <span class='ocrx_word' id='word_1_540' title='bbox 1674 808 1813 844; x_wconf 87' lang='lat' dir='ltr'>Tertius</span> <span class='ocrx_word' id='word_1_541' title='bbox 1824 809 1983 846; x_wconf 88' lang='lat' dir='ltr'>Photium</span> <span class='ocrx_word' id='word_1_542' title='bbox 1992 810 2059 855; x_wconf 84' lang='lat' dir='ltr'>jam</span> <span class='ocrx_word' id='word_1_543' title='bbox 2072 811 2133 854; x_wconf 85' lang='lat' dir='ltr'>pri-</span> 
     </span>
     <span class='ocr_line' id='line_1_86' title="bbox 1248 854 2132 906; baseline 0.007 -18"><span class='ocrx_word' id='word_1_544' title='bbox 1248 854 1322 889; x_wconf 87' lang='lat' dir='ltr'>dem</span> <span class='ocrx_word' id='word_1_545' title='bbox 1336 855 1483 893; x_wconf 69' lang='lat' dir='ltr'>,aSaneto</span> <span class='ocrx_word' id='word_1_546' title='bbox 1495 857 1531 890; x_wconf 95' lang='lat' dir='ltr'>N</span> <span class='ocrx_word' id='word_1_547' title='bbox 1534 856 1642 893; x_wconf 85' lang='lat' dir='ltr'>icolao</span> <span class='ocrx_word' id='word_1_548' title='bbox 1652 857 1819 898; x_wconf 85' lang='lat' dir='ltr'>Pontifice</span> <span class='ocrx_word' id='word_1_549' title='bbox 1829 861 2021 896; x_wconf 85' lang='lat' dir='ltr'>damnatum</span> <span class='ocrx_word' id='word_1_550' title='bbox 2035 868 2132 906; x_wconf 83' lang='lat' dir='ltr'>atque</span> 
     </span>
     <span class='ocr_line' id='line_1_87' title="bbox 1248 905 2135 955; baseline 0.007 -17"><span class='ocrx_word' id='word_1_551' title='bbox 1248 905 1561 941; x_wconf 85' lang='lat' dir='ltr'>anathematizatum</span> <span class='ocrx_word' id='word_1_552' title='bbox 1585 908 1696 945; x_wconf 76' lang='lat' dir='ltr'>denuo</span> <span class='ocrx_word' id='word_1_553' title='bbox 1717 909 1761 943; x_wconf 93' lang='lat' dir='ltr'>ob</span> <span class='ocrx_word' id='word_1_554' title='bbox 1783 911 1983 955; x_wconf 67' lang='lat' dir='ltr'>imaginariae</span> <span class='ocrx_word' id='word_1_555' title='bbox 2003 909 2135 955; x_wconf 81' lang='lat' dir='ltr'>synodi</span> 
     </span>
     <span class='ocr_line' id='line_1_88' title="bbox 1249 955 2133 1002; baseline 0.007 -15"><span class='ocrx_word' id='word_1_556' title='bbox 1249 955 1431 998; x_wconf 86' lang='lat' dir='ltr'>nequitiam</span> <span class='ocrx_word' id='word_1_557' title='bbox 1443 956 1613 992; x_wconf 87' lang='lat' dir='ltr'>damnavit</span> <span class='ocrx_word' id='word_1_558' title='bbox 1634 968 1731 1001; x_wconf 90' lang='lat' dir='ltr'>atque</span> <span class='ocrx_word' id='word_1_559' title='bbox 1743 958 2053 1002; x_wconf 85' lang='lat' dir='ltr'>anathematizavit,</span> <span class='ocrx_word' id='word_1_560' title='bbox 2079 960 2133 994; x_wconf 84' lang='lat' dir='ltr'>ad·</span> 
     </span>
     <span class='ocr_line' id='line_1_89' title="bbox 1249 1003 2131 1053; baseline 0.007 -15"><span class='ocrx_word' id='word_1_561' title='bbox 1249 1003 1321 1039; x_wconf 87' lang='lat' dir='ltr'>dito</span> <span class='ocrx_word' id='word_1_562' title='bbox 1342 1003 1408 1038; x_wconf 89' lang='lat' dir='ltr'>hoc</span> <span class='ocrx_word' id='word_1_563' title='bbox 1429 1006 1540 1049; x_wconf 76' lang='lat' dir='ltr'>gratiz</span> <span class='ocrx_word' id='word_1_564' title='bbox 1560 1007 1806 1053; x_wconf 78' lang='lat' dir='ltr'>moderamine,-</span> <span class='ocrx_word' id='word_1_565' title='bbox 1832 1013 1910 1046; x_wconf 76' lang='lat' dir='ltr'>sane</span> <span class='ocrx_word' id='word_1_566' title='bbox 1924 1009 1954 1051; x_wconf 84' lang='lat' dir='ltr'><em>fi</em></span> <span class='ocrx_word' id='word_1_567' title='bbox 1970 1017 2050 1045; x_wconf 79' lang='lat' dir='ltr'>vivae</span> <span class='ocrx_word' id='word_1_568' title='bbox 2062 1022 2131 1044; x_wconf 83' lang='lat' dir='ltr'>voce</span> 
     </span>
     <span class='ocr_line' id='line_1_90' title="bbox 1251 1054 2132 1103; baseline 0.006 -14"><span class='ocrx_word' id='word_1_569' title='bbox 1251 1057 1413 1097; x_wconf 73' lang='lat' dir='ltr'>&amp;proprio</span> <span class='ocrx_word' id='word_1_570' title='bbox 1430 1054 1542 1098; x_wconf 62' lang='lat' dir='ltr'>scrinio</span> <span class='ocrx_word' id='word_1_571' title='bbox 1562 1055 1646 1090; x_wconf 77' lang='lat' dir='ltr'>nobis</span> <span class='ocrx_word' id='word_1_572' title='bbox 1667 1063 1702 1090; x_wconf 85' lang='lat' dir='ltr'>in</span> <span class='ocrx_word' id='word_1_573' title='bbox 1723 1059 1876 1100; x_wconf 81' lang='lat' dir='ltr'>omnibus,</span> <span class='ocrx_word' id='word_1_574' title='bbox 1902 1070 1970 1103; x_wconf 81' lang='lat' dir='ltr'>quae</span> <span class='ocrx_word' id='word_1_575' title='bbox 1992 1062 2055 1094; x_wconf 65' lang='lat' dir='ltr'>tum</span> <span class='ocrx_word' id='word_1_576' title='bbox 2076 1069 2132 1102; x_wconf 84' lang='lat' dir='ltr'>per</span> 
     </span>
     <span class='ocr_line' id='line_1_91' title="bbox 1251 1106 2135 1154; baseline 0.008 -18"><span class='ocrx_word' id='word_1_577' title='bbox 1251 1116 1301 1138; x_wconf 88' lang='lat' dir='ltr'>nos</span> <span class='ocrx_word' id='word_1_578' title='bbox 1315 1129 1327 1145; x_wconf 90' lang='lat'>‚</span> <span class='ocrx_word' id='word_1_579' title='bbox 1352 1114 1417 1137; x_wconf 86' lang='lat' dir='ltr'>tum</span> <span class='ocrx_word' id='word_1_580' title='bbox 1425 1112 1482 1146; x_wconf 77' lang='lat' dir='ltr'>per</span> <span class='ocrx_word' id='word_1_581' title='bbox 1495 1106 1669 1149; x_wconf 73' lang='lat' dir='ltr'>Decefforem</span> <span class='ocrx_word' id='word_1_582' title='bbox 1687 1107 1812 1149; x_wconf 83' lang='lat' dir='ltr'>nostrum</span> <span class='ocrx_word' id='word_1_583' title='bbox 1819 1109 1938 1150; x_wconf 75' lang='lat' dir='ltr'>statuta</span> <span class='ocrx_word' id='word_1_584' title='bbox 1954 1108 2027 1154; x_wconf 86' lang='lat' dir='ltr'>sunt</span> <span class='ocrx_word' id='word_1_585' title='bbox 2036 1133 2046 1149; x_wconf 92' lang='lat'>‚</span> <span class='ocrx_word' id='word_1_586' title='bbox 2071 1109 2135 1143; x_wconf 61' lang='lat' dir='ltr'>obe⁴⁴</span> 
     </span>
     <span class='ocr_line' id='line_1_92' title="bbox 1250 1153 2134 1204; baseline 0.006 -17"><span class='ocrx_word' id='word_1_587' title='bbox 1250 1155 1314 1188; x_wconf 83' lang='lat' dir='ltr'>dire</span> <span class='ocrx_word' id='word_1_588' title='bbox 1327 1153 1545 1198; x_wconf 82' lang='lat' dir='ltr'>spoponderit,</span> <span class='ocrx_word' id='word_1_589' title='bbox 1570 1157 1605 1196; x_wconf 58' lang='grc' dir='ltr'>ᾧ·</span> <span class='ocrx_word' id='word_1_590' title='bbox 1624 1158 1767 1204; x_wconf 73' lang='lat' dir='ltr'>praedic‘li</span> <span class='ocrx_word' id='word_1_591' title='bbox 1786 1159 1910 1203; x_wconf 82' lang='lat' dir='ltr'>profani</span> <span class='ocrx_word' id='word_1_592' title='bbox 1921 1159 2134 1198; x_wconf 73' lang='lat' dir='ltr'>conciliabuli,</span> 
     </span>
     <span class='ocr_line' id='line_1_93' title="bbox 1251 1202 2136 1255; baseline 0.005 -17"><span class='ocrx_word' id='word_1_593' title='bbox 1251 1206 1296 1238; x_wconf 88' lang='lat' dir='ltr'>ad</span> <span class='ocrx_word' id='word_1_594' title='bbox 1300 1202 1542 1253; x_wconf 61' lang='lat' dir='ltr'>satisfac‘lionem</span> <span class='ocrx_word' id='word_1_595' title='bbox 1561 1212 1749 1249; x_wconf 76' lang='lat' dir='ltr'>poenitentiae</span> <span class='ocrx_word' id='word_1_596' title='bbox 1766 1219 1863 1244; x_wconf 87' lang='lat' dir='ltr'>motus</span> <span class='ocrx_word' id='word_1_597' title='bbox 1875 1233 1886 1250; x_wconf 90' lang='lat'>,</span> <span class='ocrx_word' id='word_1_598' title='bbox 1907 1210 1991 1255; x_wconf 81' lang='lat' dir='ltr'>gesta</span> <span class='ocrx_word' id='word_1_599' title='bbox 2007 1212 2136 1244; x_wconf 76' lang='lat' dir='ltr'>damna-</span> 
     </span>
     <span class='ocr_line' id='line_1_94' title="bbox 1251 1257 2131 1305; baseline 0.005 -17"><span class='ocrx_word' id='word_1_600' title='bbox 1251 1260 1333 1289; x_wconf 81' lang='lat' dir='ltr'>verit</span> <span class='ocrx_word' id='word_1_601' title='bbox 1346 1279 1357 1296; x_wconf 92' lang='lat'><strong>,</strong></span> <span class='ocrx_word' id='word_1_602' title='bbox 1382 1257 1467 1289; x_wconf 78' lang='lat' dir='ltr'>laicae</span> <span class='ocrx_word' id='word_1_603' title='bbox 1476 1263 1683 1291; x_wconf 75' lang='lat' dir='ltr'>communionis</span> <span class='ocrx_word' id='word_1_604' title='bbox 1689 1264 1825 1302; x_wconf 81' lang='lat' dir='ltr'>gratiam</span> <span class='ocrx_word' id='word_1_605' title='bbox 1836 1266 1865 1294; x_wconf 83' lang='lat' dir='ltr'>ei</span> <span class='ocrx_word' id='word_1_606' title='bbox 1876 1271 1935 1294; x_wconf 87' lang='lat' dir='ltr'>non</span> <span class='ocrx_word' id='word_1_607' title='bbox 1945 1262 2131 1305; x_wconf 77' lang='lat' dir='ltr'>denegamus.</span> 
     </span>
     <span class='ocr_line' id='line_1_95' title="bbox 1252 1306 2133 1355; baseline 0.006 -16"><span class='ocrx_word' id='word_1_608' title='bbox 1252 1306 1399 1354; x_wconf 82' lang='lat' dir='ltr'>Qartus</span> <span class='ocrx_word' id='word_1_609' title='bbox 1409 1306 1528 1341; x_wconf 91' lang='lat' dir='ltr'>Canon</span> <span class='ocrx_word' id='word_1_610' title='bbox 1551 1307 1709 1342; x_wconf 86' lang='lat' dir='ltr'>omnibus</span> <span class='ocrx_word' id='word_1_611' title='bbox 1719 1309 1919 1355; x_wconf 69' lang='lat' dir='ltr'>imaginariae</span> <span class='ocrx_word' id='word_1_612' title='bbox 1931 1310 2059 1354; x_wconf 88' lang='lat' dir='ltr'>Synodi</span> <span class='ocrx_word' id='word_1_613' title='bbox 2078 1321 2133 1344; x_wconf 86' lang='lat' dir='ltr'>co·</span> 
     </span>
     <span class='ocr_line' id='line_1_96' title="bbox 1252 1355 2135 1405; baseline 0.006 -16"><span class='ocrx_word' id='word_1_614' title='bbox 1252 1355 1478 1400; x_wconf 85' lang='lat' dir='ltr'>operatoribus</span> <span class='ocrx_word' id='word_1_615' title='bbox 1490 1380 1501 1397; x_wconf 90' lang='lat'>‚</span> <span class='ocrx_word' id='word_1_616' title='bbox 1510 1359 1790 1394; x_wconf 85' lang='lat' dir='ltr'>consentientibus</span> <span class='ocrx_word' id='word_1_617' title='bbox 1801 1385 1812 1402; x_wconf 89' lang='lat'>,</span> <span class='ocrx_word' id='word_1_618' title='bbox 1822 1361 1855 1395; x_wconf 70' lang='grc' dir='ltr'>ὅ(</span> <span class='ocrx_word' id='word_1_619' title='bbox 1865 1355 2135 1405; x_wconf 72' lang='lat' dir='ltr'>subscriptoribus</span> 
     </span>
     <span class='ocr_line' id='line_1_97' title="bbox 1252 1405 2134 1457; baseline 0.009 -18"><span class='ocrx_word' id='word_1_620' title='bbox 1252 1418 1292 1439; x_wconf 87' lang='lat' dir='ltr'>ex</span> <span class='ocrx_word' id='word_1_621' title='bbox 1303 1406 1416 1440; x_wconf 85' lang='lat' dir='ltr'>animo</span> <span class='ocrx_word' id='word_1_622' title='bbox 1428 1405 1659 1450; x_wconf 85' lang='lat' dir='ltr'>poenitentibus</span> <span class='ocrx_word' id='word_1_623' title='bbox 1669 1409 1816 1448; x_wconf 85' lang='lat' dir='ltr'>eamdem</span> <span class='ocrx_word' id='word_1_624' title='bbox 1826 1411 1906 1448; x_wconf 83' lang='lat' dir='ltr'>facit</span> <span class='ocrx_word' id='word_1_625' title='bbox 1915 1411 2057 1457; x_wconf 65' lang='lat' dir='ltr'>gratiani</span> <span class='ocrx_word' id='word_1_626' title='bbox 2065 1436 2075 1452; x_wconf 93' lang='lat'><strong>,</strong></span> <span class='ocrx_word' id='word_1_627' title='bbox 2096 1411 2134 1445; x_wconf 68' lang='grc' dir='ltr'><strong>ά</strong></span> 
     </span>
     <span class='ocr_line' id='line_1_98' title="bbox 1253 1456 2134 1501; baseline 0.009 -14"><span class='ocrx_word' id='word_1_628' title='bbox 1253 1456 1406 1489; x_wconf 85' lang='lat' dir='ltr'>Bafilium</span> <span class='ocrx_word' id='word_1_629' title='bbox 1421 1457 1609 1500; x_wconf 81' lang='lat' dir='ltr'>Augustum</span> <span class='ocrx_word' id='word_1_630' title='bbox 1619 1482 1630 1498; x_wconf 92' lang='lat'><strong>,</strong></span> <span class='ocrx_word' id='word_1_631' title='bbox 1657 1459 1750 1501; x_wconf 86' lang='lat' dir='ltr'>cujus</span> <span class='ocrx_word' id='word_1_632' title='bbox 1761 1471 1883 1495; x_wconf 84' lang='lat' dir='ltr'>nomen</span> <span class='ocrx_word' id='word_1_633' title='bbox 1897 1463 2001 1497; x_wconf 84' lang='lat' dir='ltr'>fuerat</span> <span class='ocrx_word' id='word_1_634' title='bbox 2018 1458 2134 1496; x_wconf 74' lang='lat' dir='ltr'>dolose</span> 
     </span>
     <span class='ocr_line' id='line_1_99' title="bbox 1252 1504 2134 1548; baseline 0.007 -11"><span class='ocrx_word' id='word_1_635' title='bbox 1252 1504 1465 1548; x_wconf 91' lang='lat' dir='ltr'>subscriptum</span> <span class='ocrx_word' id='word_1_636' title='bbox 1489 1530 1501 1545; x_wconf 92' lang='lat'>‚</span> <span class='ocrx_word' id='word_1_637' title='bbox 1526 1505 1641 1541; x_wconf 89' lang='lat' dir='ltr'>liberat</span> <span class='ocrx_word' id='word_1_638' title='bbox 1665 1508 1699 1542; x_wconf 77' lang='grc' dir='ltr'>δε</span> <span class='ocrx_word' id='word_1_639' title='bbox 1719 1508 1904 1544; x_wconf 87' lang='lat' dir='ltr'>immunem</span> <span class='ocrx_word' id='word_1_640' title='bbox 1930 1511 2073 1546; x_wconf 78' lang='lat' dir='ltr'>declarat</span> <span class='ocrx_word' id='word_1_641' title='bbox 2088 1509 2134 1544; x_wconf 85' lang='lat' dir='ltr'>ab</span> 
     </span>
     <span class='ocr_line' id='line_1_100' title="bbox 1252 1554 2134 1604; baseline 0.007 -17"><span class='ocrx_word' id='word_1_642' title='bbox 1252 1554 1347 1588; x_wconf 90' lang='lat' dir='ltr'>omni</span> <span class='ocrx_word' id='word_1_643' title='bbox 1359 1554 1595 1598; x_wconf 84' lang='lat' dir='ltr'>complicitatis</span> <span class='ocrx_word' id='word_1_644' title='bbox 1608 1557 1791 1599; x_wconf 88' lang='lat' dir='ltr'>suspicione</span> <span class='ocrx_word' id='word_1_645' title='bbox 1803 1571 1902 1604; x_wconf 84' lang='lat' dir='ltr'>atque</span> <span class='ocrx_word' id='word_1_646' title='bbox 1912 1560 2048 1595; x_wconf 74' lang='lat' dir='ltr'>infamia</span> <span class='ocrx_word' id='word_1_647' title='bbox 2059 1562 2080 1599; x_wconf 84' lang='lat'>‚&#39;</span> <span class='ocrx_word' id='word_1_648' title='bbox 2097 1559 2134 1593; x_wconf 83' lang='lat' dir='ltr'>il-</span> 
     </span>
     <span class='ocr_line' id='line_1_101' title="bbox 1254 1601 2136 1652; baseline 0.011 -18"><span class='ocrx_word' id='word_1_649' title='bbox 1254 1603 1323 1635; x_wconf 87' lang='lat' dir='ltr'>lum</span> <span class='ocrx_word' id='word_1_650' title='bbox 1334 1601 1790 1641; x_wconf 77' lang='lat' dir='ltr'>laudansorthodoxiffimum</span> <span class='ocrx_word' id='word_1_651' title='bbox 1808 1609 1843 1646; x_wconf 66' lang='grc' dir='ltr'>ὃς</span> <span class='ocrx_word' id='word_1_652' title='bbox 1852 1609 2136 1652; x_wconf 80' lang='lat' dir='ltr'>diligentiffimum</span> 
     </span>
     <span class='ocr_line' id='line_1_102' title="bbox 1253 1650 2137 1703; baseline 0.008 -17"><span class='ocrx_word' id='word_1_653' title='bbox 1253 1651 1344 1690; x_wconf 89' lang='lat' dir='ltr'>Sedis</span> <span class='ocrx_word' id='word_1_654' title='bbox 1355 1650 1555 1695; x_wconf 83' lang='lat' dir='ltr'>Apostolicae</span> <span class='ocrx_word' id='word_1_655' title='bbox 1575 1654 1855 1694; x_wconf 84' lang='lat' dir='ltr'>constitutionum</span> <span class='ocrx_word' id='word_1_656' title='bbox 1875 1657 2137 1703; x_wconf 57' lang='lat' dir='ltr'>observatorem}</span> 
     </span>
     <span class='ocr_line' id='line_1_103' title="bbox 1255 1701 2137 1753; baseline 0.008 -16"><span class='ocrx_word' id='word_1_657' title='bbox 1255 1713 1351 1746; x_wconf 87' lang='lat' dir='ltr'>atque</span> <span class='ocrx_word' id='word_1_658' title='bbox 1370 1701 1446 1736; x_wconf 76' lang='lat' dir='ltr'>ideo</span> <span class='ocrx_word' id='word_1_659' title='bbox 1469 1703 1628 1747; x_wconf 90' lang='lat' dir='ltr'>recipiens</span> <span class='ocrx_word' id='word_1_660' title='bbox 1647 1707 1734 1741; x_wconf 87' lang='lat' dir='ltr'>inter</span> <span class='ocrx_word' id='word_1_661' title='bbox 1749 1707 1879 1753; x_wconf 80' lang='lat' dir='ltr'>piorum</span> <span class='ocrx_word' id='word_1_662' title='bbox 1900 1707 1934 1742; x_wconf 75' lang='grc' dir='ltr'>δε</span> <span class='ocrx_word' id='word_1_663' title='bbox 1947 1707 2137 1744; x_wconf 80' lang='lat' dir='ltr'>Catholico&#39;·</span> 
     </span>
     <span class='ocr_line' id='line_1_104' title="bbox 1256 1753 2138 1803; baseline 0.009 -16"><span class='ocrx_word' id='word_1_664' title='bbox 1256 1762 1328 1787; x_wconf 89' lang='lat' dir='ltr'>rum</span> <span class='ocrx_word' id='word_1_665' title='bbox 1342 1753 1760 1796; x_wconf 60' lang='lat' dir='ltr'>Imperatorum&#39;numerum</span> <span class='ocrx_word' id='word_1_666' title='bbox 1770 1780 1781 1798; x_wconf 91' lang='lat'>‚</span> <span class='ocrx_word' id='word_1_667' title='bbox 1805 1758 2011 1803; x_wconf 87' lang='lat' dir='ltr'>statuensque</span> <span class='ocrx_word' id='word_1_668' title='bbox 2021 1784 2032 1801; x_wconf 86' lang='lat'>,</span> <span class='ocrx_word' id='word_1_669' title='bbox 2056 1759 2080 1793; x_wconf 80' lang='lat' dir='ltr'><strong>fi</strong></span> <span class='ocrx_word' id='word_1_670' title='bbox 2091 1758 2138 1795; x_wconf 60' lang='lat' dir='ltr'>ita</span> 
     </span>
     <span class='ocr_line' id='line_1_105' title="bbox 1257 1803 2137 1851; baseline 0.009 -14"><span class='ocrx_word' id='word_1_671' title='bbox 1257 1803 1461 1847; x_wconf 86' lang='lat' dir='ltr'>perseverarit</span> <span class='ocrx_word' id='word_1_672' title='bbox 1479 1827 1491 1844; x_wconf 87' lang='lat'>‚</span> <span class='ocrx_word' id='word_1_673' title='bbox 1518 1805 1640 1848; x_wconf 83' lang='lat' dir='ltr'>semper</span> <span class='ocrx_word' id='word_1_674' title='bbox 1656 1807 1882 1851; x_wconf 71' lang='lat' dir='ltr'>recipiendum</span> <span class='ocrx_word' id='word_1_675' title='bbox 1908 1833 1915 1841; x_wconf 90' lang='lat'>.</span> <span class='ocrx_word' id='word_1_676' title='bbox 1942 1810 1997 1847; x_wconf 89' lang='lat' dir='ltr'>Sic</span> <span class='ocrx_word' id='word_1_677' title='bbox 2021 1810 2137 1846; x_wconf 65' lang='lat' dir='ltr'>omnis</span> 
     </span>
     <span class='ocr_line' id='line_1_106' title="bbox 1256 1852 2136 1903; baseline 0.008 -18"><span class='ocrx_word' id='word_1_678' title='bbox 1256 1852 1324 1895; x_wconf 81' lang='lat' dir='ltr'>ejus</span> <span class='ocrx_word' id='word_1_679' title='bbox 1335 1875 1344 1892; x_wconf 94' lang='lat'>‚</span> <span class='ocrx_word' id='word_1_680' title='bbox 1372 1853 1462 1894; x_wconf 77' lang='lat' dir='ltr'>quod</span> <span class='ocrx_word' id='word_1_681' title='bbox 1475 1853 1610 1889; x_wconf 81' lang='lat' dir='ltr'>Basilius</span> <span class='ocrx_word' id='word_1_682' title='bbox 1620 1856 1807 1900; x_wconf 81' lang='lat' dir='ltr'>Spatharius</span> <span class='ocrx_word' id='word_1_683' title='bbox 1834 1858 1961 1896; x_wconf 70' lang='lat' dir='ltr'>obnixe</span> <span class='ocrx_word' id='word_1_684' title='bbox 1981 1864 2136 1903; x_wconf 48' lang='lat' dir='ltr'>rogatam*</span> 
     </span>
     <span class='ocr_line' id='line_1_107' title="bbox 1256 1901 2138 1947; baseline 0.008 -11"><span class='ocrx_word' id='word_1_685' title='bbox 1256 1901 1298 1939; x_wconf 81' lang='lat' dir='ltr'>de</span> <span class='ocrx_word' id='word_1_686' title='bbox 1321 1902 1437 1937; x_wconf 64' lang='lat' dir='ltr'>Sancto</span> <span class='ocrx_word' id='word_1_687' title='bbox 1447 1903 1581 1947; x_wconf 71' lang='lat' dir='ltr'>ignatio</span> <span class='ocrx_word' id='word_1_688' title='bbox 1602 1906 1637 1939; x_wconf 88' lang='lat'>&amp;</span> <span class='ocrx_word' id='word_1_689' title='bbox 1648 1905 1772 1940; x_wconf 87' lang='lat' dir='ltr'>Photio</span> <span class='ocrx_word' id='word_1_690' title='bbox 1793 1907 1876 1943; x_wconf 73' lang='lat' dir='ltr'>Acta</span> <span class='ocrx_word' id='word_1_691' title='bbox 1888 1907 2046 1942; x_wconf 83' lang='lat' dir='ltr'>Pontifex</span> <span class='ocrx_word' id='word_1_692' title='bbox 2056 1918 2138 1943; x_wconf 85' lang='lat' dir='ltr'>con·</span> 
     </span>
     <span class='ocr_line' id='line_1_108' title="bbox 1259 1951 2138 2002; baseline 0.01 -18"><span class='ocrx_word' id='word_1_693' title='bbox 1259 1951 1427 1997; x_wconf 49' lang='lat' dir='ltr'>firmavit..</span> <span class='ocrx_word' id='word_1_694' title='bbox 1459 1953 1607 2000; x_wconf 86' lang='lat' dir='ltr'>Qintus</span> <span class='ocrx_word' id='word_1_695' title='bbox 1628 1954 1750 1990; x_wconf 81' lang='lat' dir='ltr'>Canon</span> <span class='ocrx_word' id='word_1_696' title='bbox 1769 1967 1907 1991; x_wconf 87' lang='lat' dir='ltr'>omnem</span> <span class='ocrx_word' id='word_1_697' title='bbox 1927 1957 2025 1992; x_wconf 84' lang='lat' dir='ltr'>illurn</span> <span class='ocrx_word' id='word_1_698' title='bbox 2045 1982 2056 1999; x_wconf 94' lang='lat'>‚</span> <span class='ocrx_word' id='word_1_699' title='bbox 2079 1957 2138 2002; x_wconf 78' lang='lat' dir='ltr'>qui</span> 
     </span>
     <span class='ocr_line' id='line_1_109' title="bbox 1259 2003 2140 2048; baseline 0.008 -13"><span class='ocrx_word' id='word_1_700' title='bbox 1259 2003 1460 2047; x_wconf 77' lang='lat' dir='ltr'>imaginariae</span> <span class='ocrx_word' id='word_1_701' title='bbox 1470 2004 1596 2046; x_wconf 84' lang='lat' dir='ltr'>synodi</span> <span class='ocrx_word' id='word_1_702' title='bbox 1606 2006 1804 2048; x_wconf 78' lang='lat' dir='ltr'>&#39;exemplaria</span> <span class='ocrx_word' id='word_1_703' title='bbox 1816 2007 2140 2047; x_wconf 48' lang='lat' dir='ltr'>retinueritscelave-</span> 
     </span>
     <span class='ocr_line' id='line_1_110' title="bbox 1259 2052 2140 2099; baseline 0.009 -16"><span class='ocrx_word' id='word_1_704' title='bbox 1259 2053 1300 2085; x_wconf 82' lang='lat' dir='ltr'>rit</span> <span class='ocrx_word' id='word_1_705' title='bbox 1310 2074 1322 2091; x_wconf 88' lang='lat'>‚</span> <span class='ocrx_word' id='word_1_706' title='bbox 1333 2052 1516 2088; x_wconf 73' lang='lat' dir='ltr'>defenderit</span> <span class='ocrx_word' id='word_1_707' title='bbox 1529 2073 1539 2090; x_wconf 92' lang='lat'>‚</span> <span class='ocrx_word' id='word_1_708' title='bbox 1564 2062 1632 2089; x_wconf 87' lang='lat' dir='ltr'>non</span> <span class='ocrx_word' id='word_1_709' title='bbox 1646 2054 1805 2095; x_wconf 85' lang='lat' dir='ltr'>revelarit,</span> <span class='ocrx_word' id='word_1_710' title='bbox 1817 2062 1872 2088; x_wconf 88' lang='lat' dir='ltr'>aut</span> <span class='ocrx_word' id='word_1_711' title='bbox 1885 2066 1953 2089; x_wconf 89' lang='lat' dir='ltr'>non</span> <span class='ocrx_word' id='word_1_712' title='bbox 1964 2057 2140 2099; x_wconf 68' lang='lat' dir='ltr'>cremarit,</span> 
     </span>
     <span class='ocr_line' id='line_1_111' title="bbox 1258 2100 2143 2151; baseline 0.006 -15"><span class='ocrx_word' id='word_1_713' title='bbox 1258 2102 1393 2136; x_wconf 84' lang='lat' dir='ltr'>damnat</span> <span class='ocrx_word' id='word_1_714' title='bbox 1406 2101 1529 2135; x_wconf 90' lang='lat' dir='ltr'>laicum</span> <span class='ocrx_word' id='word_1_715' title='bbox 1543 2100 1753 2138; x_wconf 88' lang='lat' dir='ltr'>anathemate</span> <span class='ocrx_word' id='word_1_716' title='bbox 1764 2127 1775 2143; x_wconf 92' lang='lat'>,</span> <span class='ocrx_word' id='word_1_717' title='bbox 1800 2104 1967 2139; x_wconf 87' lang='lat' dir='ltr'>Clericum</span> <span class='ocrx_word' id='word_1_718' title='bbox 1983 2105 2143 2151; x_wconf 49' lang='lat' dir='ltr'>degrada*</span> 
     </span>
     <span class='ocr_line' id='line_1_112' title="bbox 1259 2151 2140 2199; baseline 0.006 -14"><span class='ocrx_word' id='word_1_719' title='bbox 1259 2153 1368 2186; x_wconf 92' lang='lat' dir='ltr'>tione.</span> <span class='ocrx_word' id='word_1_720' title='bbox 1399 2151 1509 2185; x_wconf 86' lang='lat' dir='ltr'>Etiam</span> <span class='ocrx_word' id='word_1_721' title='bbox 1531 2152 1626 2187; x_wconf 90' lang='lat' dir='ltr'>illum</span> <span class='ocrx_word' id='word_1_722' title='bbox 1642 2176 1654 2193; x_wconf 92' lang='lat'><strong>,</strong></span> <span class='ocrx_word' id='word_1_723' title='bbox 1678 2159 1731 2198; x_wconf 83' lang='lat' dir='ltr'>qui</span> <span class='ocrx_word' id='word_1_724' title='bbox 1749 2153 1814 2188; x_wconf 84' lang='lat' dir='ltr'>baec</span> <span class='ocrx_word' id='word_1_725' title='bbox 1836 2157 1974 2190; x_wconf 81' lang='lat' dir='ltr'>occultare</span> <span class='ocrx_word' id='word_1_726' title='bbox 1986 2163 2140 2199; x_wconf 78' lang='lat' dir='ltr'>putatur,</span> 
     </span>
     <span class='ocr_line' id='line_1_113' title="bbox 1260 2200 2140 2248; baseline 0.009 -16"><span class='ocrx_word' id='word_1_727' title='bbox 1260 2205 1294 2238; x_wconf 65' lang='grc' dir='ltr'>ό·</span> <span class='ocrx_word' id='word_1_728' title='bbox 1306 2200 1367 2244; x_wconf 82' lang='lat' dir='ltr'>ipse</span> <span class='ocrx_word' id='word_1_729' title='bbox 1390 2200 1460 2234; x_wconf 77' lang='lat' dir='ltr'>hinc</span> <span class='ocrx_word' id='word_1_730' title='bbox 1474 2207 1629 2244; x_wconf 84' lang='lat' dir='ltr'>impetitus</span> <span class='ocrx_word' id='word_1_731' title='bbox 1650 2214 1702 2238; x_wconf 84' lang='lat' dir='ltr'>nec</span> <span class='ocrx_word' id='word_1_732' title='bbox 1723 2203 1918 2248; x_wconf 86' lang='lat' dir='ltr'>respondere,</span> <span class='ocrx_word' id='word_1_733' title='bbox 1942 2217 1995 2240; x_wconf 85' lang='lat' dir='ltr'>nec</span> <span class='ocrx_word' id='word_1_734' title='bbox 2005 2208 2140 2240; x_wconf 68' lang='lat' dir='ltr'>Decretis</span> 
     </span>
     <span class='ocr_line' id='line_1_114' title="bbox 1261 2251 2142 2301; baseline 0.009 -18"><span class='ocrx_word' id='word_1_735' title='bbox 1261 2251 1425 2294; x_wconf 77' lang='lat' dir='ltr'>Apostolicae</span> <span class='ocrx_word' id='word_1_736' title='bbox 1436 2253 1517 2288; x_wconf 78' lang='lat' dir='ltr'>Sedis</span> <span class='ocrx_word' id='word_1_737' title='bbox 1527 2258 1560 2285; x_wconf 81' lang='lat' dir='ltr'>in</span> <span class='ocrx_word' id='word_1_738' title='bbox 1583 2251 1637 2285; x_wconf 85' lang='lat' dir='ltr'>bac</span> <span class='ocrx_word' id='word_1_739' title='bbox 1657 2260 1754 2294; x_wconf 81' lang='lat' dir='ltr'>parte,</span> <span class='ocrx_word' id='word_1_740' title='bbox 1762 2263 1872 2297; x_wconf 84' lang='lat' dir='ltr'>parere</span> <span class='ocrx_word' id='word_1_741' title='bbox 1882 2254 2055 2301; x_wconf 66' lang='lat' dir='ltr'>consenserit</span> <span class='ocrx_word' id='word_1_742' title='bbox 2066 2282 2073 2290; x_wconf 91' lang='lat'><strong>.</strong></span> <span class='ocrx_word' id='word_1_743' title='bbox 2097 2255 2142 2291; x_wconf 82' lang='lat' dir='ltr'>Et</span> 
     </span>
     <span class='ocr_line' id='line_1_115' title="bbox 1263 2301 2141 2348; baseline 0.002 -12"><span class='ocrx_word' id='word_1_744' title='bbox 1263 2303 1436 2347; x_wconf 85' lang='lat' dir='ltr'>adjungit:</span> <span class='ocrx_word' id='word_1_745' title='bbox 1465 2304 1546 2345; x_wconf 77' lang='lat' dir='ltr'>,Quae</span> <span class='ocrx_word' id='word_1_746' title='bbox 1556 2313 1614 2335; x_wconf 88' lang='lat' dir='ltr'>non</span> <span class='ocrx_word' id='word_1_747' title='bbox 1629 2301 1723 2346; x_wconf 71' lang='lat' dir='ltr'>filum</span> <span class='ocrx_word' id='word_1_748' title='bbox 1740 2305 1776 2337; x_wconf 89' lang='lat' dir='ltr'>de</span> <span class='ocrx_word' id='word_1_749' title='bbox 1787 2305 2141 2348; x_wconf 73' lang='lat' dir='ltr'>constantinopolitanis-,³</span> 
     </span>
    </p>
   </div>
   <div class='ocr_carea' id='block_1_12' title="bbox 1254 2350 2141 2398">
    <p class='ocr_par' dir='ltr' id='par_1_14' title="bbox 1254 2350 2141 2398">
     <span class='ocr_line' id='line_1_116' title="bbox 1254 2350 2141 2398; baseline 0.002 -12"><span class='ocrx_word' id='word_1_750' title='bbox 1254 2350 1280 2396; x_wconf 87' lang='lat' dir='ltr'><em>s</em></span> <span class='ocrx_word' id='word_1_751' title='bbox 1274 2355 1313 2386; x_wconf 88' lang='lat' dir='ltr'>ed</span> <span class='ocrx_word' id='word_1_752' title='bbox 1323 2354 1358 2386; x_wconf 60' lang='grc' dir='ltr'>ά)</span> <span class='ocrx_word' id='word_1_753' title='bbox 1369 2353 1583 2385; x_wconf 82' lang='lat' dir='ltr'>Alexandrinis</span> <span class='ocrx_word' id='word_1_754' title='bbox 1595 2377 1606 2393; x_wconf 88' lang='lat'>‚</span> <span class='ocrx_word' id='word_1_755' title='bbox 1632 2353 1820 2389; x_wconf 76' lang='lat' dir='ltr'>Antiochenis</span> <span class='ocrx_word' id='word_1_756' title='bbox 1833 2381 1842 2395; x_wconf 90' lang='lat'>‚</span> <span class='ocrx_word' id='word_1_757' title='bbox 1855 2355 2116 2398; x_wconf 67' lang='lat' dir='ltr'>Hierofhhmitants</span> <span class='ocrx_word' id='word_1_758' title='bbox 2129 2381 2141 2397; x_wconf 91' lang='lat'>,</span> 
     </span>
    </p>
   </div>
   <div class='ocr_carea' id='block_1_13' title="bbox 1259 2403 2146 3300">
    <p class='ocr_par' dir='ltr' id='par_1_15' title="bbox 1259 2403 2140 2487">
     <span class='ocr_line' id='line_1_117' title="bbox 1259 2403 2140 2451; baseline 0.007 -17"><span class='ocrx_word' id='word_1_759' title='bbox 1259 2411 1346 2446; x_wconf 83' lang='lat' dir='ltr'>atque</span> <span class='ocrx_word' id='word_1_760' title='bbox 1358 2404 1395 2437; x_wconf 84' lang='lat' dir='ltr'>de</span> <span class='ocrx_word' id='word_1_761' title='bbox 1407 2403 1540 2437; x_wconf 78' lang='lat' dir='ltr'>omnibus</span> <span class='ocrx_word' id='word_1_762' title='bbox 1553 2406 1668 2437; x_wconf 73' lang='lat' dir='ltr'>omnino</span> <span class='ocrx_word' id='word_1_763' title='bbox 1675 2404 1815 2446; x_wconf 82' lang='lat' dir='ltr'>fidelibus</span> <span class='ocrx_word' id='word_1_764' title='bbox 1827 2405 1984 2448; x_wconf 61' lang='lat' dir='ltr'>apostolica</span> <span class='ocrx_word' id='word_1_765' title='bbox 1989 2404 2140 2451; x_wconf 54' lang='lat' dir='ltr'>sandione</span> 
     </span>
     <span class='ocr_line' id='line_1_118' title="bbox 1269 2454 2026 2487; baseline -0.003 -1"><span class='ocrx_word' id='word_1_766' title='bbox 1269 2456 1453 2487; x_wconf 85' lang='lat' dir='ltr'>decernimus</span> <span class='ocrx_word' id='word_1_767' title='bbox 1464 2478 1471 2484; x_wconf 91' lang='lat'>.</span> <span class='ocrx_word' id='word_1_768' title='bbox 2022 2454 2026 2462; x_wconf 95' lang='grc'><strong>“</strong></span> 
     </span>
    </p>

    <p class='ocr_par' dir='ltr' id='par_1_16' title="bbox 1260 2503 2146 3300">
     <span class='ocr_line' id='line_1_119' title="bbox 1310 2503 2143 2550; baseline 0.004 -13"><span class='ocrx_word' id='word_1_769' title='bbox 1310 2504 1403 2539; x_wconf 88' lang='lat' dir='ltr'>Huic</span> <span class='ocrx_word' id='word_1_770' title='bbox 1416 2503 1554 2545; x_wconf 78' lang='lat' dir='ltr'>synodo</span> <span class='ocrx_word' id='word_1_771' title='bbox 1568 2504 1636 2548; x_wconf 86' lang='lat' dir='ltr'>post</span> <span class='ocrx_word' id='word_1_772' title='bbox 1649 2503 1848 2540; x_wconf 81' lang='lat' dir='ltr'>Pontificem</span> <span class='ocrx_word' id='word_1_773' title='bbox 1867 2504 2076 2550; x_wconf 80' lang='lat' dir='ltr'>subscripsere</span> <span class='ocrx_word' id='word_1_774' title='bbox 2089 2503 2143 2540; x_wconf 78' lang='lat' dir='ltr'>tri·</span> 
     </span>
     <span class='ocr_line' id='line_1_120' title="bbox 1262 2554 2144 2600; baseline 0.005 -13"><span class='ocrx_word' id='word_1_775' title='bbox 1262 2554 1355 2599; x_wconf 84' lang='lat' dir='ltr'>ginta</span> <span class='ocrx_word' id='word_1_776' title='bbox 1377 2554 1410 2588; x_wconf 75' lang='grc' dir='ltr'>δε</span> <span class='ocrx_word' id='word_1_777' title='bbox 1421 2563 1507 2589; x_wconf 86' lang='lat' dir='ltr'>unus</span> <span class='ocrx_word' id='word_1_778' title='bbox 1529 2554 1706 2598; x_wconf 87' lang='lat' dir='ltr'>Episcopi,</span> <span class='ocrx_word' id='word_1_779' title='bbox 1739 2566 1859 2590; x_wconf 88' lang='lat' dir='ltr'>novem</span> <span class='ocrx_word' id='word_1_780' title='bbox 1875 2555 2059 2600; x_wconf 81' lang='lat' dir='ltr'>Ptesbyteri</span> <span class='ocrx_word' id='word_1_781' title='bbox 2072 2579 2083 2597; x_wconf 93' lang='lat'>,</span> <span class='ocrx_word' id='word_1_782' title='bbox 2107 2555 2144 2590; x_wconf 71' lang='grc' dir='ltr'>δε</span> 
     </span>
     <span class='ocr_line' id='line_1_121' title="bbox 1264 2603 2144 2650; baseline 0.002 -13"><span class='ocrx_word' id='word_1_783' title='bbox 1264 2605 1413 2649; x_wconf 88' lang='lat' dir='ltr'>quinque</span> <span class='ocrx_word' id='word_1_784' title='bbox 1423 2603 1570 2638; x_wconf 90' lang='lat' dir='ltr'>Diaconi</span> <span class='ocrx_word' id='word_1_785' title='bbox 1582 2604 1773 2640; x_wconf 84' lang='lat' dir='ltr'>Cardinales</span> <span class='ocrx_word' id='word_1_786' title='bbox 1786 2630 1803 2637; x_wconf 90' lang='lat'>..</span> <span class='ocrx_word' id='word_1_787' title='bbox 1820 2606 2061 2650; x_wconf 85' lang='lat' dir='ltr'>Episcoporum</span> <span class='ocrx_word' id='word_1_788' title='bbox 2082 2606 2144 2650; x_wconf 79' lang='lat' dir='ltr'>pti·</span> 
     </span>
     <span class='ocr_line' id='line_1_122' title="bbox 1263 2653 2146 2703; baseline 0.002 -15"><span class='ocrx_word' id='word_1_789' title='bbox 1263 2665 1334 2688; x_wconf 85' lang='lat' dir='ltr'>mus</span> <span class='ocrx_word' id='word_1_790' title='bbox 1355 2653 1418 2687; x_wconf 86' lang='lat' dir='ltr'>fuit</span> <span class='ocrx_word' id='word_1_791' title='bbox 1431 2657 1464 2701; x_wconf 84' lang='lat' dir='ltr'><strong><em>J</em></strong></span> <span class='ocrx_word' id='word_1_792' title='bbox 1466 2665 1577 2688; x_wconf 88' lang='lat' dir='ltr'>oannes</span> <span class='ocrx_word' id='word_1_793' title='bbox 1590 2654 1854 2699; x_wconf 65' lang='lat' dir='ltr'>Archi-Epistopus</span> <span class='ocrx_word' id='word_1_794' title='bbox 1873 2659 1984 2703; x_wconf 85' lang='lat' dir='ltr'>Perges.</span> <span class='ocrx_word' id='word_1_795' title='bbox 1995 2653 2146 2698; x_wconf 63' lang='lat' dir='ltr'>Pmpby-</span> 
     </span>
     <span class='ocr_line' id='line_1_123' title="bbox 1263 2703 2143 2750; baseline 0.001 -13"><span class='ocrx_word' id='word_1_796' title='bbox 1263 2706 1312 2738; x_wconf 84' lang='lat' dir='ltr'>liae</span> <span class='ocrx_word' id='word_1_797' title='bbox 1340 2728 1351 2745; x_wconf 89' lang='lat'>‚</span> <span class='ocrx_word' id='word_1_798' title='bbox 1387 2703 1589 2747; x_wconf 75' lang='lat' dir='ltr'>Apocrisarius</span> <span class='ocrx_word' id='word_1_799' title='bbox 1615 2709 1636 2738; x_wconf 87' lang='lat'><em>5</em></span> <span class='ocrx_word' id='word_1_800' title='bbox 1636 2705 1788 2746; x_wconf 68' lang='lat' dir='ltr'>anfflffimt</span> <span class='ocrx_word' id='word_1_801' title='bbox 1814 2711 1927 2750; x_wconf 80' lang='lat' dir='ltr'>Ignatii</span> <span class='ocrx_word' id='word_1_802' title='bbox 1954 2703 2143 2741; x_wconf 72' lang='lat' dir='ltr'>Patridr‘cbae</span> 
     </span>
     <span class='ocr_line' id='line_1_124' title="bbox 1262 2754 2144 2797; baseline 0 -10"><span class='ocrx_word' id='word_1_803' title='bbox 1262 2755 1550 2797; x_wconf 75' lang='lat' dir='ltr'>constantinopoleos</span> <span class='ocrx_word' id='word_1_804' title='bbox 1565 2779 1575 2795; x_wconf 94' lang='lat'>,</span> <span class='ocrx_word' id='word_1_805' title='bbox 1601 2757 1690 2789; x_wconf 89' lang='lat' dir='ltr'>Iocum</span> <span class='ocrx_word' id='word_1_806' title='bbox 1702 2754 1900 2797; x_wconf 71' lang='lat' dir='ltr'>&amp;personam</span> <span class='ocrx_word' id='word_1_807' title='bbox 1907 2758 2119 2797; x_wconf 79' lang='lat' dir='ltr'>ejus&#39;retinens&#39;</span> <span class='ocrx_word' id='word_1_808' title='bbox 2131 2760 2144 2794; x_wconf 73' lang='lat'>‚‘</span> 
     </span>
     <span class='ocr_line' id='line_1_125' title="bbox 1260 2802 2143 2849; baseline -0.001 -10"><span class='ocrx_word' id='word_1_809' title='bbox 1260 2807 1293 2839; x_wconf 61' lang='grc' dir='ltr'>(θ’</span> <span class='ocrx_word' id='word_1_810' title='bbox 1306 2811 1395 2837; x_wconf 75' lang='lat' dir='ltr'>totius</span> <span class='ocrx_word' id='word_1_811' title='bbox 1412 2802 1528 2847; x_wconf 66' lang='lat' dir='ltr'>sancffae</span> <span class='ocrx_word' id='word_1_812' title='bbox 1540 2806 1644 2842; x_wconf 68' lang='lat' dir='ltr'>synodi</span> <span class='ocrx_word' id='word_1_813' title='bbox 1654 2828 1665 2843; x_wconf 94' lang='lat'>‚</span> <span class='ocrx_word' id='word_1_814' title='bbox 1691 2816 1758 2847; x_wconf 82' lang='lat' dir='ltr'>quae</span> <span class='ocrx_word' id='word_1_815' title='bbox 1766 2802 1823 2846; x_wconf 87' lang='lat' dir='ltr'>sub</span> <span class='ocrx_word' id='word_1_816' title='bbox 1845 2803 1906 2849; x_wconf 69' lang='lat' dir='ltr'>ipso</span> <span class='ocrx_word' id='word_1_817' title='bbox 1924 2805 1962 2845; x_wconf 87' lang='lat' dir='ltr'>est</span> <span class='ocrx_word' id='word_1_818' title='bbox 1973 2829 1980 2836; x_wconf 90' lang='lat'><strong><em>.</em></strong></span> <span class='ocrx_word' id='word_1_819' title='bbox 2008 2804 2062 2838; x_wconf 85' lang='lat' dir='ltr'>Ex</span> <span class='ocrx_word' id='word_1_820' title='bbox 2075 2815 2143 2846; x_wconf 89' lang='lat' dir='ltr'>quo</span> 
     </span>
     <span class='ocr_line' id='line_1_126' title="bbox 1264 2853 2143 2899; baseline -0.001 -11"><span class='ocrx_word' id='word_1_821' title='bbox 1264 2854 1388 2888; x_wconf 77' lang='lat' dir='ltr'>rursum</span> <span class='ocrx_word' id='word_1_822' title='bbox 1402 2854 1491 2887; x_wconf 85' lang='lat' dir='ltr'>vides</span> <span class='ocrx_word' id='word_1_823' title='bbox 1502 2853 1667 2898; x_wconf 80' lang='lat' dir='ltr'>ignatium</span> <span class='ocrx_word' id='word_1_824' title='bbox 1680 2854 1697 2887; x_wconf 75' lang='lat' dir='ltr'>a</span> <span class='ocrx_word' id='word_1_825' title='bbox 1711 2853 1876 2889; x_wconf 87' lang='lat' dir='ltr'>Pontifice</span> <span class='ocrx_word' id='word_1_826' title='bbox 1887 2855 2036 2899; x_wconf 88' lang='lat' dir='ltr'>agnitum</span> <span class='ocrx_word' id='word_1_827' title='bbox 2046 2853 2143 2889; x_wconf 61' lang='lat' dir='ltr'>fuiss&amp;</span> 
     </span>
     <span class='ocr_line' id='line_1_127' title="bbox 1264 2902 2145 2949; baseline -0.001 -10"><span class='ocrx_word' id='word_1_828' title='bbox 1264 2914 1301 2939; x_wconf 86' lang='lat' dir='ltr'>ut</span> <span class='ocrx_word' id='word_1_829' title='bbox 1326 2902 1548 2938; x_wconf 86' lang='lat' dir='ltr'>Patriarcharn</span> <span class='ocrx_word' id='word_1_830' title='bbox 1569 2927 1580 2944; x_wconf 88' lang='lat'>,</span> <span class='ocrx_word' id='word_1_831' title='bbox 1605 2905 1783 2949; x_wconf 85' lang='lat' dir='ltr'>omniaque</span> <span class='ocrx_word' id='word_1_832' title='bbox 1807 2915 1865 2948; x_wconf 85' lang='lat' dir='ltr'>pro</span> <span class='ocrx_word' id='word_1_833' title='bbox 1886 2906 1957 2948; x_wconf 87' lang='lat' dir='ltr'>ipso</span> <span class='ocrx_word' id='word_1_834' title='bbox 1980 2905 1999 2938; x_wconf 68' lang='lat' dir='ltr'>a</span> <span class='ocrx_word' id='word_1_835' title='bbox 2022 2904 2145 2938; x_wconf 75' lang='lat' dir='ltr'>Ba&#39;fil-io</span> 
     </span>
     <span class='ocr_line' id='line_1_128' title="bbox 1265 2952 2144 2999; baseline -0.001 -10"><span class='ocrx_word' id='word_1_836' title='bbox 1265 2953 1421 2999; x_wconf 84' lang='lat' dir='ltr'>Augusto</span> <span class='ocrx_word' id='word_1_837' title='bbox 1429 2952 1513 2987; x_wconf 72' lang='lat' dir='ltr'>Acta</span> <span class='ocrx_word' id='word_1_838' title='bbox 1524 2954 1648 2987; x_wconf 87' lang='lat' dir='ltr'>firmata</span> <span class='ocrx_word' id='word_1_839' title='bbox 1660 2978 1668 2986; x_wconf 89' lang='lat'><strong>.</strong></span> <span class='ocrx_word' id='word_1_840' title='bbox 1695 2954 1837 2997; x_wconf 83' lang='lat' dir='ltr'>Joannes</span> <span class='ocrx_word' id='word_1_841' title='bbox 1848 2957 1925 2989; x_wconf 79' lang='lat' dir='ltr'>vero</span> <span class='ocrx_word' id='word_1_842' title='bbox 1935 2953 2144 2999; x_wconf 62' lang='lat' dir='ltr'>pergentium</span> 
     </span>
     <span class='ocr_line' id='line_1_129' title="bbox 1265 2999 2144 3048; baseline -0.001 -9"><span class='ocrx_word' id='word_1_843' title='bbox 1265 3006 1299 3039; x_wconf 90' lang='lat' dir='ltr'>in</span> <span class='ocrx_word' id='word_1_844' title='bbox 1311 3003 1510 3048; x_wconf 81' lang='lat' dir='ltr'>Pamphylia</span> <span class='ocrx_word' id='word_1_845' title='bbox 1523 3003 1820 3047; x_wconf 83' lang='lat' dir='ltr'>Archi-Episcopus</span> <span class='ocrx_word' id='word_1_846' title='bbox 1829 3005 1874 3038; x_wconf 89' lang='lat' dir='ltr'>est</span> <span class='ocrx_word' id='word_1_847' title='bbox 1887 3005 1974 3039; x_wconf 85' lang='lat' dir='ltr'>idern</span> <span class='ocrx_word' id='word_1_848' title='bbox 1987 3005 2043 3039; x_wconf 86' lang='lat' dir='ltr'>ille</span> <span class='ocrx_word' id='word_1_849' title='bbox 2053 2999 2144 3047; x_wconf 59' lang='lat' dir='ltr'>supi-2</span> 
     </span>
     <span class='ocr_line' id='line_1_130' title="bbox 1266 3053 2144 3099; baseline -0.001 -11"><span class='ocrx_word' id='word_1_850' title='bbox 1266 3054 1413 3089; x_wconf 86' lang='lat' dir='ltr'>laudatus</span> <span class='ocrx_word' id='word_1_851' title='bbox 1424 3054 1641 3098; x_wconf 88' lang='lat' dir='ltr'>Metropolita</span> <span class='ocrx_word' id='word_1_852' title='bbox 1651 3054 1750 3096; x_wconf 49' lang='lat' dir='ltr'>»Sylaei</span> <span class='ocrx_word' id='word_1_853' title='bbox 1764 3066 1771 3086; x_wconf 73' lang='grc' dir='ltr'>ε</span> <span class='ocrx_word' id='word_1_854' title='bbox 1800 3055 1934 3090; x_wconf 87' lang='lat' dir='ltr'>Etenim</span> <span class='ocrx_word' id='word_1_855' title='bbox 1948 3055 2095 3099; x_wconf 83' lang='lat' dir='ltr'>Sylaeum·</span> <span class='ocrx_word' id='word_1_856' title='bbox 2108 3053 2144 3087; x_wconf 66' lang='lat' dir='ltr'>&amp;a</span> 
     </span>
     <span class='ocr_line' id='line_1_131' title="bbox 1264 3104 2145 3149; baseline -0.001 -10"><span class='ocrx_word' id='word_1_857' title='bbox 1264 3106 1296 3139; x_wconf 91' lang='lat'>&amp;</span> <span class='ocrx_word' id='word_1_858' title='bbox 1308 3104 1436 3149; x_wconf 86' lang='lat' dir='ltr'>Pergen</span> <span class='ocrx_word' id='word_1_859' title='bbox 1459 3104 1551 3138; x_wconf 75' lang='lat' dir='ltr'>fuisse</span> <span class='ocrx_word' id='word_1_860' title='bbox 1572 3105 1660 3139; x_wconf 90' lang='lat' dir='ltr'>varia</span> <span class='ocrx_word' id='word_1_861' title='bbox 1683 3104 1827 3148; x_wconf 86' lang='lat' dir='ltr'>ejusdem</span> <span class='ocrx_word' id='word_1_862' title='bbox 1839 3105 2066 3148; x_wconf 73' lang='lat' dir='ltr'>Metropoleos‘</span> <span class='ocrx_word' id='word_1_863' title='bbox 2084 3113 2145 3138; x_wconf 86' lang='lat' dir='ltr'>no·</span> 
     </span>
     <span class='ocr_line' id='line_1_132' title="bbox 1263 3154 2146 3199; baseline -0.005 -10"><span class='ocrx_word' id='word_1_864' title='bbox 1263 3155 1375 3194; x_wconf 88' lang='lat' dir='ltr'>mina,</span> <span class='ocrx_word' id='word_1_865' title='bbox 1401 3154 1505 3196; x_wconf 90' lang='lat' dir='ltr'>liquet</span> <span class='ocrx_word' id='word_1_866' title='bbox 1525 3165 1567 3189; x_wconf 84' lang='lat' dir='ltr'>ex</span> <span class='ocrx_word' id='word_1_867' title='bbox 1585 3154 1820 3198; x_wconf 89' lang='lat' dir='ltr'>Metropoleon</span> <span class='ocrx_word' id='word_1_868' title='bbox 1840 3156 1873 3189; x_wconf 92' lang='lat'>&amp;</span> <span class='ocrx_word' id='word_1_869' title='bbox 1888 3155 2146 3199; x_wconf 74' lang='lat' dir='ltr'>Episcopatuum</span> 
     </span>
     <span class='ocr_line' id='line_1_133' title="bbox 1263 3202 2143 3244; baseline -0.003 -5"><span class='ocrx_word' id='word_1_870' title='bbox 1263 3206 1490 3239; x_wconf 89' lang='lat' dir='ltr'>Orientalium</span> <span class='ocrx_word' id='word_1_871' title='bbox 1506 3205 1624 3240; x_wconf 88' lang='lat' dir='ltr'>notitia</span> <span class='ocrx_word' id='word_1_872' title='bbox 1634 3228 1645 3244; x_wconf 95' lang='lat'>,</span> <span class='ocrx_word' id='word_1_873' title='bbox 1669 3204 1814 3240; x_wconf 61' lang='lat' dir='ltr'>confecia</span> <span class='ocrx_word' id='word_1_874' title='bbox 1825 3205 1884 3239; x_wconf 88' lang='lat' dir='ltr'>sub</span> <span class='ocrx_word' id='word_1_875' title='bbox 1894 3206 2008 3240; x_wconf 91' lang='lat' dir='ltr'>Leone</span> <span class='ocrx_word' id='word_1_876' title='bbox 2029 3205 2063 3239; x_wconf 91' lang='lat'>&amp;</span> <span class='ocrx_word' id='word_1_877' title='bbox 2074 3202 2143 3236; x_wconf 70' lang='lat' dir='ltr'>Ah—</span> 
     </span>
     <span class='ocr_line' id='line_1_134' title="bbox 1263 3252 2144 3300; baseline -0.006 -11"><span class='ocrx_word' id='word_1_878' title='bbox 1263 3255 1405 3290; x_wconf 89' lang='lat' dir='ltr'>dronico</span> <span class='ocrx_word' id='word_1_879' title='bbox 1418 3254 1600 3300; x_wconf 78' lang='lat' dir='ltr'>Augustis,</span> <span class='ocrx_word' id='word_1_880' title='bbox 1610 3266 1707 3298; x_wconf 88' lang='lat' dir='ltr'>quam</span> <span class='ocrx_word' id='word_1_881' title='bbox 1718 3266 1759 3290; x_wconf 85' lang='lat' dir='ltr'>ex</span> <span class='ocrx_word' id='word_1_882' title='bbox 1770 3256 1853 3290; x_wconf 91' lang='lat' dir='ltr'>Nilo</span> <span class='ocrx_word' id='word_1_883' title='bbox 1872 3253 2081 3299; x_wconf 68' lang='lat' dir='ltr'>Doxopateid</span> <span class='ocrx_word' id='word_1_884' title='bbox 2095 3252 2144 3285; x_wconf 90' lang='lat' dir='ltr'>in·</span> 
     </span>
    </p>
   </div>
   <div class='ocr_carea' id='block_1_14' title="bbox 1267 3301 2302 3348">
    <p class='ocr_par' dir='ltr' id='par_1_17' title="bbox 1267 3301 2302 3348">
     <span class='ocr_line' id='line_1_135' title="bbox 1267 3301 2302 3348; baseline -0.002 -8"><span class='ocrx_word' id='word_1_885' title='bbox 1267 3307 1364 3340; x_wconf 85' lang='lat' dir='ltr'>seruit</span> <span class='ocrx_word' id='word_1_886' title='bbox 1376 3306 1437 3340; x_wconf 82' lang='lat' dir='ltr'>suae</span> <span class='ocrx_word' id='word_1_887' title='bbox 1447 3306 1671 3342; x_wconf 87' lang='lat' dir='ltr'>Occidentalis</span> <span class='ocrx_word' id='word_1_888' title='bbox 1689 3318 1727 3340; x_wconf 90' lang='lat' dir='ltr'>ac</span> <span class='ocrx_word' id='word_1_889' title='bbox 1737 3305 1916 3340; x_wconf 84' lang='lat' dir='ltr'>Orientalis</span> <span class='ocrx_word' id='word_1_890' title='bbox 1929 3301 2143 3339; x_wconf 69' lang='lat' dir='ltr'>Eeciefiarum</span> <span class='ocrx_word' id='word_1_891' title='bbox 2161 3313 2302 3348; x_wconf 80' lang='lat' dir='ltr'>L.r.c.24.</span> 
     </span>
    </p>
   </div>
   <div class='ocr_carea' id='block_1_15' title="bbox 1265 3353 2148 3492">
    <p class='ocr_par' dir='ltr' id='par_1_18' title="bbox 1265 3353 2148 3492">
     <span class='ocr_line' id='line_1_136' title="bbox 1265 3353 2145 3391; baseline -0.008 0"><span class='ocrx_word' id='word_1_892' title='bbox 1265 3355 1451 3391; x_wconf 78' lang='lat' dir='ltr'>concordia:</span> <span class='ocrx_word' id='word_1_893' title='bbox 1471 3357 1521 3389; x_wconf 90' lang='lat' dir='ltr'>vir</span> <span class='ocrx_word' id='word_1_894' title='bbox 1530 3357 1677 3390; x_wconf 86' lang='lat' dir='ltr'>eruditus</span> <span class='ocrx_word' id='word_1_895' title='bbox 1701 3357 1769 3391; x_wconf 87' lang='lat' dir='ltr'>Leo</span> <span class='ocrx_word' id='word_1_896' title='bbox 1791 3355 1932 3390; x_wconf 88' lang='lat' dir='ltr'>Allatius</span> <span class='ocrx_word' id='word_1_897' title='bbox 1954 3353 1962 3384; x_wconf 65' lang='grc' dir='ltr'>ζ</span> <span class='ocrx_word' id='word_1_898' title='bbox 1989 3353 2145 3386; x_wconf 79' lang='lat' dir='ltr'>Donatus</span> 
     </span>
     <span class='ocr_line' id='line_1_137' title="bbox 1266 3401 2148 3486; baseline -0.01 -45"><span class='ocrx_word' id='word_1_899' title='bbox 1266 3405 1424 3442; x_wconf 79' lang='lat' dir='ltr'>Ostiensis</span> <span class='ocrx_word' id='word_1_900' title='bbox 1437 3430 1448 3447; x_wconf 86' lang='lat'>‚</span> <span class='ocrx_word' id='word_1_901' title='bbox 1468 3407 1650 3443; x_wconf 80' lang='lat' dir='ltr'>Formosus</span> <span class='ocrx_word' id='word_1_902' title='bbox 1671 3406 1858 3443; x_wconf 78' lang='lat' dir='ltr'>Portuensis</span> <span class='ocrx_word' id='word_1_903' title='bbox 1871 3426 1882 3442; x_wconf 93' lang='lat'>,</span> <span class='ocrx_word' id='word_1_904' title='bbox 1908 3401 2148 3486; x_wconf 67' lang='lat' dir='ltr'>Sergiusssabi.</span> 
     </span>
     <span class='ocr_line' id='line_1_138' title="bbox 1974 3463 2097 3492; baseline 0 -6"><span class='ocrx_word' id='word_1_905' title='bbox 1974 3463 2097 3492; x_wconf 79' lang='lat' dir='ltr'>uenis,</span> 
     </span>
    </p>
   </div>
  </div>
 </body>
</html>
