2340 3762
356 159 462 210 426

312 238 433 274 Ἀἂίο
451 241 566 275 οᾶανα
580 251 648 275 non
673 240 718 274 est
729 237 922 283 Synodalis.
949 241 1028 279 245.
1043 245 1077 271 2.
1105 237 1167 271 Ca-

333 301 439 325 nones
458 289 593 335 quando
610 289 692 324 editi
716 312 728 328 ,
756 290 927 330 ignoratur
949 310 957 318 .
987 292 1066 331 245.
1090 299 1112 321 i.
1133 287 1165 322 A

296 363 297 366 ,
321 336 800 376 Ῥοιιῑὶῆσοιιοᾱσοηῆηηαῑί.
830 345 908 380 250.
924 346 959 373 ‚2-
986 335 1167 372 Adducun-

296 407 302 415 ¹
330 389 522 434 turNSynodi
535 388 630 430 hujus
647 386 778 425 hostes,
804 386 930 420 scilicet
940 385 1164 430 Hincmarus,

331 440 546 485 Agobardus,
573 437 607 470 δε
628 436 727 480 Jonas
737 436 855 471 Franci
867 436 1038 482 Episcopi.
1067 447 1134 485 251.
1146 451 1164 474 1.

328 493 362 525 ὅτ
377 492 463 532 seqq.

278 535 440 577 Nicolaus
458 536 583 584 primus
605 535 625 571 a
645 535 784 580 Synodo
808 536 904 574 Vm.
926 538 1164 573 canonizatus,

278 598 451 674 Niggliiu}
451 613 574 682 primus
593 637 754 683 Bulgaros
765 638 782 672 a
793 636 968 673 Photianis
989 640 1164 675 confirma-

328 698 380 722 tos
403 688 611 732 denuojuffit
621 688 829 723 confirmari.
856 696 936 735 343.
956 700 983 725 1.
1002 689 1099 725 Obiit
1109 702 1164 724 an·
1204 721 1206 723 ,

328 749 376 773 no
388 740 471 787 867.
480 747 561 788 353.
574 751 602 776 1.
627 738 708 783 Ejus
718 740 871 775 encomia
892 739 929 777 in
941 740 1080 786 Synodo
1095 742 1164 776 Ro-

292 814 295 816 ·
328 799 429 823 mana
439 799 650 834 exponuntur
661 815 668 823 .
1035 793 1115 836 360.
1130 804 1162 828 2.

279 838 441 874 Nicolaus
454 839 576 885 primus
587 839 712 875 Photio
724 839 881 886 generose
891 839 1006 875 restitit
1017 865 1024 874 .
1034 843 1115 891 326.
1127 852 1160 882 2.

276 887 490 926 Numismata
503 891 557 935 pia
567 889 694 936 pridem
704 901 782 927 ante
794 890 1048 928 Calvinistarum
1072 892 1165 927 haere-

329 939 377 973 fin
402 950 530 984 portata
543 966 551 974 .
1045 952 1121 990 150.
1132 953 1162 977 2.

275 986 414 1034 Nuptiae
435 990 584 1029 fidelium
602 990 688 1029 olim
706 992 744 1031 in
763 991 908 1031 Ecclefia
924 992 945 1028 a
965 992 1163 1034 Presbytero

325 1038 501 1078 benedistae
513 1068 521 1076 .
1028 1042 1107 1090 338·
1129 1053 1162 1080 2-

699 1141 736 1177 O

372 1242 474 1276 Blatae
497 1240 580 1275 olim
601 1252 692 1275 novae,
705 1242 819 1285 spicae,
847 1253 938 1283 uvae,
964 1243 1026 1278 &c.
1039 1254 1106 1279 non
1119 1251 1162 1279 ta·

397 1303 474 1327 men
486 1302 522 1326 ut
535 1302 651 1335 corpus
672 1292 707 1325 δε
718 1292 850 1337 sanguis
863 1293 1020 1328 Domini.
1071 1306 1115 1328 ιιι.
1129 1307 1161 1332 2-

276 1343 415 1378 Oblatio
437 1341 585 1376 fidelium
608 1353 675 1376 erat
686 1343 835 1387 proxima
856 1343 1107 1379 aci-sacrificium
1130 1346 1162 1379 δε

326 1392 490 1428 meritoria
501 1394 710 1436 cooperatio.
1037 1398 1113 1432 126.
1131 1409 1160 1433 2-

274 1444 415 1479 Oblatio
426 1444 511 1478 olim
521 1445 603 1478 fasta
616 1455 674 1488 pro
686 1443 847 1479 defunctis
861 1469 872 1486 ,
888 1446 986 1480 etiam
999 1458 1058 1492 pro
1070 1445 1161 1482 vivis.

287 1515 290 1517 Δ
325 1496 392 1531 126·
404 1508 425 1528 1.
440 1506 472 1531 2.
587 1527 591 1532 ,

276 1543 456 1579 Oblaturus
469 1544 610 1588 populus
622 1545 797 1580 sacrarium
814 1544 1009 1592 quibusdam
1033 1546 1068 1580 in
1081 1545 1163 1579 locis

328 1595 482 1636 intravit,
510 1594 644 1628 secusin
657 1594 731 1629 aliis
743 1619 750 1626 .
1001 1604 1077 1643 127.
1097 1607 1116 1629 1.
1128 1604 1160 1629 2-

275 1644 419 1679 oblatus
446 1646 565 1689 Agnus
586 1654 662 1678 cum
688 1643 813 1677 Christi
833 1644 997 1688 corporea
1012 1642 1164 1690 {implici-

327 1693 386 1728 bus
396 1719 403 1726 .
434 1696 509 1741 346.
524 1704 555 1731 2.
579 1693 682 1739 Qod
695 1693 835 1731 Photius
846 1695 1006 1732 Romanae
1017 1695 1163 1730 Ecclefiae

327 1745 494 1778 immerito
506 1745 662 1788 imposuit
674 1770 683 1778 .
1083 1746 1162 1782 ibid.

276 1793 462 1838 Obsi-annas
472 1792 588 1836 ascena
599 1794 763 1828 derivatur
780 1818 788 1826 .
1064 1798 1118 1844 78,
1136 1808 1163 1832 1·

277 1847 403 1881 Ostava
417 1842 572 1888 Synodus
584 1843 784 1887 postulatur.
813 1847 891 1889 356.
907 1855 938 1880 2.
959 1854 1034 1890 357.
1048 1856 1078 1880 2.
1107 1845 1164 1878 Ite-

329 1892 565 1930 rumaBafilio
588 1893 757 1936 Augusto.
786 1903 862 1937 357.
884 1906 912 1927 2.
936 1893 993 1925 Ab
1014 1893 1166 1926 Adriano

294 1943 297 1947 '
327 1945 370 1980 11.
393 1943 603 1978 conceditur.
633 1940 710 1988 363.
723 1951 753 1976 2.
780 1939 882 1973 Pauci
905 1939 1068 1974 intersunt
1092 1941 1167 1985 Epi-

290 2016 292 2021 .
332 1993 438 2038 scopi,
467 1990 639 2040 366.1.Est
654 1987 1167 2038 nihilominusgeneralis.366.2.

278 2048 412 2083 Ostavae
424 2041 552 2087 Synodi
564 2043 632 2076 asia
643 2050 858 2084 exponuntur
868 2065 876 2072 .
899 2042 977 2089 367.
991 2053 1022 2078 2-
1035 2041 1067 2075 &
1081 2043 1164 2085 seqq.

331 2093 453 2132 Omnis
476 2094 610 2128 Senatus
631 2103 668 2125 ac
687 2091 791 2134 plures
823 2090 992 2135 Principes
1019 2090 1163 2126 Palatini

328 2144 469 2190 Synodo
491 2142 687 2177 adfuerunt.
717 2151 838 2189 373·2·
868 2141 1025 2175 Canones
1046 2142 1167 2187 viginti

329 2198 453 2240 septem
475 2202 643 2228 annuente
662 2191 827 2234 synodo,
855 2190 930 2225 lecti
956 2192 991 2226 &
1015 2193 1143 2235 probati
1161 2218 1167 2225 .

333 2257 412 2296 392.
428 2256 500 2284 1.2.
528 2244 659 2287 Septem
681 2241 894 2284 synodorum
917 2241 1046 2276 decreta
1074 2243 1168 2278 inno-

330 2306 451 2333 vantur
477 2320 485 2328 .
512 2291 725 2331 lconoclastae
748 2317 759 2333 ,
784 2291 907 2335 aliique
933 2290 1074 2327 haeretici
1095 2316 1106 2333 ‚
1130 2305 1170 2328 ac

331 2347 435 2383 etiam
446 2344 587 2380 Photius
598 2340 914 2379 anathematizantur
925 2366 934 2376 .
958 2341 1038 2376 ibid.
1051 2343 1171 2377 Decre-

332 2408 367 2434 ta
379 2396 514 2435 Nicolai
527 2395 625 2440 primi
641 2405 679 2428 ac
699 2392 840 2427 Adriani
859 2391 901 2428 11.
914 2392 1169 2428 confirmantur.

333 2450 476 2483 Decreta
498 2445 541 2480 ab
563 2444 718 2479 omnibus
729 2442 849 2488 pariter
864 2453 1031 2486 acceptata
1051 2443 1085 2477 δε
1098 2455 1171 2487 pro-

335 2498 411 2534 bata
432 2522 439 2529 .
465 2494 543 2533 ibid.
567 2495 705 2531 Basilius
726 2492 895 2539 Augustus
920 2493 993 2539 post
1017 2492 1171 2528 Vicarios

336 2547 536 2590 subscripsit,
559 2551 636 2579 ante
657 2555 782 2579 nomen
802 2545 942 2589 figuram
954 2543 1057 2578 crucis
1072 2544 1146 2578 fixit
1163 2569 1170 2576 .

338 2594 496 2642 Episcopi
507 2595 639 2630 calamis
658 2596 729 2638 ipso
740 2594 917 2629 Salvatoris
928 2594 1087 2638 sanguine
1109 2595 1173 2628 tin-

336 2649 398 2682 stis
426 2645 679 2690 subscripserunt
705 2670 712 2677 .
744 2655 820 2692 393.
854 2654 883 2680 1.
910 2643 1172 2687 Subscripserunt

339 2700 420 2734 item
433 2698 592 2736 Senatus,
616 2695 680 2730 &c-
701 2693 782 2727 ibid.
804 2692 932 2737 Synodi
956 2704 1175 2739 rogaturcon-

339 2747 484 2783 firmatio
497 2772 504 2779 .
535 2756 610 2794 393.
624 2756 654 2781 2.
668 2743 719 2777 Illi
731 2744 850 2788 Legati
865 2744 1011 2779 Romani
1023 2744 1082 2779 sub
1095 2756 1173 2779 con-

339 2799 470 2834 ditione
484 2795 734 2838 subscripserunt
742 2818 753 2834 ,
782 2805 840 2827 cur
851 2794 864 2826 ?
876 2803 954 2840 400.
970 2805 997 2830 1.
1011 2794 1172 2830 Codicem

340 2848 470 2895 Synodi
482 2845 641 2884 Pontifici
657 2843 773 2880 detulit
798 2843 986 2879 Anastafius
995 2843 1175 2880 Bibliothe-

341 2900 467 2936 carius.
1096 2895 1175 2930 ibid.

292 2953 421 2986 Odiava
446 2947 602 2994 Synodus
622 2958 678 2991 per
691 2945 876 2981 Adrianum
898 2946 940 2980 11.
960 2946 1154 2981 confirmata
1167 2971 1174 2978 .

345 3002 427 3048 406.
442 3010 470 3037 1.
498 2999 544 3034 Et
563 3009 620 3042 per
636 2998 798 3041 Ioannem
818 2997 990 3037 octavum,
1016 2997 1074 3040 qui
1094 2996 1176 3039 jura·

345 3052 395 3086 vit
414 3052 447 3086 se
467 3059 648 3093 numquam
668 3058 745 3082 cum
768 3045 895 3081 Photio
915 3047 1177 3082 communicatu-

345 3112 417 3135 rum
436 3112 447 3143 ·‚
468 3110 568 3144 quem
590 3107 701 3133 tamen
722 3096 862 3131 restituit
891 3109 903 3129 .-
930 3097 1090 3131 Faeminea
1110 3096 1177 3132 haec

349 3148 568 3186 inconstantia
591 3149 704 3184 ansam
728 3146 819 3182 dedit
846 3145 965 3180 fabula:
989 3147 1031 3181 de
1050 3148 1177 3190 Joanna

348 3198 493 3242 Papiffa.
518 3200 601 3241 406.
614 3210 647 3236 2.
670 3196 801 3241 Synodi
820 3195 1011 3232 adversarii.
1038 3207 1118 3245 407.
1145 3207 1174 3232 1.

313 3268 315 3270 -
350 3247 387 3282 δι
402 3248 489 3291 seqq.
509 3251 665 3284 Canones
686 3248 776 3283 fuere
795 3247 918 3291 vigimi
942 3249 1066 3291 septem
1088 3272 1100 3288 ,
1126 3247 1178 3282 sed

354 3295 476 3341 primus
483 3307 525 3331 ex
536 3307 610 3332 toto
620 3311 690 3334 non
701 3298 746 3333 est
760 3297 937 3342 probatus,
960 3308 1019 3331 cur
1029 3298 1046 3329 .?
1054 3298 1135 3343 408.
1149 3309 1178 3334 2.

302 3344 511 3384 efferebatur
527 3347 620 3390 panis
641 3349 676 3381 &
699 3347 814 3383 vinum
833 3347 854 3382 ὸ.
874 3346 1047 3382 Sacerdote
1067 3349 1178 3382 conse-

354 3395 513 3432 crandum
529 3417 540 3435 ,
565 3394 626 3429 &a
639 3397 761 3438 populo
775 3398 971 3432 sumendum
982 3423 989 3429 .
1069 3407 1177 3444 1251.

304 3448 431 3484 Offerre
443 3446 536 3490 super
547 3442 645 3480 altare
654 3455 724 3481 non
735 3444 814 3479 licet
825 3446 908 3486 mel,
929 3448 979 3484 lac
990 3471 1002 3489 ,
1025 3447 1157 3484 ficeram
1167 3471 1179 3489 ,

742 153 928 199 INDEX
960 146 1200 206 Renum
1237 163 1301 194 εἰ·
1333 152 1707 205 venzonum·

1229 238 1340 321 Offdeclct-
1349 289 1495 326 etianum
1506 290 1612 327 fidelis
1632 295 1788 338 propulus
1801 307 1856 341 per
1875 264 1992 334 manu}
1999 263 2112 338 gaeci-2

1229 368 1231 373 .
1281 338 1416 374 dotum.
1997 358 2071 394 127,
2080 360 2130 391 2·'

1194 428 1198 433 ⁸
1228 388 1416 426 Ominandi
1441 402 1516 427 mos
1542 394 1579 427 in
1604 393 1746 430 Ecclesia
1777 395 1826 432 est
1851 398 2109 444 antiquiffimus.

1280 447 1357 487 355·
1370 450 1403 479 ²*

1175 499 1178 503 ·
1228 491 1387 533 Operatio
1398 496 1592 536 Dei·vir1·lts,
1616 506 1688 537 quae
1710 497 1806 532 fuerit
1824 522 1836 539 ,
1852 499 2038 536 ,admodum
2060 513 2114 537 va-

1274 541 1363 575 riant
1375 543 1626 579 Monothelitae.
1662 557 1753 583 10.1.
1776 547 1928 594 Plerique
1952 550 2133 587 Divinam'

1276 590 1459 628 statuebant
1470 618 1477 626 .
1510 605 1560 629 10.
1573 607 1604 632 2.
1618 595 1687 630 Alii
1701 600 1913 642 compositam
1927 625 1934 632 .
2015 611 2065 637 11.
2083 613 2111 638 1.

1228 641 1386 687 Operatio
1399 647 1568 679 Dei-virilis
1578 648 1693 690 nequit
1703 647 1770 683 dici
1780 651 1963 695 ,composita
1973 675 1981 685 .
2003 650 2111 701 Qid-

1276 693 1339 727 ni?
1369 704 1420 740 17.
1435 706 1456 729 ι.
1483 695 1571 731 Vide
1580 696 1733 737 cbristus.

1227 742 1386 787 Operatio
1408 743 1533 789 duplex
1553 748 1588 781 in
1608 745 1741 785 Christo
1763 760 1831 785 non
1845 759 1914 786 tam
1936 751 2111 795 expressea

1274 793 1340 827 ΡΡ.
1352 794 1482 832 affirta.
1511 797 1631 832 Ratio.
2012 811 2062 844 17·
2083 812 2112 838 1·

1226 845 1445 888 Operationes
1455 847 1536 882 duas
1545 848 1608 882 esse
1619 849 1653 882 in
1668 847 1804 886 Christo
1808 876 1822 894 ,
1831 851 2012 888 dostiffime
2023 863 2114 887 com·

1276 894 1424 937 probavit
1433 896 1681 941 Theophanios
1692 900 1805 935 Abbas
1817 927 1826 935 .
2011 903 2065 951 38.
2077 914 2110 940 2-

1225 942 1380 978 Oratoria
1394 946 1560 980 nobilibus
1566 948 1622 993 Xab
1641 949 1785 983 Ecclesia
1796 950 1983 986 parochiali
1994 953 2112 995 procul

1275 994 1390 1028 diffitis
1401 994 1575 1030 dumtaxat
1583 994 1795 1033 concedenda
1806 1023 1814 1032 .
2014 998 2068 1047 84.
2079 1012 2111 1038 2.

1227 1044 1440 1086 Oratorium‚
1465 1046 1585 1085 altare,
1611 1045 1838 1090 Presbyterum
1857 1048 2077 1084 domesticum
2091 1051 2111 1084 a

1276 1093 1444 1130 nobilibus
1463 1095 1574 1130 haberi
1588 1120 1598 1135 ,
1624 1094 1674 1131 r&
1683 1098 1728 1131 est
1747 1099 1945 1144 perantiqua.
1978 1100 2068 1147 831.
2080 1111 2114 1137 2.

1277 1147 1316 1181 ln
1338 1146 1379 1180 iis
1391 1146 1529 1181 vetitum
1542 1146 1707 1189 baptizare
1720 1149 1776 1182 nisi
1788 1146 1829 1182 de
1845 1149 2001 1193 Episcopi
2013 1150 2114 1184 licen·

1275 1194 1408 1247 tia.84.
1425 1208 1451 1233 1.
1479 1196 1546 1233 Uti
1566 1197 1602 1233 ἀ
1624 1198 1732 1232 offerri
1757 1198 1862 1234 Missae
1886 1200 2109 1235 Sacrificium.

1275 1248 1331 1295 84
1345 1257 1375 1284 2-

1226 1296 1394 1333 ordinans
1410 1296 1626 1332 &ordinatus
1648 1299 1719 1333 solo
1741 1300 1939 1334 facultatum
1963 1297 2114 1334 Ecclesia

1272 1346 1505 1383 donandarum
1530 1348 1648 1384 merito
1663 1374 1675 1391 ‚
1700 1350 1741 1385 de
1764 1350 1902 1386 simonia
1922 1349 2114 1385 damnatur.

1224 1427 1231 1439 ,
1275 1398 1343 1435 188.
1354 1408 1388 1433 2.
1708 1402 1710 1404 ’

1226 1446 1426 1484 Ordinantes
1458 1449 1677 1497 irregularem*
1702 1450 1942 1496 degradatione
1976 1450 2116 1496 punien-

1275 1498 1331 1531 di.
2008 1501 2030 1538 8
2054 1525 2062 1532 .
2081 1510 2112 1536 1.

1225 1547 1379 1582 Ordinati
1393 1547 1546 1591 Apostoli
1560 1551 1635 1582 sunt
1646 1548 1833 1583 Sacerdotes
1842 1560 1898 1592 per
1908 1508 2084 1584 haeczeffba
2098 1571 2112 1589 ,

1275 1603 1337 1635 Hoc
1342 1596 1440 1639 facite
1453 1603 1485 1630 in
1495 1609 1592 1631 meam
1603 1604 1901 1632 commemorationem
1911 1612 1923 1632 .-
1950 1599 2013 1633 Per
2024 1596 2093 1631 haec
2102 1621 2115 1639 ,

1276 1650 1404 1689 Accipite
1431 1649 1577 1690 Spintum
1588 1647 1754 1689 sanarum,
1780 1649 1843 1683 &c.
1865 1647 2116 1683 potestatemin

1275 1708 1393 1741 corpus
1403 1696 1527 1732 Christi
1542 1698 1718 1741 mysticum
1730 1698 1946 1733 obtinuerunt
1955 1722 1963 1730 .
1988 1707 2031 1745 35
2038 1707 2069 1745 9.
2082 1708 2110 1733 1.

1226 1747 1384 1783 Ordinati
1409 1747 1493 1783 olim
1523 1748 1680 1783 nonnulli
1707 1748 1860 1783 videntur
1887 1760 1942 1792 per
1979 1748 2095 1782 saltum
2104 1770 2125 1786 .,

1276 1807 1360 1847 350.
1374 1810 1397 1832 ι.
1407 1808 1439 1836 2·
1466 1799 1548 1834 Non
1581 1809 1692 1835 tamen
1714 1800 1751 1834 in
1778 1800 1923 1835 Ecclesia
1938 1797 2093 1833 Romana
2104 1821 2113 1830 .

1278 1859 1322 1893 35
1333 1859 1359 1884 1·
1377 1860 1410 1885 2·

1229 1897 1413 1931 ordinatus
1427 1898 1608 1944 Episcopus
1619 1898 1661 1934 ab
1673 1910 1741 1933 uno
1754 1899 1861 1936 solnm
1874 1897 2038 1944 Episcopo
2048 1919 2060 1936 2
2071 1894 2113 1930 ab

1279 1945 1423 1982 Ecclesia
1432 1949 1586 1984 admissus
1596 1974 1603 1981 .
1987 1946 2066 1995 386-
2078 1955 2113 1981 2·

1229 1995 1406 2029 Ordinatio
1422 1998 1576 2039 Episcopi
1588 1997 1629 2031 ab
1642 1994 1794 2029 haeretico
1810 1995 1977 2037 Episcopo
1987 2006 2057 2028 non
2067 1994 2113 2029 est

1278 2043 1424 2079 invalida
1436 2067 1444 2076 .
1469 2052 1550 2089 239.
1573 2053 1599 2081 1·
1616 2041 1679 2078 Sed
1695 2041 1833 2085 illicita,
1858 2042 1881 2076 li
1895 2041 1936 2077 ab
1946 2039 2117 2077 Orthodo·

1279 2094 1331 2128 xis
1343 2102 1439 2136 queat
1451 2092 1595 2128 ordinari
1607 2117 1615 2127 .
1988 2102 2066 2140 239.
2080 2104 2111 2129 2.

1230 2142 1409 2182 Ordinatio
1434 2154 1489 2187 per
1501 2143 1698 2187 Episcopum
1720 2142 1880 2178 intrusum
1901 2143 2043 2179 exercita
2063 2144 2112 2177 est

1281 2195 1371 2230 irrita
1393 2217 1404 2234 ‚
1431 2204 1500 2228 non
1519 2193 1628 2237 quoad
1655 2193 1868 2227 substantiam
1888 2218 1899 2235 ‚
1927 2194 1981 2228 sed
2003 2191 2114 2236 quoad

1281 2244 1512 2280 executionem
1524 2255 1531 2275 :
1558 2244 1594 2279 in
1606 2255 1673 2287 quo
1683 2242 1838 2290 Morinus
1849 2243 1867 2277 a
1878 2255 1958 2280 vero
1980 2241 2093 2278 deviat
2103 2265 2114 2275 .

1282 2295 1362 2341 386.
1375 2303 1410 2332 2·

1233 2343 1491 2380 ordinationem
1503 2354 1556 2390 per
1567 2344 1685 2379 saltum
1696 2341 1806 2379 o‘ihnis
1817 2344 1960 2381 Ecclesia
1977 2342 2116 2378 detesta-

1283 2404 1334 2428 ta.
2055 2417 2062 2424 ·
2083 2403 2112 2428 1·

1234 2442 1473 2481 Ordinationes
1492 2445 1704 2485 invitorum.
1734 2454 1814 2494 350·
1838 2446 1873 2479 2.
1889 2442 1924 2479 A
1940 2402 2115 2486 Sitiisssl'icio

1284 2495 1371 2541 Papa
1384 2495 1559 2530 interdictae
1569 2521 1579 2536 ,
1607 2507 1665 2530 cur
1677 2495 1695 2527 ἓ
1988 2500 2070 2539 351·
2084 2502 2115 2527 1·

1235 2544 1456 2582 Ordinatores
1469 2545 1583 2581 Photii
1606 2557 1674 2580 non
1685 2546 1758 2579 sunt
1772 2543 1970 2580 nominatim
1981 2545 2114 2578 damna-

1284 2595 1312 2630 ti
1324 2622 1334 2638 ,
1354 2597 1475 2641 quippe
1485 2597 1541 2640 qui
1553 2596 1748 2632 Canonibus
1759 2596 1956 2630 damnantur
1966 2619 1974 2627 .
2000 2602 2111 2640 3794.-

1286 2647 1407 2692 383.1.
1432 2647 1510 2691 384·
1527 2659 1557 2683 2·

1235 2694 1380 2732 Ordines
1405 2695 1448 2731 ab
1473 2697 1598 2731 intruso
1626 2697 1790 2741 Episcopo
1810 2694 1950 2731 collatos
1971 2692 2116 2729 Ecclesia

1285 2744 1439 2780 Romana
1451 2746 1559 2782 irritos
1571 2746 1771 2782 existimavit
1783 2772 1792 2780 .
2000 2751 2079 2788 373·
2090 2753 2113 2774 ¹·

1236 2797 1365 2839 Septem
1382 2796 1524 2831 Ordines
1543 2797 1563 2831 ὲ
1589 2807 1733 2839 tempore
1744 2796 1980 2839 Apostolorum
2001 2791 2113 2825 fuere:

1285 2846 1390 2880 Graeci
1407 2847 1510 2879 tribus
1521 2845 1704 2880 minoribus
1715 2844 1836 2879 omiffis
1847 2843 1952 2878 solum
1962 2841 2117 2875 Leston-

1287 2905 1359 2930 tum
1371 2896 1584 2930 contulerunt
1595 2919 1603 2927 .
1989 2902 2068 2940 349.
2082 2903 2114 2928 2.

1238 2945 1406 2981 Ordinum
1418 2944 1714 2980 Ecclefiasticorum
1726 2943 1896 2978 interstitia
1906 2966 1919 2984 ‚
1945 2942 2123 2992 praesertimy

1285 2996 1444 3031 Palatinis
1455 2995 1632 3040 praescripta
1643 3019 1652 3026 .
2012 3001 2079 3038 271.
2091 2996 2127 3026 ι.“

1238 3047 1404 3083 Ordinum
1426 3045 1687 3081 Subdiaconatus
1707 3045 1742 3080 δ(
1755 3044 1960 3079 Diaconatus
1980 3054 2037 3087 per
2052 3041 2116 3076 dit:
2175 3073 2191 3086 Δ

1287 3097 1515 3142 pensationem
1523 3095 1710 3131 fimultanea
1732 3095 1870 3132 collatio
1878 3093 1926 3129 est
1937 3090 2123 3129 admodum.

1287 3157 1400 3183 recens
1413 3172 1421 3180 .
1993 3153 2072 3192 271-
2083 3153 2116 3179 2·

1237 3198 1401 3234 Osculum
1414 3196 1547 3242 pedibus
1557 3196 1704 3231 Romani
1715 3196 1891 3231 Pontificis
1899 3195 1918 3230 a
1933 3193 2119 3238 Justiniano

1290 3248 1331 3282 11.
1348 3248 1551 3292 impensum:
1578 3247 1682 3294 Quod
1696 3246 1884 3284 Calvinistae
1896 3241 2062 3282 immerito
2072 3242 2123 3274 sus·

1287 3298 1490 3344 perstitionis
1502 3298 1692 3335 insimulant
1705 3320 1714 3331 .
2003 3301 2075 3334 172·
2087 3295 2115 3343 ¹7

1882 3442 2068 3490 paganismi
