2340 3762
647 183 717 216 ne
751 179 989 215 semma
1024 166 1268 213 Srnooo
1301 152 1638 224 Genauam.

241 259 508 306 “exstirpandas
524 258 706 306 proscripsit
727 258 771 295 ad
784 254 1023 294 idololatriam.
1050 255 1122 290 No-

240 315 340 351 stram
362 313 462 357 igitur
486 312 658 350 Nicaenam
679 309 853 355 Synodum
881 308 901 342 ὰ
934 309 1042 353 primo
1067 306 1125 346 suo

240 363 332 408 apud
351 361 682 405 Constantinopolim
709 359 850 397 exordio
880 358 1003 400 Canon
1027 359 1125 400 voc*

243 412 654 459 Constantinopolitanam
670 435 680 444 .

405 695 754 750 CAPUT
834 699 962 753 XII.

311 870 564 935 Exponuntur
586 869 764 931 Νίσαια
786 863 891 920 Abia
915 862 1056 938 Synodi

378 938 380 944 ⁸
563 940 753 1019 praefintz's
785 976 800 998 e

353 1111 450 1154 Ostra
459 1110 615 1157 Synodus
627 1111 761 1154 tandem
772 1109 924 1147 inchoata
936 1109 1000 1147 fuit
1008 1111 1128 1150 ofi'tavo

379 1162 529 1205 calendas
540 1163 712 1205 Οᾶοβῐὶς,
738 1162 921 1197 ἱηᾶἰέὶίοιιε
935 1160 1131 1203 undecima,

244 1213 462 1248 Constantini
510 1214 545 1248 δε
566 1214 674 1248 Irenes
700 1223 791 1248 anno
812 1215 928 1248 ostavo
947 1237 959 1255 ‚
988 1211 1132 1252 Adriani

245 1258 425 1300 Pontificis
436 1262 568 1299 decimo
582 1265 675 1299 sexto
685 1288 697 1305 ,
722 1261 846 1298 Christi
858 1263 1003 1299 Domini
1013 1262 1132 1306 septin-

248 1314 431 1359 gentesimo
448 1314 668 1359 oauagefimo
690 1313 829 1357 septimo
841 1337 853 1354 ,
879 1314 916 1349 in
937 1312 1133 1359 Metropoli·

247 1374 329 1399 tana
348 1363 566 1404 Nicaenorum
587 1361 863 1405 Bafilica'Sanfiae
887 1362 1017 1407 Sophiae
1036 1388 1048 1405 ‚
1075 1364 1131 1398 seu

247 1413 383 1447 Divinae
393 1413 583 1456 Sapienriae,
607 1413 653 1448 ita
663 1412 815 1456 appellari
826 1421 935 1455 coepta
957 1413 1028 1454 post
1045 1422 1132 1445 aeter·

246 1472 330 1496 nam
353 1460 712 1504 &consubstantialem
723 1460 789 1494 Dei
810 1459 915 1500 Patris
940 1461 1130 1504 sapientiam

245 1511 434 1546 {trecentis
442 1510 555 1546 decem
579 1511 700 1545 &osto
721 1511 836 1545 sanetis
845 1509 996 1545 Patribus
1023 1509 1133 1545 adver·

247 1561 324 1650 {Lim
335 1561 411 1598 Arii
420 1560 636 1607 blasphemias
658 1560 781 1597 ibidem
803 1560 1004 1605 synodaliter
1019 1561 1132 1597 defen-

284 1622 317 1647 m
328 1635 336 1645 .

386 1897 639 1949 Actio
708 1899 992 1950 Palma,

368 2051 487 2086 Siciliae
506 2051 677 2097 Episcopis
691 2077 703 2094 ‚
727 2053 770 2093 ad
790 2055 1134 2100 Constantinopolita-

371 2112 452 2135 num
464 2101 728 2139 patriarchatum
750 2114 793 2137 ex
804 2104 929 2139 Leonis
946 2106 1044 2139 Isauri
1067 2105 1134 2140 vio-

252 2150 354 2186 lentia
374 2160 455 2186 tunc
472 2151 709 2196 spectantibus,
734 2163 870 2198 rogatus
882 2155 1018 2195 Sanetus
1042 2154 1136 2189 Tha-

250 2200 372 2243 rasius,
397 2202 514 2246 utpote
533 2214 641 2237 rerum
662 2203 971 2241 lconoclasticarum
994 2206 1133 2249 peritus,

249 2250 331 2284 fecit
340 2252 498 2295 loquendi
509 2253 684 2288 exordium
694 2277 706 2294 ‚
732 2252 834 2288 verbo
844 2254 966 2290 ostium
984 2256 1111 2299 aperuit
1120 2279 1131 2296 ,

249 2300 369 2344 prioris
379 2302 459 2337 anni
471 2303 645 2346 Synodum
671 2302 806 2337 &illius
825 2304 844 2338 a
866 2304 1029 2340 militibus
1054 2306 1134 2349 inju-

247 2350 314 2384 rias
333 2363 504 2398 exponens
523 2378 535 2395 ,
561 2364 661 2398 atque
679 2351 805 2388 addidit
827 2379 834 2386 .
861 2358 1059 2391 Conveniunt
1080 2361 1136 2398 qui

246 2406 344 2449 prim
353 2413 433 2441 anno
442 2402 571 2444 restitere
583 2409 723 2441 veritati.
749 2405 782 2436 51
793 2409 861 2447 quis
878 2405 916 2447 est
925 2410 956 2441 in
970 2407 1033 2439 illis
1038 2405 1134 2449 serim

251 2452 307 2484 vel
313 2452 555 2488 contradielionts
582 2455 635 2488 vel
650 2458 904 2496 ranocinationis,
932 2457 1059 2490 dicant.-
1084 2458 1134 2489 1ιᾶ

251 2505 350 2535 omnis
360 2508 544 2536 examinatio
553 2503 768 2547 manifestafiet
775 2530 782 2538 .
810 2505 855 2539 Et
869 2505 1049 2541 introducti
1061 2507 1135 2541 sunt

252 2548 393 2585 Basilius
404 2550 546 2595 Ancyrae
557 2554 759 2598 Episcopus,
786 2555 896 2598 primae
906 2555 1042 2593 Galatiae
1064 2556 1138 2594 Me-

253 2600 411 2643 tropolita
431 2626 443 2642 ,
470 2601 676 2641 Theodorus
695 2603 858 2647 Myrensis
882 2629 895 2646 ‚
919 2606 1139 2650 Metropolita

252 2649 368 2693 Lyciae
378 2674 389 2691 ,
415 2651 451 2684 &
461 2650 671 2691 Theodosius
683 2654 866 2698 Episcopus
876 2653 1117 2691 Ammorienfis
1129 2682 1137 2691 .

304 2698 439 2742 Exinde
448 2701 490 2741 ad
501 2701 804 2747 gloriofiffimotum
828 2703 981 2748 Judicum
1003 2706 1143 2744 interloffi

250 2750 424 2785 cntionem
437 2750 517 2786 lesia
527 2753 573 2788 est
585 2754 674 2794 sacra
685 2754 901 2791 Constantini
926 2756 961 2790 δε
971 2755 1080 2791 irenes
1097 2756 1139 2791 ad

255 2799 429 2855 Synodum
453 2802 584 2838 Divalis
603 2828 615 2845 ,
640 2801 763 2842 habens
787 2812 928 2848 quatuor
965 2807 1140 2850 praesertim

257 2857 386 2905 capita.
411 2849 546 2893 Primo,
574 2852 718 2893 ostendit
728 2856 889 2894 summam
910 2856 1069 2899 praesentis
1082 2859 1140 2900 Sy-

257 2897 344 2954 nodi
353 2899 591 2944 necessitatem,
616 2904 732 2948 utpote
753 2905 820 2939 fine
837 2916 902 2950 qua
920 2907 1082 2950 pacificari
1107 2907 1140 2942 ὄε

257 2945 303 2981 ad
314 2955 387 2985 vitae
396 2957 518 2985 aeternae
527 2952 615 2995 spem
626 2954 752 2989 restitui
773 2956 960 2994 Graecorum
984 2957 1140 2991 Ecclesias

258 3007 329 3035 non
342 2998 430 3046 posse
439 2997 561 3034 Paulus
571 3002 756 3039 Patriarcha
767 3005 932 3048 poenitens
956 3007 990 3041 &
1001 3007 1141 3041 moriens

258 3045 366 3103 fuerat
376 3048 586 3092 protestatuS,
612 3052 722 3094 &sine
736 3055 827 3098 cujus
853 3056 1010 3095 saciendae
1030 3057 1140 3102 Regio

259 3098 416 3140 promisso
428 3097 562 3134 sanstus
574 3099 751 3142 Tharasius
761 3105 932 3143 admittere
954 3107 1142 3142 constanter

260 3145 415 3204 noluerat
446 3148 680 3193 Episcopatum
713 3153 1141 3200 Constantinopolitanum.

256 3195 417 3236 Deinde,
440 3197 531 3241 juxta
545 3198 684 3235 Adriani
696 3201 986 3249 Pontificispreces
1011 3208 1044 3241 &
1063 3207 1141 3250 jussa

262 3245 322 3287 dat
339 3246 510 3292 Episcopis
532 3250 664 3293 plenam
685 3252 830 3298 suffragii
851 3253 1053 3293 libertatem.
1080 3260 1145 3295 Da-

265 3307 335 3329 mus
356 3321 367 3337 ,
393 3298 501 3341 inquit
519 3324 531 3340 ,
555 3305 709 3344 unicuique
731 3305 906 3344 mennam,
929 3314 963 3338 ut
979 3304 1042 3347 fine
1063 3313 1142 3341 omni

265 3343 476 3389 substrac‘lrone
485 3351 620 3393 loquatur
641 3363 707 3399 quae
723 3351 781 3394 fibi
791 3352 859 3396 visa
877 3354 1015 3398 fuerint,
1040 3358 1075 3391 6*
1095 3358 1141 3391 di-

265 3394 375 3435 Isinda
384 3406 567 3435 examinatio
571 3402 631 3445 fiat
641 3426 652 3442 ‚
678 3403 816 3446 &magis
823 3404 1006 3447 fiducialiter
1028 3411 1141 3440 veritas

267 3454 398 3489 agatur.
423 3448 567 3493 Tertio,
592 3452 797 3498 dogmaticas
809 3453 950 3491 Adriani
969 3454 1142 3493 Pontificis

1892 154 1997 227 2235
2069 202 2072 204 -

1144 272 1146 274 ·
1165 253 1222 290 ·ad
1233 251 1406 297 Synodum
1416 251 1540 292 litteras
1550 249 1686 290 mandat
1705 250 1834 295 publice
1853 254 1890 288 in
1907 256 2064 294 omnium

1181 302 1382 343 audientiam
1393 311 1468 338 cum
1478 301 1656 336 reverentia
1679 300 1854 341 &filentio
1874 304 1940 350 legi
1957 303 2064 349 secun-

1169 357 1253 389 dam
1264 352 1510 397 jusssnodicum.
1536 352 1642 401 Qod
1666 363 1808 396 namque
1829 353 2065 392 Romanorum

1169 400 1408 449 'Episcopum
1420 403 1515 437 omni
1533 401 1680 447 generaii
1690 402 1828 445 Synodo
1850 404 1886 438 ἃ
1905 404 2066 440 definien-

1182 456 1302 491 dorum
1315 453 1574 499 propositionem
1598 452 1633 486 ἀ
1647 453 1791 496 primum
1800 454 1991 499 suffragium
2010 454 2068 489 ha-

1184 505 1278 549 beat,
1306 503 1401 549 quod
1413 503 1481 546 ejus
1498 502 1610 536 litterar
1619 501 1683 537 fint
1698 503 1826 546 Synodi
1835 504 1987 539 direstrix
2004 504 2070 539 Re-

1182 556 1261 603 gula
1273 580 1286 599 ,
1313 552 1403 600 quod
1415 553 1460 595 ob
1469 563 1581 592 earum
1593 551 1711 598 Ephefi
1722 554 1936 589 intermissam
1959 553 2072 589 lectio·

1186 618 1263 647 nem
1284 605 1465 647 Dioscorus
1482 603 1502 637 a
1523 603 1663 646 Synodo
1685 601 1949 640 chalcedonensi
1968 605 2070 643 ¹fuerit

1185 657 1346 700 dejectus,
1372 654 1463 698 quod
1483 651 1551 693 haec
1569 651 1684 688 omnia
1707 652 1771 686 sint
1791 651 2007 696 -Apostolicus
2033 654 2070 691 δε

1189 706 1409 753 Evangelicus
1419 705 1540 740 Canon
1553 728 1565 744 ‚
1591 703 1637 737 est
1647 702 1707 737 suo
1717 702 1794 736 loco
1814 702 1946 738 abunde
1965 705 2073 742 osten-

1186 758 1258 791 sum
1281 781 1287 788 .
1313 755 1444 802 Qrto
1464 754 1610 796 deanue
1630 777 1644 794 ,
1668 753 1765 788 Sacra
1783 753 1914 787 Divalis
1934 755 2073 790 mandat

1185 807 1293 841 etiam
1314 805 1440 840 recitari
1462 803 1668 848 dogmaticas
1689 802 1912 838 Alexandrini
1943 804 1979 838 &
2001 802 2074 839 An-

1185 855 1331 890 tiocheni
1340 851 1536 890 Patriarchae
1546 852 1587 888 ad
1599 855 1774 897 Synodum
1786 854 1912 889 litteras
1923 877 1935 894 ‚
1961 852 2077 899 allatas

1184 905 1342 951 aJoanne
1367 903 1554 945 &Thoma
1564 903 1763 946 monachis,
1788 903 1982 940 eorumdem
1992 903 2076 947 Syn.-

1186 956 1299 998 cellis,
1326 954 1472 995 Vicariis
1498 980 1510 995 ‚
1536 955 1694 1001 Legatis.
2017 949 2022 953 ’

1193 1024 1195 1026 ·
1237 1005 1461 1050 Synodalibus
1481 1004 1597 1039 litteris
1631 1006 1666 1041 &
1687 1004 1887 1040 orthodoxis
1913 1002 2076 1050 Augustis

1188 1056 1391 1101 synodaliter
1404 1056 1619 1092 acclamatum
1629 1054 1693 1089 fuit
1702 1079 1714 1096 ‚
1740 1066 1779 1089 ac
1789 1063 1853 1090 tres
1865 1055 1945 1093 disti
1958 1056 2080 1089 leono-

1189 1107 1295 1142 clastae
1306 1106 1483 1150 Episcopi,
1508 1105 1628 1141 stantes
1637 1106 1674 1140 in
1685 1104 1797 1140 medio
1810 1114 1849 1139 ut
1870 1103 1918 1139 rei
1931 1129 1943 1143 ‚
1970 1102 2080 1148 postu-

1189 1157 1297 1192 larunt
1315 1157 1384 1192 Dei
1405 1155 1649 1200 omnipotentis
1673 1179 1685 1197 ‚
1711 1153 1853 1194 Adriani
1876 1154 2082 1196 pontificis,

1190 1220 1228 1243 ac
1238 1208 1393 1243 universae
1403 1206 1532 1250 Synodi
1554 1206 1831 1245 communionem
1848 1204 1892 1244 r&
1917 1203 2082 1249 gratiam,

1191 1269 1332 1294 errorem
1356 1270 1395 1293 ac
1404 1256 1743 1301 indisciplinationem
1765 1256 1857 1295 suam
1879 1265 1958 1288 cum
1980 1254 2082 1298 lacry-

1191 1311 1254 1344 mis
1275 1320 1442 1355 agnovere
1463 1333 1476 1350 ,
1511 1309 1704 1346 Sanstorum
1727 1304 1977 1343 invocationem
1999 1329 2012 1344 ‚
2037 1305 2083 1339 sa·

1193 1371 1317 1395 eratum
1340 1358 1569 1403 Reliquiarum
1604 1369 1643 1392 ac
1673 1357 1859 1403 imaginum
1883 1351 2083 1392 venerabun-

1193 1410 1269 1442 dam
1295 1408 1549 1448 salutationem,
1568 1418 1615 1440 rac
1636 1416 1772 1443 omnem
1793 1403 2019 1443 orthodoxam
2045 1403 2085 1438 fi·

1194 1457 1269 1491 dem
1282 1456 1409 1500 scriptis
1418 1455 1538 1491 libellis
1550 1456 1626 1492 sunt
1647 1454 1777 1500 professi
1789 1479 1801 1495 ,
1825 1465 1943 1491 omnes
1963 1452 2087 1490 Iceno-

1193 1506 1343 1542 clasticos
1353 1518 1476 1542 errores
1500 1517 1539 1541 ac
1550 1506 1747 1541 temeritates
1759 1503 1971 1543 anathemate
1995 1502 2087 1538 dam·
2150 1533 2152 1535 .

1195 1567 1314 1592 narunt
1326 1582 1337 1598 ,
1367 1565 1464 1600 atque
1474 1556 1519 1590 ita
1533 1557 1570 1590 in
1584 1556 1734 1590 Ecclesiae
1745 1557 2021 1590 communionem
2046 1553 2084 1589 δε

1194 1607 1330 1652 gratiam
1342 1608 1416 1640 sunt
1426 1606 1563 1649 recepti.
1592 1606 1686 1652 Qin
1712 1605 1748 1638 &
1771 1606 1808 1638 in
1833 1602 1922 1647 sedes
1941 1604 2013 1637 suas
2035 1603 2085 1638 so-

1194 1657 1334 1693 lenniter
1348 1659 1423 1691 sunt
1444 1655 1603 1690 restituti.
1630 1654 1812 1689 Rationem
1835 1652 1916 1688 dant
1940 1654 2084 1697 Joannes

1194 1708 1228 1741 δε
1237 1705 1392 1741 Thomas
1403 1704 1560 1741 monachi
1572 1728 1583 1744 ‚
1610 1704 1734 1739 sedium
1745 1704 1974 1739 Orientalium
1986 1702 2086 1737 Vica-

1195 1758 1236 1794 rii
1261 1757 1445 1801 &Legatiz
1471 1755 1736 1798 ‚Quemadmodum
1759 1752 1952 1797 susceperunt
1968 1751 2085 1795 samffae

1196 1811 1229 1842 ὁ·
1249 1804 1436 1849 universales
1461 1805 1564 1843 synodi
1588 1814 1626 1837 ex
1650 1803 1756 1847 baerefi
1772 1802 1946 1846 converfhs,
1974 1804 2010 1837 Θ
2031 1814 2084 1836 nos

1190 1853 1365 1899 fiascipimus
1378 1880 1385 1887 .
1412 1855 1464 1888 Hi
1485 1864 1629 1895 namque
1651 1863 1714 1888 tres
1734 1865 1840 1898 neque
1863 1862 1958 1892 erant
1967 1852 2086 1888 erroris

1197 1907 1385 1942 inventores
1406 1929 1417 1946 ‚
1442 1915 1548 1947 neque
1570 1903 1682 1938 Duces
1717 1915 1774 1939 aut
1798 1904 1970 1951 Principes
1986 1928 1998 1945 ‚
2024 1915 2086 1938 nec

1196 1955 1307 2001 aliquo
1319 1953 1463 2001 graviori
1477 1965 1538 1998 pro
1550 1952 1656 1990 haerefi
1670 1955 1816 1988 facinore
1825 1979 1836 1995 ‚
1868 1965 1926 1988 aut
1948 1955 2015 1988 alio
2027 1954 2088 1987 cri-

1196 2005 1459 2049 mineinsignes‚
1485 2014 1569 2047 quos
1579 2004 1667 2037 solos
1680 2004 1714 2037 in
1732 2004 1822 2040 laicae
1837 2003 2087 2038 communionis

1197 2054 1385 2089 humilitate
1398 2053 1588 2097 perpetuum
1612 2051 1754 2088 detineri
1775 2053 1910 2088 mandat
1930 2054 2086 2096 antiquus

1198 2105 1347 2139 Ecclefiae
1360 2103 1481 2138 Canon
1493 2128 1505 2144 ,
1528 2102 1548 2136 a
1567 2103 1685 2137 Sansto
1707 2101 1890 2138 Athanasio
1917 2102 2063 2139 laudatus
2075 2127 2088 2145 ,

1196 2153 1361 2198 {synodo
1373 2153 1511 2188 Nicaena
1534 2152 1571 2187 in
1581 2152 1774 2188 Meletianis
1800 2164 1838 2188 ac
1860 2151 2089 2188 Novatianeri-

1197 2205 1280 2240 fibus
1290 2203 1465 2239 inchoatus
1476 2228 1488 2245 ,
1508 2204 1527 2239 a
1539 2203 1693 2238 Romana
1705 2204 1847 2239 Ecclesia
1859 2204 2088 2245 confirmatus,

1195 2256 1230 2291 Β(
1253 2257 1273 2289 a
1295 2257 1485 2294 cunctarum
1504 2253 1706 2299 generalium
1729 2253 1940 2300 Synodorum
1963 2254 2020 2290 usu
2042 2265 2088 2294 re-

1200 2315 1333 2350 ceptus.
1607 2331 1608 2335 ,
1757 2301 1760 2303 ’

1248 2354 1467 2390 Postmodum
1488 2354 1666 2393 introduffl
1692 2356 1767 2390 sunt
1780 2355 1953 2401 Hypatius
1979 2356 2014 2390 in
2035 2355 2090 2392 Bi·

1197 2403 1314 2447 thynia
1328 2407 1363 2440 N
1366 2407 1422 2441 icae
1430 2416 1491 2439 nus
1503 2429 1514 2445 ‚
1541 2405 1611 2440 Leo
1624 2405 1837 2442 Rhodiorum
1860 2408 1895 2442 in
1908 2405 2088 2442 insularum

1198 2455 1373 2491 Provincia
1384 2481 1396 2497 ,
1422 2456 1604 2500 Gregorius
1615 2455 1811 2492 Peffinuntis
1823 2458 1858 2491 in
1872 2458 2012 2492 secunda
2022 2455 2090 2492 Ga·

1199 2505 1275 2540 latia
1296 2530 1308 2546 ‚
1333 2505 1405 2541 Leo
1430 2505 1608 2540 Iconienfis
1629 2506 1663 2540 in
1689 2506 1883 2550 Lycaonia,
1907 2507 2089 2552 Gregorius

1199 2554 1388 2590 Antiochiae
1405 2556 1442 2590 in
1463 2554 1607 2597 Pisidia,
1633 2555 1796 2592 Nicolans
1816 2556 2090 2601 Hierapolitanus

1199 2606 1234 2639 in
1251 2605 1397 2650 Phrygia
1409 2604 1588 2641 Pacatiana
1602 2605 1756 2653 Episcopi
1770 2607 2018 2653 Metropolitani
2029 2628 2040 2644 ‚
2054 2607 2090 2640 δε

1200 2657 1270 2690 Leo
1292 2653 1448 2700 Carphati
1469 2656 1507 2690 in
1529 2656 1627 2691 CarIa
1654 2657 1837 2701 Episcopus
1856 2681 1869 2697 ,
1896 2666 2027 2701 patratae
2051 2656 2090 2690 in

1201 2706 1317 2749 prioris
1327 2706 1405 2741 anni
1418 2706 1592 2748 Synodum
1604 2706 1769 2745 violentiae
1781 2709 1893 2743 Duces
1917 2718 1956 2740 ac
1977 2705 2090 2740 incen-

1199 2765 1306 2797 tores,
1334 2757 1391 2800 qui
1403 2757 1422 2791 a
1436 2756 1554 2791 Sancto
1564 2756 1725 2792 Tharafio
1739 2755 1926 2792 Patriarcha
1937 2754 2018 2791 dure
2038 2755 2090 2790 in·

1200 2806 1344 2852 crepui,
1371 2807 1479 2852 rogati
1491 2808 1601 2842 causas
1612 2807 1911 2847 suaeturbulentiae,
1937 2818 1976 2841 ac
2001 2803 2088 2841 nihil

1202 2867 1356 2900 reponere
1366 2857 1511 2893 valentes
1520 2857 1633 2892 dixere
1655 2868 1710 2900 per
1722 2857 1871 2891 Leonem
1887 2856 2088 2901 Metropoli-

1202 2916 1270 2942 tam
1281 2904 1509 2943 Rhodiorum.
1537 2910 1728 2941 Peccavimus
1739 2912 1775 2940 in
1786 2905 1936 2951 conffieau
1951 2911 2028 2948 Dei,
2051 2908 2087 2943 ὀ·

1201 2963 1234 2993 in
1242 2955 1393 3000 conspeeiu
1408 2963 1500 2992 tonus
1515 2955 1646 2998 Ecclefiae
1671 2958 1706 2991 (ν
1724 2955 1837 3000 sanHae
1849 2958 1952 2997 synodi·
1975 2956 2063 2999 hujus
2075 2968 2086 2988 ε

1204 3007 1471 3049 Perinfipientiam
1482 3009 1636 3042 cecidimus
1649 3031 1661 3047 ‚
1687 3007 1722 3040 (a
1745 3019 1802 3040 non
1825 3006 1964 3042 habemus
1984 3005 2089 3049 defen-

1196 3055 1284 3097 sionis
1311 3057 1414 3098 nostrae
1435 3063 1580 3092 rationem
1599 3081 1607 3089 .
1644 3057 1775 3104 Qaesiti
1799 3083 1810 3100 ‚
1836 3060 1917 3102 ,ραι
1936 3069 1992 3092 vos
2009 3062 2089 3090 ratio

1202 3113 1348 3140 convertit
1365 3109 1411 3141 ad
1428 3112 1608 3147 veritatem,
1634 3108 1799 3151 reposuere
1817 3120 1873 3152 per
1896 3108 2088 3152 Hypatium

1205 3157 1400 3191 Nicaenum:
1427 3156 1599 3191 Sanc‘loram
1622 3159 1750 3191 Parrum
1775 3158 1809 3191 (tt
1833 3157 2023 3201 quslolorum
2038 3157 2089 3190 do-

1203 3206 1313 3240 anna.
1342 3206 1398 3241 Ab
1409 3205 1578 3250 Apostolis
1592 3207 1628 3241 in
1638 3206 1851 3244 Antiochena
1863 3207 2003 3253 Synodo
2026 3218 2086 3252 pro

1205 3258 1299 3291 sacris
1310 3256 1509 3301 imaginibus
1519 3255 1644 3291 editum
1655 3258 1703 3292 Ca
1710 3269 1830 3294 nonem
1842 3254 2015 3297 laudarunt
2026 3281 2036 3296 ‚
2050 3257 2085 3290 δε

1203 3307 1334 3342 ostensis
1345 3318 1471 3351 magnae
1495 3307 1693 3351 poenitentiae
1714 3307 1861 3353 signisin
1881 3308 1947 3344 Dei
1974 3309 2007 3341 ὅ(
2029 3305 2087 3346 Sy-

1205 3355 1283 3390 nodi
1304 3357 1441 3401 gratiam
1463 3358 1668 3400 speraverunt
1697 3381 1706 3391 .
1742 3358 1786 3392 Et
1817 3357 1896 3393 hinc
1922 3354 2086 3397 intelliges

1205 3407 1387 3451 Georgium
1410 3406 1599 3442 Cedrenum
1621 3407 1814 3443 scribentem
1845 3407 1885 3441 ad
1911 3404 2087 3446 septimum

1205 3467 1328 3493 aunum
1340 3455 1553 3494 Constantini
1577 3458 1612 3494 ὅ(
1632 3458 1759 3495 Irenes:
1786 3460 1903 3540 Aperte&
1918 3452 1958 3535 es}
1974 3457 2087 3535 ‘Nica

1905 3511 1937 3538 at
1960 3507 2038 3537 oica.
