2340 3762
671 152 739 183 De
774 150 1008 183 octava
1043 138 1290 185 SYNODO
1323 137 1660 190 Generum.
1904 164 1996 211 373

1194 222 1317 258 dicem.
1341 223 1438 259 Hinc
1457 224 1587 261 ,addunt
1609 237 1669 262 eos
1687 242 1741 273 per
1759 234 1882 268 variam
1902 246 1961 278 pro
1973 238 2068 273 vario

1169 279 1171 281 ’
1194 273 1282 317 lapsu
1293 273 1518 317 poenitentiarn
1529 276 1617 318 pofl‘e
1636 283 1769 322 reparari
1784 307 1790 314 .

1242 323 1335 358 Hinc
1344 324 1385 358 ad
1399 324 1610 368 Apostolicos
1620 326 1764 372 Legatos
1774 331 1881 367 denuo
1893 335 1924 368 se
1932 346 2066 370 conver.

1190 372 1231 407 tit
1242 372 1399 408 Patricius
1409 372 1575 410 Bahanes:
1602 376 1829 423 ‚nobertaliquid
1838 384 1934 419 vestm
1954 386 2066 419 sanm-

1190 432 1241 456 tas
1250 423 1355 463 bodie,
1378 433 1414 458 ut
1423 423 1588 467 disponat?
1614 426 1682 470 Qui
1704 429 1891 469 reposuere:
1919 437 2062 470 Vellemus

1188 474 1324 507 ordinare
1344 474 1380 506 de
1402 475 1522 514 libello,
1547 477 1694 517 quantum
1709 478 1854 522 poffemus
1880 503 1892 519 ,
1911 479 1970 523 sed
1992 491 2064 524 quia

1188 522 1342 566 transa8a
1349 523 1389 565 est
1398 523 1471 557 bora
1485 548 1496 564 ,
1519 523 1612 566 hujus
1625 532 1670 558 rei
1675 532 1778 570 gratia
1786 533 1819 561 in
1826 529 1885 562 alio
1891 540 2062 573 conventu,

1191 577 1249 606 Deo
1253 573 1385 615 favente
1396 598 1407 614 ,
1423 574 1575 620 faciemus
1585 576 1666 617 quod
1673 577 1811 611 debemus
1823 603 1831 611 .
1853 577 1930 626 ⁴(Qa
1934 591 2064 624 propter

1186 623 1251 657 illis
1270 623 1426 660 obediens
1443 625 1530 659 sacer
1547 625 1686 661 Senatus
1704 627 1840 662 surrexit
1851 653 1863 669 ,
1889 631 1926 666 43<
1952 628 2040 666 dixit
2051 645 2063 666 ς

1186 673 1364 709 Benedidlus
1386 676 1469 709 Deus
1489 698 1501 715 ‚
1528 679 1601 717 quia
1619 681 1780 709 meruimus
1801 680 1907 713 videre
1925 679 2065 722 sandasi-

1185 724 1264 755 diem
1284 722 1368 762 istam
1381 747 1392 762 ‚
1417 725 1452 757 ό*
1471 723 1670 759 honorabilem
1691 734 1799 761 caetum
1821 728 1948 766 vestrum
1969 755 1980 771 ‚
2001 742 2065 768 ,ecca

1184 770 1247 805 baec
1266 779 1365 805 omnia
1378 771 1538 815 secundum
1560 781 1704 809 rationem
1728 781 1872 813 veritatis
1892 787 2061 816 terminata

1180 820 1267 862 sunt.
1295 822 1513 866 Nequecnim
1525 823 1611 858 solus
1624 825 1772 860 Bahanes
1784 826 1936 863 Patritius
1958 831 2064 867 adfuit

1184 871 1342 912 synodo,
1366 872 1419 906 sed
1445 874 1629 909 &Senatus
1640 876 1769 918 omnis,
1793 887 1834 911 ac
1852 877 1958 920 plures
1970 879 2063 914 Prin-

1183 919 1270 963 cipes
1293 920 1453 956 Palatini.
1478 923 1585 960 Ροιτὸ
1603 924 1787 969 ,Stephanus
1811 927 1956 964 Ecclefiae
1970 929 2059 963 Con-

1183 970 1481 1017 stantinopolitanae
1504 974 1675 1010 Diaconus
1698 988 1738 1012 ac
1759 977 1920 1014 Notarius
1936 1002 1946 1018 ,
1973 980 2062 1014 stans

1183 1020 1217 1052 in
1228 1018 1339 1057 medio
1350 1043 1367 1060 ,,
1386 1019 1507 1057 Basilio
1519 1023 1672 1067 Augusto
1682 1049 1694 1065 ‚
1719 1026 1788 1067 ejus
1805 1027 1877 1062 filio
1900 1027 2061 1063 Constan-

1182 1069 1255 1104 tino
1276 1094 1288 1110 ‚
1313 1070 1474 1107 Eudoxias
1498 1070 1677 1117 Augustae‚
1704 1075 1854 1110 Adriano
1876 1077 2058 1120 Pontifici,

1183 1118 1316 1164 Ignatio
1326 1118 1533 1161 Patriarchae,
1544 1122 1677 1166 Legatis
1687 1122 1810 1160 sedium
1823 1126 2062 1168 Orientalium,

1179 1169 1214 1203 &
1223 1170 1347 1204 cunctis
1357 1169 1484 1214 Synodi
1494 1170 1644 1210 Patribus
1655 1173 1780 1208 multos
1789 1185 1912 1214 annos,
1941 1177 2062 1212 Sancto

1179 1230 1290 1257 autem
1300 1219 1457 1255 Pontifici
1470 1220 1614 1258 Nicolao
1625 1223 1816 1258 acclamavit
1830 1226 2061 1269 sempiternam

1179 1270 1394 1312 memoriam,
1420 1271 1465 1305 ita
1489 1271 1584 1306 illurn
1605 1274 1836 1316 canonizavit,
1862 1275 1897 1310 &
1920 1276 2059 1320 primam

1179 1319 1355 1358 Athonem
1387 1321 1547 1359 conclufit
1559 1347 1572 1355 ..

77 224 233 256 L.r.c011c.
249 221 584 269 dinaratEphefinum
594 224 827 265 latrocinium,
853 224 929 266 ejici
958 235 1014 267 per
1024 225 1140 273 Syrio-¹

72 264 217 311 “³¹3¹oess
248 271 329 307 dum
362 274 661 310 Chalcedonensem
699 274 870 311 mandavit
897 273 1030 309 sanctus
1056 275 1126 315 Leo

74 305 214 376 {Plffw'
242 321 394 367 ,Magnus
418 349 429 366 ‚
454 326 489 360 δε
514 323 644 360 laudata
669 325 825 368 Synodus
847 322 989 357 omnine>
1010 324 1126 367 ejecit.

97 353 127 384 pr
152 366 159 375 ⁵
169 356 214 376 δι’
246 372 375 410 Eorum
387 386 472 410 unus
484 385 551 410 erat
562 377 682 410 Sansto
693 375 852 412 Flaviano
862 375 1123 417 superordinatus

247 422 425 460 Anatolius
451 426 858 470 Constantinopolitanus,
884 421 926 458 de
945 435 1012 468 quo
1038 425 1123 459 idem

244 471 455 510 Pontifexad
466 476 611 519 ejusdem
627 476 775 510 Eccleliae
784 475 921 510 ,clerum
940 488 951 507 .-
978 474 1121 519 ,Quisquis

244 525 380 557 incolumi
400 533 492 568 ‘atque
507 524 660 569 superstite
675 527 830 561 Flaviano
842 522 986 567 Episcopo
1009 525 1120 567 vestro,

245 575 444 608 Sacerdotium
460 578 531 616 ,ejus
545 576 644 618 fuerit
664 574 753 619 ausus
768 576 921 611 ,invadere
933 599 943 615 ,
970 587 1123 618 nunquam

245 629 279 656 in
288 631 482 661 communione
496 625 591 666 nostra
601 625 780 670 habebitur,
806 636 857 659 nec
869 630 948 658 inter
960 625 1119 669 Epist-opos

240 680 353 715 poterit
373 682 543 712 numerari.
569 674 627 713 Ad
648 676 755 710 nullas
773 673 955 713 Theodosii
977 674 1120 719 Augusti

245 733 356 765 preces
367 726 486 761 vitium
500 727 586 761 istud
610 726 714 760 voluit
737 727 774 763 in
796 725 959 759 Anatolio
972 735 1121 773 purgare.

63 809 65 812 ,
188 802 195 809 .
245 772 355 808 Etiam
370 775 403 808 in
415 776 490 811 Elia
502 776 749 810 Caesareenfium
758 775 884 813 intruso
906 774 1069 818 Episcopo
1080 773 1120 811 ad

64 800 133 876 {3st
142 801 230 845 5²²¹sp
242 824 351 860 nullas
368 824 483 867 Justini
495 824 639 871 Augusti
650 836 758 869 preces
771 835 906 868 purgare
917 823 1023 857 voluit
1037 823 1123 856 Pon-

67 880 199 918 λάκε,
240 873 326 909 sifex
349 868 529 908 Hormisda
549 900 557 906 .
593 875 740 912 Plurima
763 875 836 910 sunt
857 873 1005 913 exempla
1026 872 1120 905 talia.

241 922 398 956 Clamant
411 922 522 964 passim
534 923 691 956 Canones
703 922 915 958 intrusionem
943 919 1037 955 istam
1060 922 1122 956 effe

237 970 435 1005 adulterium
463 996 474 1012 ,
501 971 705 1016 Episcopalis
738 970 991 1006 consecrationis
1015 995 1027 1011 ,
1055 972 1121 1005 veri

237 1031 314 1054 curn
336 1020 477 1056 Ecclelia
498 1022 705 1061 matrimonii
723 1045 735 1068 ,²
760 1022 971 1061 §aeramento
991 1020 1120 1067 penitus

236 1070 420 1108 adversum..

285 1119 405 1165 Legati
428 1121 615 1159 Orientales
640 1146 651 1163 ,
675 1121 778 1161 secuti
806 1121 984 1159 Decretum
1010 1122 1118 1157 Sansti

234 1167 373 1207 Nicolai
392 1169 568 1210 Pontificis
579 1196 591 1218 ,
617 1173 652 1207 in
665 1172 862 1207 definitione
882 1173 938 1207 sua
961 1172 1119 1211 distinxe-

233 1229 310 1254 rant
335 1221 422 1255 inter
443 1222 622 1267 Episcopos
647 1220 800 1259 {photio
822 1223 1052 1263 consecratos,
1077 1234 1115 1257 ac

231 1267 461 1315 Episcoposin
472 1271 569 1315 ipfius
578 1272 750 1311 dumtaxat
767 1272 943 1311 fafiionem
970 1273 1117 1308 sedustos

232 1319 269 1354 &
286 1319 410 1364 lapsos.
437 1322 588 1371 Qidarn
616 1322 979 1366 Constantinopolitani
1007 1323 1115 1358 viden·

230 1378 289 1404 nu·
296 1370 539 1410 distinstionem
551 1372 743 1417 improbasse
755 1397 768 1417 ‚
792 1373 995 1417 voluiffeque
1006 1374 1042 1408 &
1052 1371 1114 1407 hos

228 1420 268 1454 ἃ
290 1420 366 1459 illos
383 1422 503 1461 eodem
529 1423 639 1468 rigore
663 1434 719 1458 aut
732 1423 836 1467 gratia
847 1424 992 1459 trastarh
1017 1423 1113 1457 Hinc
1147 1454 1150 1457 ,

229 1466 352 1514 Legati
373 1471 423 1507 isti
445 1472 663 1507 addiderunt:
691 1474 723 1503 si
745 1473 880 1504 dixerint
894 1473 1015 1513 aliqui,
1041 1476 1113 1513 quia

226 1519 276 1551 1112·
287 1542 298 1559 ,
322 1525 376 1562 qui
382 1532 489 1553 manus
500 1520 706 1563 impofitionem
720 1518 966 1564 Photiifecerunt
977 1544 988 1560 ‚
1013 1522 1048 1554 <ir
1059 1525 1112 1563 qui

219 1567 314 1611 ffimul
337 1575 452 1602 inventi
466 1568 563 1612 sunt,
588 1572 672 1613 digni
694 1571 797 1606 eadem
807 1581 872 1603 cum
893 1569 1051 1612 ipsopoena
1076 1572 1111 1603 Θ

226 1619 423 1653 damnatione
428 1618 488 1658 sint
500 1642 510 1658 ,
521 1619 572 1652 hoc
582 1630 640 1651 non
654 1624 801 1654 veraciter
813 1619 957 1653 dixerint.
984 1621 1109 1654 Etenim

226 1667 294 1700 cum
299 1666 390 1708 fimus
399 1667 529 1709 infirma·
539 1676 660 1702 naturae
669 1690 679 1706 ‚
704 1679 762 1703 non
770 1665 888 1710 s'emper
891 1667 1024 1709 ferimus
1035 1679 1109 1703 mor*

225 1726 291 1750 tem
313 1723 515 1753 imminentem
537 1718 637 1753 nobis.
668 1719 714 1751 Et
733 1719 801 1752 ideo
817 1717 1022 1763 formidantes
1039 1730 1107 1752 non-

226 1777 384 1808 nunquam
392 1773 483 1803 etiam
494 1779 548 1807 ea,
573 1780 641 1813 quae
653 1769 788 1804 nolumus
799 1791 811 1808 ,
836 1779 922 1811 agere
932 1772 1024 1802 inviti
1034 1780 1108 1802 com-

220 1816 366 1860 pellimur
384 1843 392 1853 ,
431 1821 564 1861 Denique
590 1820 625 1852 &
648 1817 694 1858 isti
720 1842 732 1858 ,
756 1823 807 1860 qui
832 1829 869 1852 ex
894 1817 1106 1860 consecratione

223 1867 318 1898 Beati
328 1865 474 1901 Methodii
500 1868 716 1909 &Sanc‘liffimi
734 1872 848 1911 Ignatii
867 1865 1018 1900 timoribus
1035 1866 1105 1908 fiab-

225 1914 306 1956 affl,
333 1917 369 1949 (5
385 1924 502 1959 pavore
524 1921 615 1960 Regio
640 1920 675 1951 (ν
692 1917 872 1960 potestativa
885 1917 1038 1956 tyrannide
1059 1921 1104 1949 in·

222 1969 345 1999 curvati
360 1964 456 2007 sunt,
483 1966 518 1999 (5
538 1974 748 2000 concurrerunt
763 1974 887 2008 propter
907 1967 1080 2001 violentiam
1092 1990 1102 2005 ,

222 2015 334 2047 deinde
343 2014 488 2054 confestim
502 2017 536 2048 ῤ’
543 2015 605 2055 post
611 2017 783 2056 pauxillum
794 2015 1025 2057 reprobaverunt
1037 2027 1103 2057 quae

221 2063 262 2095 ab
273 2063 321 2095 illo
330 2060 518 2105 praefiimpta
526 2061 599 2105 sunt
609 2072 711 2096 contra
733 2067 884 2106 Ignatium
896 2063 1102 2106 sandliffimum

219 2111 454 2152 patriarcham,
480 2113 694 2156 &recesserunt
708 2111 746 2146 ab
771 2123 824 2151 eo,
847 2119 940 2146 venia
957 2110 1028 2158 sunt
1053 2116 1100 2147 di-

214 2167 274 2206 gni
288 2185 299 2202 ,
323 2162 496 2199 &maxime
508 2162 554 2195 illi
566 2186 578 2202 ,
603 2168 653 2205 qui
664 2162 745 2196 mala
752 2163 826 2204 paffi
833 2161 926 2207 sunt,
949 2164 983 2196 <fit
999 2165 1099 2197 diver-

214 2210 272 2257 sas
283 2211 322 2244 ab
335 2223 367 2246 eo
378 2212 583 2247 tribulationes
607 2213 641 2246 ⁴&
652 2211 838 2254 depositiones
853 2236 864 2253 ‚
889 2214 923 2247 (ot
932 2212 1073 2255 custodias
1087 2239 1097 2255 ‚

219 2262 357 2295 &exilia
365 2263 550 2304 pertulerunt
563 2285 574 2301 ,
598 2272 668 2305 quos
681 2261 782 2295 beatos
792 2262 841 2305 effe
867 2264 901 2296 (⁰5
924 2273 976 2295 nos
989 2274 1098 2306 quoque

211 2312 386 2354 judicamus
401 2335 412 2351 ,
438 2313 684 2354 quemadmodum
708 2313 743 2346 (5
765 2320 834 2345 ante
856 2324 908 2345 nos
920 2313 1097 2355 definierunt

217 2361 363 2394 Nicolaus
389 2363 424 2395 (es
437 2363 586 2395 Adrianus
600 2361 767 2405 sanc‘lisfimi
788 2362 974 2395 Patriarcbae
987 2366 1096 2396 Roma-

216 2415 251 2443 ni
266 2434 273 2442 .
301 2415 374 2445 Haec
390 2422 455 2455 ergo
479 2413 513 2446 (θ’
536 2422 589 2445 nos
616 2411 707 2447 &his
714 2411 824 2454 similia
844 2418 878 2445 in
895 2412 1036 2453 posterum
1055 2424 1095 2445 σου

211 2457 383 2504 gnoscentes
406 2485 417 2501 ‚
443 2462 548 2496 verum
572 2463 606 2495 Θ
630 2465 651 2496 ἃ
671 2462 842 2504 primordiis
867 2468 1092 2504 comperientes,

215 2520 311 2551 neque
323 2509 460 2543 Photium
469 2517 628 2555 recepimus
640 2536 651 2552 ,
678 2523 770 2554 neque
783 2523 890 2545 manus
905 2513 1092 2554 impositiones

214 2560 280 2599 ejus
288 2559 478 2598 admisimus:
505 2561 599 2596 Nihil
606 2568 684 2596 enim
706 2568 849 2596 incertum
854 2560 974 2603 fallam
997 2563 1095 2605 estno-

212 2608 261 2641 bis
274 2617 357 2642 tanto
378 2609 426 2644 bic
435 2619 564 2653 tempore
585 2611 806 2646 demorantibus
820 2637 827 2644 .
855 2613 1008 2647 Romana
1032 2613 1091 2647 Ec-

210 2657 305 2692 clefia
330 2659 531 2704 Episcopalis
556 2661 741 2696 intrusionis
773 2662 891 2697 vitium
917 2673 1086 2706 nunquam

212 2718 353 2752 purgans
373 2710 473 2745 etiam
494 2711 589 2747 datos
609 2711 650 2747 ab
662 2711 822 2757 Episcopo
843 2713 966 2746 intruso
980 2713 1088 2748 Eccle-

210 2756 352 2793 fiasticos
372 2758 515 2794 Ordines
548 2771 605 2796 aut
631 2762 749 2806 gradus
777 2772 946 2805 nunquam
972 2762 1085 2798 habuit

210 2816 317 2842 ratos:
344 2808 475 2852 Semper
487 2810 593 2845 irritos
618 2822 656 2845 ac
679 2811 788 2846 nullos
799 2810 914 2846 habuit
938 2813 972 2846 ὅ(
991 2812 1085 2847 fecit.

210 2856 325 2903 Qam
335 2856 401 2899 ejus
416 2859 657 2895 saluberrimam
673 2862 838 2906 Regulam
859 2861 957 2896 etiam
969 2863 1002 2896 in
1015 2862 1085 2897 Ma-

210 2906 428 2950 ximiCynici
442 2908 622 2945 ordinatos
631 2922 766 2946 executa
789 2911 835 2945 est
857 2911 960 2956 prima
980 2913 1086 2956 Syno-

210 2953 270 2989 dus
280 2954 668 3002 constantinopolitana.
694 2960 854 2995 Eamdem
875 2961 1010 2996 laudant
1024 2962 1084 2997 Le-

208 3004 279 3050 gati
291 3004 324 3040 hi
337 3007 519 3042 orientales
529 3034 540 3049 ,
565 3010 703 3055 ideoque
714 3011 733 3045 a
744 3009 868 3046 Photio
879 3013 1084 3046 consecratos

207 3054 390 3098 Episcopos
415 3057 609 3094 &Clericos
619 3060 709 3103 ajunt
732 3059 922 3105 perpetuum
943 3061 1082 3105 rejicien-

206 3104 269 3141 dos
280 3105 315 3140 in
327 3108 599 3144 communionem
610 3109 727 3146 laicam
744 3135 755 3151 ,
782 3111 936 3154 nullaque
958 3123 999 3146 ex
1011 3123 1080 3146 cau-

1385 1533 1672 1578 Ac-rIo
1754 1535 1843 1580 11.

1266 1664 1302 1699 D
1314 1666 1488 1702 secundam
1502 1665 1678 1702 Afflonem
1689 1692 1700 1708 ‚
1719 1668 1836 1704 factam
1850 1672 1947 1706 nonis
1958 1674 2057 1707 octo.-

1291 1715 1402 1751 bribus
1428 1742 1439 1757 ,
1465 1715 1640 1752 habentem
1676 1730 1751 1754 cum
1789 1721 1993 1764 Apostolicis
2020 1724 2055 1757 o&

1170 1765 1395 1801 Orientalibus
1407 1767 1541 1811 Legatis
1566 1770 1600 1802 δι
1614 1768 1801 1801 patriarcha
1814 1769 1945 1813 Ignatio
1968 1772 2056 1805 solos

1170 1813 1313 1854 superins
1347 1816 1496 1849 laudatos
1515 1815 1690 1850 duodecim
1715 1817 1894 1864 Episcopos
1915 1844 1925 1860 ‚
1960 1821 2053 1863 loqui

1168 1863 1268 1905 coepit
1279 1862 1399 1897 Paulus
1411 1865 1563 1901 Ecclefiae
1577 1867 1950 1911 Constantinopofitanae
1976 1869 2055 1906 Car-f

1168 1909 1354 1955 thophylax
1368 1938 1379 1953 ‚
1392 1914 1433 1947 de
1445 1926 1512 1956 quo
1524 1915 1681 1950 Anastalii
1693 1920 1875 1963 marginale
1888 1916 2053 1965 scholiont

1168 1961 1281 1994 Paulus
1295 1961 1345 2001 iste
1358 1962 1620 2006 Archi-Episcopus
1637 1969 1786 2007 quondam
1793 1967 1858 2008 fuit
1874 1970 2053 2005 Caesareen·

1167 2010 1205 2043 fis
1217 2010 1252 2045 in
1267 2011 1475 2054 Cappadocia
1489 2038 1500 2053 ,
1525 2017 1546 2046 ἃ
1560 2014 1662 2050 Pbotio
1674 2016 1878 2060 conft’cratus,
1899 2018 1958 2061 sed
1979 2014 2051 2063 quia

1166 2071 1230 2093 cum
1240 2068 1354 2095 caeteris
1365 2086 1376 2102 ‚
1402 2069 1454 2103 qui
1461 2065 1480 2095 ἂ
1492 2064 1595 2097 Photio
1610 2063 1717 2099 manus
1729 2067 1935 2110 impofitionem
1956 2070 2053 2113 susce.-

1162 2119 1232 2152 pere
1244 2134 1254 2150 ‚
1275 2110 1437 2155 secundum
1445 2111 1624 2155 sententiam
1641 2118 1734 2158 Papae
1744 2120 1864 2153 Nicolai
1873 2122 2048 2155 condemna-

1165 2169 1214 2194 tus
1226 2161 1264 2201 est
1275 2186 1287 2202 ‚
1313 2164 1347 2196 ὢ*
1366 2170 1504 2205 quoniam
1523 2170 1560 2206 ist
1572 2175 1638 2198 erat
1649 2169 1733 2199 utilis
1745 2191 1756 2207 ‚
1775 2176 1834 2212 pro
1857 2167 2050 2212 consolatione,

1165 2211 1362 2245 damnationis
1380 2213 1417 2245 ab
1424 2218 1542 2258 .Ignatio
1567 2216 1745 2252 Patriarcba
1763 2218 1983 2260 Cartbopbylax
2003 2220 2052 2263 ef·.

1156 2260 1258 2303 fedus
1268 2261 1306 2302 est
1315 2287 1322 2294 .
1348 2262 1509 2305 Scripserat
1519 2270 1598 2297 enim
1613 2269 1701 2308 Papa
1711 2271 1865 2303 Romanus
1880 2269 2045 2306 Adrianus

1164 2312 1342 2352 secundus,
1369 2315 1474 2346 utalia
1486 2315 1589 2355 illum,
1617 2325 1736 2358 excepto
1745 2319 1927 2359 sacerdotio,
1949 2331 2047 2362 quam,

1161 2369 1314 2404 tac-umque
1342 2363 1431 2396 vellet
1455 2388 1466 2403 ‚
1492 2365 1643 2408 dignitate
1668 2368 1781 2401 ditaret
1805 2394 1812 2400 .
1840 2368 1972 2403 Etenim
1998 2371 2041 2406 ad

1160 2409 1325 2455 Ignatium
1347 2413 1488 2447 reversus
1507 2414 1541 2449 in
1558 2417 1686 2459 agnitas
1705 2416 1818 2451 Photii
1849 2419 2044 2462 iniquitates
2088 2423 2093 2428 '

1161 2460 1284 2495 strenue
1296 2473 1471 2507 pugnarat.
1499 2463 1654 2509 Eleganti
1680 2468 1879 2511 compendio
1901 2468 2042 2513 Anasta<

1158 2511 1217 2544 fius
1228 2512 1327 2545 etiam
1339 2514 1497 2556 exponit,
1524 2515 1604 2556 quid
1626 2517 1662 2550 fit
1683 2516 1829 2552 Ecclefiae
1849 2519 2038 2554 Constanti-

1158 2562 1356 2604 nopolitanae
1381 2561 1636 2608 Cart-hophylax
1659 2591 1666 2599 .
1701 2567 1925 2611 CarthopbyIax
1947 2576 2043 2602 inter-

1150 2619 1287 2651 pretatur
1305 2612 1477 2647 cartharum
1499 2614 1587 2655 custos
1612 2639 1619 2647 .
1655 2620 1806 2660 Fungitur
1832 2627 1930 2651 autem
1951 2620 2037 2662 officio

1157 2660 1374 2703 Cartbopbylax
1385 2664 1470 2705 apud
1478 2663 1634 2706 Ecclefiam
1656 2667 2011 2709 constantinopolitanam
2021 2694 2037 2710 ,Ι

1152 2723 1207 2753 quo
1219 2711 1466 2747 Bibliothecarius
1487 2717 1573 2756 apud
1582 2719 1730 2750 Romanos
1743 2740 1754 2758 ,
1780 2718 1905 2751 indutus
1926 2719 2032 2752 videli-

1149 2770 1194 2794 cet
1217 2761 1321 2803 infulis
1346 2761 1597 2805 Ecclefiasticorum
1622 2765 1818 2808 Ministrorum
1846 2789 1856 2805 ,
1883 2768 1917 2800 ὁ·
1941 2780 2034 2811 agenr>

1150 2811 1348 2854 Ecclefiastica
1366 2814 1467 2847 cunc‘la
1483 2816 1608 2856 prorsus
1631 2814 1786 2859 obsequia,
1809 2822 1944 2858 exceptis
1966 2820 2029 2851 illis

1144 2859 1214 2903 solis
1246 2886 1257 2902 ,
1283 2874 1350 2904 quae
1374 2865 1418 2896 ad
1440 2865 1623 2898 sacerdotale
1643 2863 1808 2907 specialiter
1850 2878 1886 2899 ac
1907 2870 2036 2911 proprie,

1144 2909 1276 2953 spellari
1281 2913 1446 2954 probantur
1456 2916 1577 2956 offiium
1590 2939 1597 2945 .
1625 2917 1691 2948 sine
1702 2917 1750 2949 illo
1767 2919 1917 2959 praterea
1929 2918 2031 2951 nullus.

1145 2960 1317 3004 Praesulum
1342 2972 1396 2996 aut
1407 2965 1583 2999 Clericorum
1594 2963 1697 3005 risoris
1716 2972 1837 3000 veniens
1861 2972 1892 2997 in
1913 2965 2029 3010 conspe-¹>

1146 3010 1224 3044 lium
1238 3013 1425 3047 Patriarcbae
1444 3020 1649 3047 intromittitur
1661 3028 1672 3048 :
1699 3017 1811 3049 Nullus
1831 3016 2028 3060 Ecclessastico

1144 3068 1298 3095 conventui
1302 3061 1502 3105 prasi-utatur
1515 3087 1527 3102 ,
1550 3064 1656 3097 nullius
1686 3066 1818 3107 Epistola
1831 3066 2024 3103 Patriarcbe

1144 3110 1224 3152 missa
1233 3117 1389 3152 recipitur,
1416 3112 1552 3154 nisiforte
1572 3116 1593 3146 ἃ
1605 3121 1719 3149 caeteris
1741 3115 1931 3150 Patriarcbis'
1950 3122 2022 3150 mit-

205 3155 239 3189 sa
251 3165 398 3200 unquam
411 3156 444 3189 in
456 3157 594 3201 gradum
607 3159 690 3193 male
701 3171 869 3203 acceptum
880 3160 1079 3204 reparandos.
1144 3169 1223 3193 tatur
1232 3185 1240 3192 .
1274 3162 1386 3194 Nullus
1407 3163 1453 3195 ad
1460 3161 1659 3205 Praesulatum
1685 3166 1737 3199 vel
1756 3167 1878 3200 alterius
1895 3168 2018 3201 Ordinis

204 3203 318 3240 Aliam
329 3206 391 3242 esse
405 3204 577 3242 adfirmant
587 3209 747 3244 rationem
757 3221 869 3245 eorum
883 3235 893 3250 ‚
904 3211 960 3255 qui
972 3211 990 3243 ὲ
1003 3212 1079 3245 San·
1143 3210 1320 3243 clericatum
1343 3234 1355 3251 ‚
1382 3210 1446 3253 five
1468 3214 1514 3246 ad
1532 3213 1766 3251 monasteriorum
1793 3215 2016 3261 Praepffluram

205 3254 259 3288 &o
278 3254 409 3300 Ignatio
437 3267 495 3291 aut
505 3257 570 3300 ejus
582 3257 792 3294 Antei-,errore
805 3259 922 3294 sancto
947 3258 1078 3295 Metho-
1137 3259 1335 3300 provehitur,
1361 3260 1416 3302 nist
1437 3261 1486 3303 iste
1506 3261 1580 3296 bunc
1603 3265 1745 3305 approbet
1770 3266 1988 3301 &commendet
1999 3288 2012 3305 ‚

209 3302 266 3336 dio
292 3306 471 3341 consecrari
496 3307 628 3343 fuerunt
654 3308 727 3351 lapsi
742 3308 782 3342 ad
804 3307 980 3343 Photium:
1010 3311 1077 3346 Eos
1140 3318 1228 3350 atque
1239 3311 1277 3343 de
1295 3311 1342 3342 illo
1352 3309 1408 3354 ipfi
1416 3312 1747 3358 Patrlarl-'baesuggssrut
1760 3339 1771 3356 2
1796 3316 1831 3349 Φ
1852 3315 1913 3358 lpse
1928 3322 2014 3356 prae‘

207 3351 348 3389 fatentur
368 3356 470 3400 gradu
495 3358 552 3392 suo
571 3356 743 3394 excidisse.
770 3358 933 3393 Excidiffe
955 3360 1076 3403 gradu,
1135 3357 1246 3400 semet·
1274 3359 1353 3394 Erat
1364 3371 1446 3395 unus
1456 3373 1496 3395 ex
1508 3362 1653 3397 Ecclefiae
1666 3363 2006 3406 C0nstantinopolita-

207 3402 264 3447 qui
275 3401 421 3441 habuerit
430 3409 624 3444 canonicam
645 3408 808 3455 originem
833 3408 866 3443 &
887 3408 1010 3445 firmam
1031 3422 1076 3446 ra·
1141 3420 1186 3443 nae
1199 3408 1402 3456 Crucigeris,
1426 3411 1516 3456 cujus
1530 3412 1726 3458 dignitatem
1751 3412 1880 3449 &varia
1891 3421 2007 3447 mune-

1883 3471 1960 3496 nera
