2340 3762
329 110 365 159 4
375 113 396 143 1-v
405 94 431 142 8

205 174 208 177 ⁴
261 174 520 224 Degradationis
533 174 760 213 patriarchalis
770 177 870 216 ritus,
898 174 978 217 qui?
1044 167 1099 217 38·
1113 181 1145 206 2.

260 229 355 273 Deus
368 228 546 269 adoratur,
571 226 869 268 Sancti-salutantur
884 245 892 252 ·
948 242 950 245 >
1021 219 1100 259 216.
1119 231 1149 256 1.

260 279 408 315 Dextera
419 280 455 314 in
466 277 681 325 signunffidei
694 275 744 309 vel
760 269 948 311 concordiae
962 270 1149 322 porrigitur.

261 341 412 416 0130705111
434 371 523 416 anno
532 372 635 416 atatis
657 371 814 417 vigesimo
826 371 946 423 quinto
965 371 1051 416 olim
1065 370 1151 413 ordi-

310 430 403 469 nati?
1076 434 1104 459 1·
1122 434 1150 459 1·

259 476 404 522 Diaepni
416 473 534 520 Legati
551 472 587 508 in
597 471 827 508 subscribendo
841 471 875 507 in
893 472 1038 509 Ecclefia
1048 435 1152 508 7Galli·

306 539 387 569 cana
398 523 571 569 Episcopis
591 523 783 569 postpositi,
810 523 901 571 642.
924 525 966 559 ln
987 524 1149 568 Hispania

270 610 274 612 ,
306 589 376 613 non
386 574 533 618 admiffi‚
594 573 597 577 ’
842 576 845 579 “
1042 573 1098 621 64-
1113 586 1145 611 2·

258 627 405 667 Diaconi
430 627 553 670 septem
562 624 644 660 olim
667 626 704 660 in
727 624 871 660 Ecclesia
884 624 1063 667 Romana,
1088 623 1152 667 Ar-

305 675 523 719 chidiaco'nns
543 677 649 712 dictus
674 674 859 710 Cardinalis
884 701 892 708 .
919 675 998 711 Post
1022 677 1147 720 septem

306 726 549 769 Archidiaconi
561 727 617 768 seu
630 726 778 770 Diaconi
793 724 987 767 Cardinales
1001 752 1009 759 .
1038 725 1148 775 368·1-

307 777 467 819 Tandem
479 777 601 822 plures,
1038 780 1043 785 “
1066 775 1146 816 ibid,

258 828 423 870 Diaconis
444 827 610 872 aliquibus
619 829 720 869 etiam
741 837 833 863 extra
857 827 1060 873 legationem
1071 836 1150 862 ante

270 915 273 919 ,
308 880 441 923 quosvis
466 879 647 923 Episcopos
670 878 736 922 jam
772 877 900 922 pridem
923 879 1034 914 locum
1059 876 1150 912 dedit

310 930 455 964 Ecclesia
471 928 863 973 ConssandnopoIstana,
1041 929 1096 974 65.
1119 938 1148 963 1·

257 979 447 1021 Diaconis,
473 977 514 1021 de
533 979 652 1024 quibus
664 980 739 1015 Aa.
757 979 789 1016 6.
811 979 1089 1015 sacramentalem
1100 988 1151 1011 or-

307 1030 516 1072 dinationem
532 1030 655 1074 Canon
678 1029 825 1073 decimus
837 1030 945 1070 sextus
964 1027 1152 1068 Trullanus

308 1091 474 1126 perperam
485 1081 663 1124 denegavit
674 1104 681 1116 ,.
1056 1074 1113 1122 68.
1129 1089 1150 1119 ι,

253 1129 526 1171 ‘Diaconiffarum
535 1126 899 1172 aetatemasexagesimo
913 1139 1004 1163 anno
1018 1126 1059 1162 ad
1073 1139 1152 1172 qua-

308 1178 527 1224 dragesimam
550 1176 717 1212 contraxit
728 1175 882 1222 Synodus
900 1176 1152 1220 Chalcedonen-

267 1238 285 1261 1·
301 1229 347 1262 fis
357 1250 374 1270 ‚a
752 1227 756 1230 ⁴
1100 1253 1107 1261 .
1123 1240 1151 1265 1.

257 1277 493 1320 Diaconorum
520 1288 676 1322 numerus
700 1289 763 1314 nec
788 1279 917 1324 semper
942 1290 1004 1322 nec
1028 1238 1151 1323 αξξυς

309 1329 438 1374 :equalis
455 1353 464 1370 e
862 1329 866 1331 ”
1048 1340 1102 1378 73.
1120 1341 1148 1366 1.

258 1377 490 1420 Diaconorum
513 1390 667 1415 numerus
679 1380 878 1425 septenarius
900 1382 1150 1426 tempore'Apo-

309 1430 472 1466 stolorum
492 1431 556 1472 fuit
576 1442 764 1476 congruus,
791 1431 926 1476 posteris
948 1443 1017 1471 non
1036 1443 1151 1475 praece—

311 1490 403 1524 ptus,
1096 1506 1102 1513 .
1121 1493 1148 1517 1.

260 1529 455 1573 Diaconum
475 1530 633 1574 Episcopi
655 1533 719 1566 esse
742 1532 908 1576 Legatum
929 1532 965 1570 in
984 1492 1150 1569 Cogeqiliis

310 1580 356 1624 est
368 1580 531 1622 vetustum
546 1604 553 1612 .
581 1580 636 1626 64.
652 1593 680 1618 1·
692 1580 787 1623 Loco
799 1581 955 1624 Episcopi
969 1579 1052 1623 apud
1067 1580 1152 1617 Grae-

310 1643 368 1668 cos
380 1629 613 1673 subscribebat.
627 1630 648 1667 6
651 1642 718 1679 51.
745 1630 799 1666 Ac
813 1632 889 1667 loco
902 1630 1056 1681 Episcopi
1066 1629 1151 1666 sede-

313 1683 370 1718 bat
381 1709 389 1716 .
1068 1679 1149 1721 ibid.

260 1732 511 1782 Diesavespera
533 1733 568 1767 in
593 1733 758 1777 vesperam
784 1741 977 1776 computare
1000 1732 1046 1766 est
1059 1730 1150 1775 Apo-

311 1782 428 1823 stolica
438 1782 574 1822 traditio
586 1805 594 1814 .
622 1783 877 1819 Ultramontani
889 1782 907 1814 a
920 1782 1028 1819 media
1054 1783 1151 1817 none

310 1841 509 1877 computant
520 1855 528 1864 .
541 1830 804 1871 Ecclefiasticum
817 1831 964 1868 officium
975 1831 1150 1874 antiquum

313 1893 439 1918 morem
453 1882 604 1916 observat
614 1905 622 1913 .
1029 1890 1105 1921 157.
1121 1890 1150 1912 1.

261 1931 421 1979 Digamia
433 1929 677 1977 interpretativa
698 1928 744 1965 est
766 1925 1011 1970 antiquissima}
1039 1924 1096 1966 61.
1112 1937 1143 1963 2.

317 1983 370 2019 62
383 1992 411 2018 1.

263 2030 403 2079 Digami
413 2028 554 2065 Carione
566 2027 763 2072 Apostolico
773 2027 814 2062 ab
824 2025 1009 2061 Ordinibus
1020 2024 1135 2069 repulsi
1143 2049 1150 2061 ·.

314 2094 416 2132 59.1.
445 2079 556 2120 Etiam
577 2079 635 2124 qui
652 2077 786 2115 viduam
803 2088 940 2116 uxorem
965 2076 1149 2112 duxerant,

315 2134 372 2171 60.
389 2143 417 2171 ι.

265 2181 409 2229 Digami
418 2179 630 2225 irregulares,
655 2190 713 2218 cur
733 2178 750 2214 ἒ
1052 2179 1150 2216 61·2-

266 2233 424 2272 Dioecefis
446 2243 483 2265 ac
495 2228 661 2267 Parochiae
682 2229 795 2266 alienae
819 2226 877 2263 sub
898 2227 965 2262 alio
977 2227 1071 2272 Rege
1088 2227 1152 2260 fitae

319 2283 362 2318 ab
375 2278 671 2327 Episcopisinjustc
685 2279 902 2316 invaduntur.
1027 2287 1104 2326 310.
1124 2288 1152 2312 1.

268 2331 438 2372 Dioeceses
461 2327 621 2370 Romanae
634 2331 780 2368 Ecclesiae
795 2339 920 2373 ereptas
942 2327 1154 2368 restituendas

320 2385 357 2419 in
378 2383 456 2419 V11.
471 2381 608 2425 Synodo
631 2381 778 2415 urserunt
788 2380 929 2424 Legati,
960 2379 1072 2415 verum
1094 2389 1155 2412 nec

322 2434 380 2479 ipsi
394 2445 453 2468 nec
467 2430 633 2468 Adrianus
644 2430 733 2475 Papa
744 2430 913 2479 exauditi.
1029 2438 1107 2475 245.
1126 2438 1154 2464 1.

274 2483 442 2527 Dionysio
455 2483 660 2526 Areopagitae
671 2482 828 2525 adscripta
838 2491 936 2523 opera
953 2504 965 2523 ,
976 2479 1070 2522 cujus
1083 2479 1157 2518 sint,

325 2535 489 2569 incertum
502 2557 509 2564 .
525 2533 575 2571 16.
587 2543 619 2573 2.
635 2532 716 2567 Non
730 2530 804 2569 sunt
814 2531 1022 2579 Areopagitae
1033 2555 1040 2562 .
1069 2538 1155 2576 942.

286 2610 290 2615 .
327 2583 387 2620 Ab
397 2583 491 2617 V111.
504 2582 641 2625 synodo
652 2581 884 2620 commendata
896 2605 903 2613 .
1030 2579 1111 2617 260.
1129 2590 1156 2614 1-

1190 351 1192 353 .
1210 322 1353 362 Ecclesia
1365 322 1500 367 quando
1511 324 1624 364 denuo
1633 313 1854 365 consecranda
1866 355 1873 363 .

714 94 910 140 INDEX
945 92 1179 147 RERUM,
1217 104 1281 133 ετ
1314 90 1674 139 venzonum.

1248 170 1514 229 redarguuntur.
1537 168 1539 170 ’
1770 211 1772 214 ,
1855 191 1869 217 .‘
1898 209 1902 221 ,
1965 183 2086 230 156.1.

1212 220 1352 264 Ecclesia
1374 222 1458 257 olim
1469 233 1538 256 non
1554 223 1621 259 sine
1634 223 1713 260 dote
1723 226 1910 265 consecrata
1919 253 1940 272 ‚.
1954 236 2004 270 uti
2027 246 2088 269 nec

1260 270 1409 312 Clericus
1419 272 1486 309 fine
1497 273 1614 313 titulo.
1966 291 2043 328 204.
2058 296 2090 321 1.

1211 373 1358 415 Ecclefia
1374 369 1501 418 'quaevis
1520 375 1724 414 adfistentem
1740 377 1840 414 habet
1851 329 2096 426 Ange1u2rffi'la

1259 435 1331 468 ,quo
1353 425 1577 469 profanatores
1603 427 1738 479 <guidam
1762 431 1891 484 ‘acriter
1915 432 2065 471 mulctati
2085 457 2093 466 .

1211 485 1356 563 Ecdls'efia
1362 484 1434 570 {iub
1446 527 1539 561 sensu
1553 527 1682 563 dicatur
1694 529 1877 575 universalis
1887 557 1895 565 .
1925 533 1928 535 ’
1951 501 1954 504 >
1970 543 2050 580 249.
2061 544 2095 570 2.

1212 574 1356 667 Ecghega
1370 577 1524 619 Romana
1535 578 1636 616 etiam
1657 580 1723 616 fine
1736 582 1894 622 Concilio
1911 583 1959 621 est
1978 583 2096 622 infalli-

1211 650 1357 719 Ecclesiae
1368 678 1553 722 complures
1569 679 1728 717 Romano
1741 644 2095 728 patriarchatui3s't2ibj2e':

1259 729 1315 770 ,ἂι
1327 726 1346 761 ὲ
1360 727 1481 763 Graecis
1491 729 1661 769 subtradlae.
1689 742 1801 780 3972.
1829 734 1951 773 Donec
1961 735 2097 772 taudem

1260 778 1301 813 ad
1314 789 1420 813 veram
1433 789 1569 814 matrem
1582 781 1704 816 fuerint
1715 783 1848 818 reducta
1861 808 1870 816 .
1972 782 2048 834 398·
2064 793 2095 822 ,1-

1212 829 1361 871 Ecclefiae
1371 828 1516 883 dignitas
1526 831 1669 873 civitatis
1680 830 1877 879 dignitatem
1899 836 1976 874 non
1990 835 2099 871 comi-

1218 911 1220 913 ,
1257 888 1345 915 tatur
1358 904 1365 912 .
1820 894 1839 930 3
1845 895 1898 931 34.
1914 895 1956 921 1„
1969 886 2005 925 ψ
2008 884 2092 930 seqq.

1213 927 1359 969 Ecclefiae
1382 930 1530 972 gaudent
1549 931 1620 973 jure
1641 931 1838 980 postliminii
1853 956 1865 974 ,
1888 936 1977 981 quod
2001 935 2096 968 nullo

1261 987 1409 1022 ternpore
1422 978 1518 1021 posfit
1527 978 1628 1013 elidi.
1981 992 2099 1029 311·2‹

1214 1028 1363 1116 Ecelgsiae
1387 1027 1530 1068 libertati
1555 1027 1624 1068 duo
1648 1029 1773 1070 inflicta
1799 1029 1932 1069 vulnera
1959 1031 2097 1077 ,ἐμοὶ

1266 1090 1281 1121 1
1335 1089 1379 1114 .2.
1406 1087 1485 1125 190.
1495 1089 1525 1115 1.

1214 1089 1366 1171 Ecclesiae
1392 1139 1462 1163 non
1485 1129 1562 1168 sunt
1583 1130 1728 1174 profanis
1759 1130 1866 1170 usibus
1885 1130 2096 1178 deputanda.

1266 1191 1342 1226 155-
1367 1188 1396 1215 1⁹
1511 1207 1523 1210 c
1864 1214 1868 1218 -

1215 1231 1303 1275 Erga
1312 1229 1472 1270 Ecclefias
1480 1230 1670 1267 Graecorum
1681 1232 1784 1276 major
1793 1240 1892 1277 quam
1900 1234 2101 1272 Latinorum

1263 1281 1462 1316 reverentia.
1595 1315 1598 1317 Α
1840 1290 1843 1296 ·
1880 1305 1883 1309 -
1970 1295 2047 1332 155.
2066 1297 2096 1323 1·

1216 1330 1358 1373 Bethesis
1379 1331 1526 1369 Heraclii
1548 1343 1649 1368 unam
1670 1333 1705 1368 in
1725 1333 1858 1370 Christo
1874 1335 2100 1379 operationem

1265 1382 1473 1418 confirmavit
1492 1406 1500 1414 .
1530 1391 1585 1422 22-
1603 1394 1628 1420 1.
1668 1383 1806 1420 Pastum
1827 1386 1991 1422 silentium
2010 1383 2102 1430 iubet

1265 1433 1403 1469 resumi.
1429 1442 1514 1470 222.
1545 1432 1579 1467 A
1592 1434 1747 1470 Severino
1761 1436 1849 1480 Papa
1862 1436 2084 1472 condemnata
2093 1460 2101 1468 .

1265 1493 1354 1530 334.
1390 1482 1407 1516 a
1432 1484 1560 1524 Joanne
1581 1483 1640 1516 1V.
1665 1484 1781 1518 itidem
1805 1485 2076 1523 anathematizata
2092 1509 2103 1521 ι

1265 1532 1345 1568 ibid.
1371 1529 1423 1566 Ac
1435 1532 1553 1569 iterum
1564 1531 1582 1569 a
1593 1531 1622 1564 S.
1635 1532 1784 1569 Martino
1797 1533 1886 1578 Papa
1898 1559 1906 1566 .
2007 1545 2098 1581 27.1.

1216 1584 1254 1622 ln
1268 1581 1441 1619 Elestione
1453 1581 1609 1627 Episcopi
1621 1581 1800 1619 decifivum
1814 1582 2003 1628 suffragium
2012 1585 2106 1626 plebs

1265 1641 1436 1679 nunquam
1461 1628 1595 1669 habuit.
1632 1641 1710 1679 309.
1727 1643 1755 1670 1.
1805 1632 1863 1668 Ob
1884 1632 2102 1669 incommoda

1265 1683 1408 1718 Canone
1419 1680 1573 1728 vigesimo
1585 1680 1728 1720 secundo
1741 1683 1868 1726 Synodi
1880 1681 2027 1721 V111.ab
2038 1683 2103 1718 ele-

1265 1732 1429 1769 ctionibus
1453 1732 1651 1775 proscripta.
1681 1743 1806 1780 309.2.
1845 1733 1968 1771 Canon
1991 1741 2103 1771 tamen

1265 1782 1389 1826 ubique
1399 1793 1467 1816 non
1479 1781 1644 1818 obtinufm
1671 1783 1753 1818 ibid.
1778 1783 1900 1822 Laicos
1927 1782 1968 1821 ad
1983 1794 2120 1828 eoope·-

1265 1833 1405 1870 randum
1429 1830 1573 1876 gratiose
1594 1832 1725 1867 admitti
1749 1833 1843 1870 finit.
1868 1834 2014 1878 Regium
2037 1832 2102 1871 hoc

1264 1882 1381 1927 jugum
1395 1882 1539 1919 Ecclesia
1550 1882 1704 1921 Romana
1714 1884 1839 1929 semper
1859 1893 2004 1923 conata,
2030 1892 2102 1916 tan·

1264 1929 1340 1965 dem
1350 1932 1503 1967 excuffit.
1563 1954 1564 1957 =
1787 1930 1789 1932 ’
2020 1931 2103 1969 ibid.

1217 1979 1404 2016 Electiones,
1416 1977 1785 2015 canonicaeassarbaris
1806 1980 1979 2021 extincta,
2003 1991 2104 2025 atque

1264 2028 1306 2065 ab
1322 2028 1370 2062 eis
1382 2028 1559 2069 usurpata}-
1963 2026 2042 2080 308.
2072 2039 2104 2064 1.

1218 2079 1469 2117 Elementorum
1483 2075 1517 2108 in
1524 2065 1624 2109 {itari
1638 2073 1821 2112 benedictio
1839 2076 1886 2112 est
1896 2079 2097 2123 perantiqua:

1265 2127 1414 2173 quamvis
1432 2126 1452 2165 a
1474 2125 1616 2164 Canone
1644 2126 1747 2175 vulgo
1759 2125 1956 2174 Apostolico
1971 2129 2105 2167 interdi-

1267 2180 1337 2214 sta.
1993 2189 2101 2217 11202.

1219 2228 1357 2267 Embrio
1379 2225 1543 2266 humanus
1563 2226 1631 2263 sola
1653 2227 1763 2263 anima
1786 2227 1936 2263 sensitiva
1949 2228 2103 2266 informa-

1252 2289 1343 2321 tus,
1369 2277 1503 2314 brutum
1514 2275 1559 2310 est
1570 2275 1662 2319 juxta
1675 2278 1704 2313 S.
1717 2278 1965 2326 Augustianor,
1993 2279 2103 2317 2821.

1220 2328 1410 2374 Encolpion
1424 2353 1434 2368 ‚
1459 2324 1564 2371 quid?
1966 2327 2044 2380 382.
2075 2338 2104 2363 1.

1222 2377 1512 2424 Epanagnossicon
1527 2401 1538 2417 ,
1565 2376 1646 2421 quid
1658 2378 1676 2410 ,²
1977 2379 2054 2428 367.
2069 2388 2103 2415 2.

1221 2433 1250 2467 S.
1273 2428 1451 2474 Epiphanii
1475 2428 1612 2463 nomine
1633 2428 1814 2472 conscripta
1838 2427 2008 2475 Epistola,
2033 2429 2108 2465 ficta

1268 2480 1314 2516 est
1342 2491 1378 2513 ac
1411 2476 1611 2514 adulterina,
1964 2488 2046 2526 214.
2077 2488 2105 2513 1.

1221 2532 1250 2566 S.
1262 2528 1464 2576 Epiphanius
1475 2528 1578 2565 sacras
1591 2527 1769 2575 imagines,
1785 2538 1822 2566 ut
1833 2529 2107 2571 inconvenientes

1271 2579 1443 2615 interdixit
1458 2602 1467 2611 .
1969 2589 2048 2625 214·
2072 2588 2107 2617 2-

277 2633 459 2677 Dioscorus
472 2630 535 2666 fuit
546 2631 794 2675 Eutychianus.
823 2630 904 2680 364.
916 2643 949 2669 2·
963 2630 1067 2664 Causa
1080 2628 1158 2663 fidei
1224 2629 1471 2678 Episcopalibus
1482 2628 1624 2666 vestibus
1648 2629 1815 2665 &muniis
1837 2629 1993 2670 illusum,
2018 2626 2110 2669 Pho-

288 2710 291 2714 .
329 2683 491 2771 de6jestus-
517 2681 591 2721 Nec
615 2680 723 2720 obstat
746 2681 900 2720 Anatolii
923 2680 1158 2719 interlocutio.

332 2745 354 2784 3
381 2745 412 2782 5·
430 2746 458 2771 1·

282 2785 433 2827 Divortii
458 2796 497 2819 ac
522 2782 647 2827 repudii
671 2781 800 2818 libertas
824 2783 955 2821 fraenata
979 2805 991 2823 ,
1025 2779 1162 2822 denuo,

333 2835 506 2882 praesertim
515 2834 534 2871 a
544 2834 560 2881 J
562 2833 727 2871 ustiniano
739 2841 836 2882 atque
847 2832 1036 2871 Graecorum
1046 2831 1164 2878 Augu-

334 2887 413 2927 stis,
439 2885 546 2920 laxata
558 2910 565 2917 .
1039 2892 1116 2929 154.
1132 2891 1162 2919 1.

286 2938 449 2973 Doctores
459 2935 544 2980 apud
555 2933 734 2973 Armenios
746 2933 884 2971 maximi
897 2932 1002 2969 habiti
1015 2958 1022 2968 ,
1061 2943 1117 2982 75-
1134 2941 1163 2966 1-

288 2986 472 3026 Donatistae
491 2995 569 3024 ante
580 2983 821 3023 Eucharistiam
843 2995 882 3019 os
901 2981 1069 3031 quoddam
1089 2992 1170 3016 exo·-

339 3036 563 3073 sculabantur,
591 3034 670 3078 Ejus
680 3035 726 3070 tei
737 3036 833 3079 origo
844 3059 852 3067 .

295 3085 396 3124 Duna
406 3098 475 3124 non
487 3085 564 3122 solis
574 3086 698 3123 saneris
708 3084 911 3135 impenditur
918 3109 928 3120 ,

717 3187 749 3226 Ε

381 3262 576 3322 CCLES1A
597 3285 772 3325 catholica
796 3288 815 3322 a
835 3287 900 3324 fide
921 3296 1089 3331 nunquam
1098 3283 1176 3320 defi-

407 3333 474 3369 ciet
485 3352 494 3367 r
521 3343 525 3348 '

1047 3082 1167 3135 176-1-

1273 2681 1323 2720 tio
1335 2692 1403 2715 non
1414 2678 1592 2717 resistente.
1637 2690 1785 2726 291.1.2.
1814 2679 1917 2726 Qod
1928 2692 1970 2714 ne
1980 2680 2111 2715 Gentes

1275 2731 1410 2776 quidem
1434 2738 1653 2764 attentarunt.
1680 2740 1802 2778 292.1.
1837 2731 1922 2767 Tres
1943 2727 2107 2771 Spatharii

1274 2781 1320 2818 ob
1329 2778 1488 2827 ejusmodi
1499 2780 1615 2816 ludum
1631 2782 1771 2826 acceptis
1781 2779 1936 2825 epitimiis
1947 2778 2109 2821 poenitue-

1274 2840 1370 2867 runt.
1435 2852 1438 2857 ·
1970 2836 2051 2874 ²92·
2074 2837 2109 2865 2.

1226 2880 1429 2928 Episcopalis
1442 2878 1765 2924 super-ordinationis
1789 2877 1908 2912 vitium
1922 2878 1940 2914 a
1953 2877 2109 2912 Romana

1279 2931 1424 2969 Ecclesia
1444 2941 1611 2976 nunquam
1640 2939 1794 2976 purgatur
1817 2939 1874 2965 aut
1886 2928 2108 2974 dispensatur.

1281 2993 1363 3032 372„
1377 2991 1411 3018 2.

1045 3040 1166 3078 2152-
1229 3034 1484 3079 Episcopatum‚
1508 3029 1792 3074 presbyteratum,
1818 3041 1856 3064 ae
1884 3028 2112 3064 Diaconatum

1278 3082 1391 3119 fideles
1402 3081 1485 3116 olim
1499 3082 1600 3127 usque
1623 3078 1707 3114 adeo
1720 3080 1969 3120 aversabantur,
1995 3088 2031 3113 ut
2052 3076 2114 3111 fibi

1278 3132 1420 3170 confinita
1439 3131 1577 3166 crimina
1600 3130 1830 3176 imponerent3
1856 3127 1960 3166 immo
1982 3130 2014 3164 se
2026 3138 2118 3163 ener-

1280 3192 1442 3229 gumenos
1455 3182 1661 3217 simularent.
1918 3189 1993 3226 114.
2024 3189 2055 3215 1.
2082 3189 2115 3215 2-

1235 3235 1450 3282 Episcopatus
1461 3232 1592 3275 amissus
1605 3242 1661 3279 per
1673 3229 1837 3270 redditum
1858 3230 1995 3279 pallium
2015 3226 2117 3265 reddi·

1285 3296 1356 3322 tur.
1544 3302 1546 3305 .
2007 3286 2116 3328 375-2·

970 3348 1023 3386 31.
1034 3346 1065 3371 2.
1079 3345 1132 3384 32.
1148 3345 1175 3371 1·
1237 3335 1453 3381 Episcopatus
1466 3334 1511 3369 est
1523 3335 1687 3371 summum
1696 3331 1921 3370 Sacerdotium
1933 3342 1941 3365 ε
1967 3327 2039 3364 Nec
2051 3324 2116 3362 hoc

300 3386 344 3423 ln
355 3383 498 3422 Ecclesia
509 3385 678 3420 miscentes
699 3388 824 3425 fabulas
833 3388 851 3425 a
865 3388 1016 3427 Patribus
1035 3385 1179 3433 graviter

1285 3386 1439 3433 primatui
1451 3386 1610 3425 Romana:
1621 3383 1770 3421 Ecclefiae
1779 3381 1974 3429 praejudicat.
1995 3372 2119 3470 {31³²
