2340 3762
38 549 113 588 cap.
132 557 178 584 27·

38 927 173 966 cap.6.5.

27 1497 166 1538 Epist-⁷2.

140 1138 148 1146 '
208 1151 267 1175 mo
278 1155 290 1175 .-
315 1141 467 1186 Egreffi'de
481 1143 603 1176 lavacro
609 1147 802 1186 perungimur
808 1140 960 1175 benedicta
972 1141 1085 1175 unmo-

632 170 698 202 ιη
733 169 967 202 οοτΛνΑ
1002 153 1244 199 Srnono
1278 149 1615 199 Genuam.

231 267 233 269 >
265 243 463 290 Respondeo
482 252 592 280 tamen
613 240 763 278 Christna
786 242 849 276 efle
869 237 1008 276 omnino
1030 239 1090 275 &a
1109 255 1113 265 =

214 293 349 331 Christo
374 296 526 333 Domino
550 293 883 331 nostroinstitutum,
908 291 1090 336 &abApoe

212 344 304 380 stolis
322 346 472 381 ufitatum
485 372 494 380 .
524 346 659 382 Etenim
674 345 710 377 in
733 343 817 377 libro
833 342 873 376 de
883 341 1002 384 Spiritu
1016 342 1091 375 San-

212 395 269 430 ᾶο
287 394 329 430 ad
341 397 495 430 Sannum
506 391 781 439 Amphilochium
803 391 1006 426 lconiensem
1019 390 1091 426 Me-

213 446 408 489 tropolitam
420 445 529 480 scribit
540 446 671 480 Sanetus
684 443 815 478 Basilius
827 442 971 486 Magnus
983 443 1044 477 effe
1054 441 1090 475 in

215 493 357 529 Ecclesia
371 496 472 532 varias
491 496 556 529 fine
576 495 694 538 scripto
719 492 927 538 Apostolicas
948 490 1092 526 traditio-

213 554 291 583 nes,
316 555 491 587 earumque
508 545 550 580 ab
561 556 626 579 una
647 542 820 587 consecrem
838 554 948 586 aquam
966 540 1091 585 Baptifi

214 600 308 627 nram
328 596 462 630 &oleum
485 595 633 629 Unfflonat
645 620 652 627 .
680 595 724 629 Et
746 594 947 628 Unffionem
960 616 971 632 ,
990 603 1090 635 quam

214 645 253 679 in
264 645 368 688 prima
385 646 441 679 sua
451 645 598 689 Epistola
620 645 730 679 laudat
741 668 752 684 ,
778 642 925 687 adeoque
944 642 1092 685 &fideli-

212 692 275 729 bus
285 695 431 730 contulit
440 694 574 730 sanstus
585 696 723 740 Ioannes
734 693 915 738 Apostolus
926 718 937 734 ,
957 694 1020 727 esse
1033 704 1089 726 no·

211 743 281 778 stre
296 740 570 781 confirmationis
588 747 836 782 Sacramentum
856 743 961 779 asserit
982 742 1088 787 palam

211 792 249 827 in
268 794 367 829 tertio
387 797 479 839 super
500 796 649 830 eamdem
671 794 855 839 Epistolam
867 796 1001 828 tractatu
1014 793 1088 831 San-

209 844 280 879 ctus
299 843 523 890 Augustinus.
552 846 597 880 Et
606 845 648 880 ad
669 855 810 888 quatuor
828 842 1040 877 Animalium
1051 842 1086 874 in

209 893 352 935 ejusdem
373 894 528 936 Apostoli
542 893 740 937 Apocalypsi
753 903 891 931 vocem,
917 894 1028 924 Vinum
1052 891 1087 924 Θ

208 943 299 975 oleum
309 953 348 975 ne
356 941 467 985 laesens
478 966 490 983 ,
517 942 628 976 scribit
640 942 794 984 antiquus
804 941 838 975 δε
850 940 966 979 doetus
975 965 987 981 ‚
1008 938 1086 975 licet

206 991 486 1026 Semi-Donatista
511 1015 523 1032 ,
546 990 736 1026 Tichonius
762 1005 772 1024 :
809 994 846 1024 In
871 995 942 1025 vino
962 990 1086 1034 sanguis

207 1039 340 1083 Christi,
364 1047 398 1075 in
406 1042 465 1076 oleo
486 1042 589 1076 trumo
614 1040 797 1085 chrismam
817 1042 1013 1085 intelllgitur.
1042 1041 1087 1076 Ee

208 1090 312 1137 longe
329 1092 496 1134 antiquior
520 1091 749 1127 Tertullianus
767 1092 804 1125 in
816 1090 900 1125 libro
909 1092 951 1126 de
963 1091 1086 1135 Baptiss

207 1202 248 1225 ue
262 1191 434 1233 deprssina
456 1191 615 1236 disclpltna
628 1216 640 1233 ,
665 1204 726 1235 qua
739 1197 808 1235 ungi
826 1193 885 1225 oleo
895 1193 932 1225 de
953 1196 1085 1225 cornuin

207 1242 389 1275 Sacerdotem
395 1240 548 1285 solebant.
577 1241 687 1279 Voces
695 1265 708 1282 ,
719 1245 765 1277 De
774 1248 902 1285 antiqua
915 1240 1084 1285 dtsctplina,

205 1290 384 1326 ostendunt
396 1291 606 1327 unctionem
627 1293 689 1327 effe
702 1304 806 1327 unum
827 1292 963 1327 istorum
976 1292 1085 1337 Judai-

206 1351 320 1377 corum
331 1343 475 1383 rituum,
501 1343 628 1388 quosin
642 1343 820 1378 Ecclesiam
840 1342 1028 1378 introduxit
1048 1344 1083 1379 δε

203 1389 428 1438 Evangelicos
438 1393 517 1427 fecit
529 1394 697 1429 Dominus
709 1392 817 1428 noster
828 1393 915 1436 Iesus
925 1392 1080 1428 Christus.

205 1439 254 1475 Et
275 1442 310 1475 in
330 1442 445 1477 litteris
465 1443 505 1476 ad
517 1442 705 1486 januarium
716 1442 883 1475 Numidia:
901 1442 1082 1477 Primatem

203 1500 245 1525 ac
255 1491 323 1534 eius
334 1490 508 1539 synodum
524 1490 633 1528 scribit
645 1492 776 1527 sanctus
787 1489 994 1538 Cyprianus:
1021 1495 1082 1525 Eu-

202 1538 368 1582 charistia,
394 1542 518 1577 &unde
531 1544 693 1585 Baptizau
703 1551 854 1588 unguntur
863 1543 942 1583 oleo,
965 1547 999 1577 in
1007 1543 1086 1577 alta.

203 1596 233 1624 ri
244 1590 491 1635 [audificantur.
522 1591 656 1627 Alludit
674 1591 716 1627 ad
741 1593 998 1637 antiquiffimum
1019 1594 1080 1627 Ec-

203 1640 305 1674 clefiae
326 1651 475 1681 morem,
501 1652 568 1685 quo
588 1641 666 1681 tria,
694 1641 924 1686 Baptismatis,
950 1641 1081 1678 Confir-

202 1689 381 1731 marionis,
406 1702 444 1725 ac
456 1689 662 1726 Eucharistiae
679 1691 885 1727 Sacramenta
904 1693 1079 1728 fimuluno

202 1740 302 1774 tractu
322 1740 608 1785 impartiebantur.
634 1741 739 1777 Porro
751 1739 945 1778 Chrismatis
966 1744 1079 1778 sansti-

202 1789 392 1831 ficationem
403 1791 614 1827 Eucharistiae
623 1793 800 1838 adjungere
806 1792 852 1828 est
863 1794 1007 1838 antiquis
1018 1793 1079 1828 Pa·

201 1838 306 1874 tribus
329 1842 505 1876 familiare.
529 1842 664 1878 Etenim
686 1843 722 1877 in
733 1844 825 1878 tertia
845 1843 1075 1887 Mystagogica

201 1885 357 1923 catechefi
381 1890 466 1925 dixit
489 1893 624 1927 Sanetus
639 1892 784 1936 Cyrillus
805 1892 1077 1935 Hierosolymita-

200 1948 265 1973 nus
277 1938 474 1984 Episcopus:
500 1944 558 1975 Vos
570 1941 653 1975 unc‘li
662 1941 727 1982 estis
739 1950 882 1986 unguento
894 1965 904 1981 ,
912 1941 994 1983 fat‘lr'
1001 1949 1076 1984 par-

199 1993 303 2030 ticipes
327 1991 362 2024 6·
371 1988 514 2032 consortes
526 1990 637 2032 Christi
654 2017 661 2024 .
686 1993 837 2025 Ceterum
850 1992 922 2026 vide
933 2017 943 2033 ,
956 2003 992 2026 ne
1001 1991 1078 2025 illud

199 2038 252 2081 effe
258 2046 348 2079 putes
365 2048 546 2081 unguentum
561 2043 697 2072 tantum.
725 2043 985 2083 ,Quemadmodum
994 2048 1075 2076 enlm

195 2091 291 2130 panis
303 2086 502 2128 Eucharistiae
519 2096 577 2130 per
587 2089 690 2122 saneti
702 2092 840 2131 ‘Spiritus
861 2095 1075 2125 invocationem

198 2148 259 2171 non
269 2136 397 2180 amplius
408 2136 446 2179 est
452 2143 547 2179 panis
556 2144 715 2172 communis
728 2163 739 2179 ,
758 2138 816 2182 sed
824 2138 862 2179 est
871 2149 975 2182 corpus
987 2140 1074 2174 clm·-

191 2185 234 2228 ftl
244 2199 260 2229 ,·
278 2186 317 2230 fic
337 2187 523 2221 &sannam
543 2187 594 2221 boc
606 2197 787 2233 unguentum
804 2201 863 2222 non
884 2191 1014 2232 amplius
1035 2190 1074 2231 est

197 2245 381 2281 unguentum
404 2239 518 2271 nudum
543 2250 635 2281 neque
655 2249 804 2272 commune
815 2263 827 2279 ,
847 2239 1073 2282 poslqusimjam

196 2285 391 2330 consecratum
411 2287 449 2328 est
463 2312 473 2327 ,
495 2286 597 2331 J‘edest
616 2287 775 2331 charisma
788 2313 799 2329 ,
824 2291 902 2331 quod
911 2289 1019 2330 christ}
1039 2292 1074 2325 Θ*

196 2338 325 2379 spiritus
345 2338 447 2371 San&
463 2336 658 2381 presentiam
680 2339 766 2381 efficit
789 2364 796 2371 .
824 2339 951 2374 Eodem
971 2340 1073 2375 modo

194 2385 342 2430 loquitur
367 2387 498 2421 Sanetus
510 2387 714 2431 Dionyfius,
739 2398 797 2422 aut
818 2390 892 2432 quis
913 2390 997 2424 alius
1009 2390 1074 2423 Au-

195 2437 265 2469 ster
286 2436 359 2470 libri
381 2436 422 2472 de
434 2436 654 2473 Ecclefiastica
674 2437 884 2473 Hierarchia.
911 2439 1017 2475 Nullo
1030 2450 1074 2474 ta-

197 2495 274 2519 men
297 2485 399 2520 modo
424 2486 776 2523 transubstantiationis
803 2489 992 2532 mysterium
1017 2500 1072 2524 aut

194 2533 373 2569 Chrismati
395 2536 608 2578 adscribunt,
633 2548 690 2574 aut
712 2549 833 2584 negant
846 2537 1071 2574 Eucharistiae.

194 2584 249 2618 Ex
273 2583 365 2621 diuis
392 2587 522 2621 interim
547 2587 676 2622 abunde
700 2589 787 2624 lucet
811 2590 911 2624 etiarn
937 2591 1071 2625 Sanstos

195 2633 376 2677 Apostolos
401 2636 436 2669 in
449 2636 725 2673 Confirmationis
746 2639 956 2675 Sacramento
977 2639 1070 2675 fuiffe

191 2685 268 2718 usos
289 2684 351 2718 isto
368 2710 379 2726 ‚
404 2685 551 2730 adeoque
571 2688 674 2731 ipsum
695 2689 758 2723 effe
780 2688 847 2732 ejus
868 2688 1067 2724 elementum

193 2733 400 2769 necessarium
416 2758 427 2775 ,
450 2737 484 2770 δε
494 2737 511 2770 ὲ
523 2735 656 2772 Christo
667 2738 819 2773 Domino
836 2738 1039 2774 institutum.

243 2783 287 2817 Et
302 2785 437 2827 loannis
455 2786 586 2821 Morini
599 2787 812 2823 fundamenta
831 2790 904 2824 sunt
923 2790 1066 2825 nimium

190 2832 321 2868 infirma
333 2857 340 2864 .
366 2834 498 2870 Etenim
519 2839 651 2872 octavus
663 2838 817 2873 Nicaenus
837 2839 957 2874 Canon
970 2840 1064 2875 nullo

190 2879 293 2917 modo
305 2880 346 2917 dc
355 2883 629 2922 confirmationis
639 2888 803 2932 loquitur,
830 2889 885 2924 sed
907 2889 948 2924 de
958 2891 1065 2925 Sacra-

189 2942 306 2967 mento
327 2933 558 2971 ordinationis
578 2962 586 2970 .
615 2938 732 2979 Neque
753 2937 838 2974 hanc
859 2940 982 2983 repeti,
1009 2941 1062 2975 scd

188 2980 294 3017 hzrefi
306 2993 467 3027 acceptam
489 2987 610 3022 firmari
623 2987 663 3023 ab
675 2988 818 3023 Ecclesia
838 2989 872 3023 δε
891 3000 993 3024 ratam
1006 2988 1063 3025 ha-

188 3030 256 3066 beri
272 3032 421 3072 mandat,
446 3043 484 3068 ut
497 3036 588 3079 supra
608 3037 655 3071 est
678 3038 808 3073 abunde
826 3040 1040 3074 monstratum
1052 3066 1060 3073 .

187 3080 235 3116 Et
259 3079 416 3117 haereticis
442 3082 483 3118 ad
509 3085 684 3122 Ecclesiam
705 3088 912 3123 venientibus
932 3089 1059 3134 imponi

190 3131 272 3166 olim
283 3133 447 3167 cosuetam
459 3133 493 3168 in
505 3135 664 3178 Spiritum
676 3138 829 3173 Sanctum
840 3150 975 3174 manum
988 3140 1060 3174 nul-

185 3181 314 3216 latenus
324 3183 418 3217 fuisse
427 3183 701 3221 sacramentaliter
719 3190 992 3224 confirmatricem
1006 3190 1058 3224 vel

187 3231 427 3280 exinde-claret
449 3257 461 3274 ‚
486 3232 575 3279 qued
596 3236 630 3270 δε
648 3237 734 3280 apud
756 3237 894 3273 Latinos
916 3240 950 3273 δε
971 3240 1057 3282 apud

187 3280 319 3316 Graecos
329 3282 410 3318 sicca
430 3283 557 3318 dudum
567 3285 665 3320 fuerit
675 3310 686 3327 ‚
712 3285 860 3330 adeoque
872 3288 972 3330 ipsam
983 3300 1058 3323 con·

187 3331 396 3368 firmatricem
407 3333 548 3369 adserere
556 3335 602 3370 est
610 3334 692 3370 Chri
697 3336 804 3372 smatis
815 3337 1057 3376 Sacramentum

187 3380 369 3423 exsufflare,
377 3383 412 3418 δε
423 3384 560 3428 dejicere
570 3385 612 3420 ad
622 3384 767 3422 humana
779 3387 921 3422 Ecclefiae
932 3388 1058 3423 institu-

187 3437 223 3464 ta
234 3453 242 3462 -
269 3431 411 3468 Ecelelia
423 3436 549 3478 nequiit
559 3434 682 3469 Christi
693 3437 833 3473 Domini
844 3438 994 3474 instituto
1005 3439 1058 3475 ad-

284 3481 396 3525 Chfi.
407 3487 487 3532 Lupi
497 3490 583 3533 oper.
597 3488 676 3521 Tem.
685 3490 740 3521 m

1863 173 1956 221 345

1158 248 1280 282 ponere
1293 247 1417 271 novum
1434 236 1869 280 substantialeelementum.
1894 243 1968 281 Aut
1989 248 2037 282 sa·

1155 289 1195 323 ne
1218 288 1318 323 etiam
1342 298 1384 322 ex
1406 286 1526 331 butyro
1535 299 1573 321 ac
1598 288 1714 330 quovis
1737 291 1812 327 oleo
1826 319 1837 335 ,
1863 297 2036 332 autetiam

1152 339 1243 383 aquis
1266 337 1362 382 poffit
1382 337 1532 372 Chrisma
1551 337 1696 378 confici,
1722 338 1758 373 &
1782 340 1823 373 de
1845 342 1906 379 hac
1920 344 2038 381 photii

1152 389 1317 423 calumnia
1335 386 1481 422 laborare
1503 399 1572 423 non
1585 386 1738 423 debuerat
1750 388 1908 426 Pontifex
1932 395 2038 431 Nico-

1152 438 1223 473 laus
1246 463 1253 471 .
1282 435 1386 472 Porrci
1408 438 1582 480 Synodum
1605 437 1831 474 Florentinam
1854 464 1866 481 ,
1892 441 2035 487 aliasque

1152 499 1267 523 omnes
1279 487 1464 522 locutiones
1475 487 1594 523 similes
1602 489 1739 532 exponit
1754 490 1789 523 in
1800 487 1893 524 libris
1907 490 1950 526 de
1960 492 2045 534 Sam,

1152 539 1287 573 stiffima
1313 537 1481 572 Trinitate
1507 538 1643 573 Sanetus
1669 538 1876 584 Augustinus
1907 554 1915 574 :
1940 537 2040 576 Nemi
2056 541 2216 585 Luae-26⁴

1154 590 1345 631 Apostolorum
1358 588 1442 623 dedit
1452 590 1473 622 5
1468 592 1599 630 pit-itum
1608 588 1749 622 Sanaeum
1763 614 1771 622 .
1799 590 1937 625 orabant
1946 597 2035 636 quip-

1148 641 1189 682 pe
1201 663 1212 679 ,
1238 647 1271 672 ut
1280 644 1399 673 ventret
1419 643 1453 672 in
1462 649 1529 680 eos,
1555 637 1662 682 quibus
1683 649 1793 674 manus
1815 641 2036 685 imponebant,

1153 700 1210 722 non
1228 687 1285 731 ipfi
1297 701 1362 723 eum
1376 688 1493 722 dabant
1506 714 1513 720 .
1540 691 1643 734 ,Quem
1655 699 1764 728 morem
1783 694 1816 723 tn
1837 690 1903 734 suis
1915 695 2038 736 Praepo·

1143 736 1211 780 fitts
1233 745 1325 772 ettam
1349 750 1426 773 nunc
1441 737 1551 781 servat
1573 738 1720 781 Eccleffit.
1746 739 1903 775 Ostendit
1916 742 1950 777 id
1964 743 2035 778 fieri

1153 799 1206 830 per
1219 787 1490 823 Sacramentalem
1509 789 1629 823 frontis
1647 787 1927 825 Chrismationem
1944 817 1950 823 .
1977 791 2038 827 Di-

1152 838 1235 871 citur
1255 850 1336 882 ergo
1359 838 1416 873 illa
1430 837 1628 882 Apostolicae
1644 849 1806 875 manuum
1828 840 2031 884 impositioni

1153 887 1326 922 succeffisse
1336 912 1346 929 ,
1373 888 1464 923 illam
1473 890 1694 934 repraesentare
1704 914 1718 932 ,
1730 902 1770 926 ac
1781 890 1869 926 illius
1882 890 1967 925 vices
1980 902 2039 935 ge-

1150 948 1218 972 rere
1228 961 1240 978 ,
1251 936 1420 981 quomodo
1429 939 1557 984 antiqui
1568 940 1681 984 paffim
1693 940 1840 976 Romani
1854 938 2037 976 Pontifices

1151 997 1271 1023 vocant
1282 988 1346 1024 sese
1368 988 1478 1026 saneti
1491 989 1647 1034 Apostoli
1658 989 1748 1027 Petri
1761 989 1913 1028 vicarios
1928 1015 1941 1033 ,
1966 990 2033 1029 uti-

1150 1038 1260 1083 quein
1269 1037 1383 1073 eadem
1394 1038 1500 1073 forma
1521 1039 1557 1073 ἀ
1572 1039 1731 1082 potestate
1745 1066 1754 1074 .

1199 1086 1326 1123 Verum
1335 1087 1437 1131 objici
1447 1086 1542 1132 poffit
1563 1088 1599 1122 in
1611 1088 1745 1125 laudato
1755 1089 1840 1125 libro
1853 1091 1895 1127 de
1906 1091 2032 1135 Baptis-

1149 1149 1206 1174 mo
1217 1138 1462 1176 Tertullianus.
1491 1138 1626 1173 Etenim
1647 1138 1724 1172 cum
1734 1139 1865 1175 dixisset
1877 1165 1890 1182 ,
1915 1142 2030 1185 Egreffi

1151 1190 1188 1224 de
1208 1189 1330 1224 lavacro
1346 1193 1543 1236 perungimur·
1562 1187 1715 1224 benefida
1736 1189 1876 1224 Πυθίους
1888 1215 1901 1233 ,
1927 1192 2037 1236 pergit

1149 1239 1184 1274 in
1194 1238 1339 1284 sequenti
1352 1239 1477 1285 capite:
1505 1238 1618 1275 Dehinc
1628 1251 1735 1275 manus
1747 1246 1909 1283 imponltur
1916 1249 1974 1283 per
1991 1241 2039 1274 be-

1148 1289 1340 1325 neditltmem
1351 1292 1506 1325 advocans
1518 1292 1553 1326 e·
1562 1296 1704 1326 invitans
1714 1294 1859 1335 Spiritum
1874 1290 2028 1325 siendum.

1149 1340 1274 1376 Lucida
1283 1341 1432 1378 adfirmat
1443 1341 1653 1378 Unctionem
1674 1353 1712 1378 ac
1722 1353 1839 1378 manus
1856 1341 2037 1387 impositio*¹

1146 1402 1224 1426 nem
1242 1393 1306 1427 effe
1325 1390 1506 1436 disparatos
1529 1392 1629 1433 ritus,
1655 1392 1691 1427 in
1704 1392 1777 1427 solo
1789 1391 1960 1435 posteriori
1977 1402 2039 1428 ποὺ

1147 1440 1244 1474 stram
1257 1441 1560 1475 Confirmationem
1571 1442 1735 1485 compleri
1747 1464 1759 1479 ‚
1767 1441 1915 1484 adeoque
1926 1440 2037 1475 Chris·

1146 1500 1199 1524 ma
1222 1499 1292 1523 non
1314 1489 1377 1523 effe
1398 1489 1466 1532 ejus
1487 1489 1707 1526 elementum.
1737 1490 1830 1525 Idem
1854 1490 1970 1534 repetit
1998 1491 2036 1526 in
2127 1535 2129 1537 Ι

1146 1539 1231 1574 libro
1251 1539 1292 1574 de
1303 1537 1551 1575 Resurrestione
1570 1541 1694 1576 carnis:
1723 1543 1804 1574 Caro
1815 1541 1950 1574 abluitur
1962 1565 1974 1582 ,
2000 1550 2035 1576 ut
2053 1533 2127 1573 0¹?-
2147 1540 2174 1567 8·

1147 1595 1250 1623 anima
1261 1591 1434 1623 emaculetur
1443 1602 1458 1631 ;
1483 1601 1551 1624 care
1560 1596 1682 1635 ungitur
1694 1614 1706 1630 ,
1725 1601 1759 1623 ut
1769 1596 1876 1624 anima
1890 1587 2036 1633 consecre-

1146 1646 1216 1682 tur3
1242 1638 1447 1684 carosr‘gnatur
1454 1665 1465 1682 ,
1479 1649 1514 1674 ut
1524 1646 1629 1674 anima
1640 1646 1794 1674 muniatur
1806 1653 1817 1684 3
1842 1652 1909 1675 caro
1922 1653 2033 1675 manus

1146 1689 1322 1733 impositione
1344 1689 1559 1734 adumbratur,
1585 1699 1620 1725 ut
1643 1692 1679 1725 Θ·
1691 1696 1796 1726 anima
1803 1690 2032 1734 spirirutllumn

1147 1749 1233 1775 netur
1253 1752 1269 1782 ,²
1299 1750 1366 1774 caro
1384 1749 1497 1784 corpore
1515 1743 1550 1776 (9
1565 1740 1713 1786 sanguine
1735 1744 1856 1774 Domini
1881 1740 2034 1783 vescitur„

1147 1798 1180 1824 ut
1199 1794 1302 1824 anima
1323 1792 1362 1823 de
1374 1795 1437 1824 Deo
1451 1789 1609 1834 saginetur
1622 1816 1629 1822 .
1657 1788 1853 1833 Respondeo
1867 1790 1885 1825 a
1899 1790 2033 1825 Tertul-

1145 1838 1235 1873 liano
1247 1837 1370 1873 laudari
1382 1839 1556 1882 antiquum
1570 1840 1630 1874 tria
1649 1840 1742 1875 simul
1753 1841 1960 1875 Sacramenta
1973 1840 2033 1876 don

1145 1887 1248 1923 nandi
1270 1888 1393 1929 ritum,
1421 1890 1456 1924 δε
1479 1889 1688 1933 mistionem,
1716 1892 1936 1936 signationem
1955 1914 1967 1930 ‚
1992 1902 2031 1927 ac

1144 1948 1259 1973 manus
1270 1938 1512 1981 impositionem
1523 1951 1726 1983 nequaquam
1738 1941 1899 1986 distingui
1914 1951 1950 1976 ut
1962 1941 2031 1976 duo

1144 1997 1200 2022 aut
1219 1988 1280 2022 tria
1306 1985 1464 2032 disparata
1487 1989 1692 2024 Sacramenta
1724 2015 1732 2023 .
1759 1990 1855 2025 Patet
1879 2002 1920 2025 ex
1943 1990 2030 2032 libro

1144 2036 1425 2082 Praescriptionum
1437 2052 1448 2072 .-
1474 2040 1584 2073 Fidem
1596 2038 1744 2075 Christus
1757 2039 1926 2077 Dominus
1947 2054 2028 2088 aque
2044 2025 2118 2064 ΩΨ·
2129 2028 2180 2064 3⁶⁸

1142 2084 1236 2132 (ignat
1251 2112 1262 2129 ‚
1287 2089 1399 2130 Spiritu
1421 2089 1528 2122 saneto
1548 2089 1634 2131 vestit
1654 2115 1666 2131 ‚
1694 2090 1883 2131 Eucharrstta
1903 2091 2026 2136 pusi-it,>

1142 2136 1187 2171 Et
1210 2138 1245 2172 in
1265 2137 1383 2173 eodem
1404 2138 1489 2174 libro
1502 2150 1602 2185 agens
1622 2141 1663 2176 de
1675 2141 1811 2176 diabolo
1824 2143 2024 2179 sacrosancta

1140 2187 1248 2223 nostra
1272 2187 1313 2224 M
1314 2188 1432 2231 ysteria
1451 2189 1487 2223 in
1501 2190 1661 2236 sacrilegis
1674 2192 1739 2225 Dei
1763 2190 1908 2236 Mythrae
1923 2194 2021 2229 sacris

1140 2238 1336 2273 aemulante:
1362 2242 1464 2283 Tingit
1483 2239 1589 2284 &ipse
1611 2240 1773 2283 quosdam,
1796 2241 1896 2286 fignat
1909 2243 1971 2277 illic
1990 2249 2023 2285 in

1133 2287 1289 2329 frontibus
1298 2289 1410 2322 milites
1413 2287 1483 2332 suos
1495 2313 1505 2330 ‚
1531 2290 1659 2324 celebrat
1671 2293 1704 2327 (st
1714 2297 1808 2334 panis
1823 2293 1998 2328 oblationem
2010 2319 2018 2328 .

1138 2336 1240 2384 Qud
1262 2338 1366 2382 ipsum
1386 2340 1502 2382 repetit
1523 2340 1558 2374 in
1579 2340 1671 2375 libris
1693 2342 1843 2377 adversus
1872 2343 2019 2379 Marcio·

1138 2398 1213 2422 nem
1227 2413 1238 2428 ,
1264 2389 1299 2422 in
1313 2389 1454 2423 secundo
1466 2391 1675 2429 Sacramenta
1689 2391 1824 2426 laudans
1844 2404 1901 2428 aut
1911 2394 2018 2430 solnm

1138 2440 1246 2478 oleum,
1277 2450 1334 2481 quo
1338 2436 1392 2481 suo
1403 2437 1536 2479 cbristus
1560 2447 1670 2486 ungit,
1694 2451 1751 2477 aut
1762 2443 1868 2478 solum
1882 2442 2019 2488 lignariae

1135 2488 1196 2521 lum
1197 2488 1315 2529 frontis
1330 2513 1341 2529 ,
1367 2487 1488 2524 addens
1497 2491 1559 2525 esse
1571 2502 1674 2527 unum
1692 2502 1734 2526 ex
1749 2492 1897 2528 Ecclefiae
1909 2495 2015 2535 Sacro.—v

1136 2538 1271 2572 mentis.
1298 2538 1368 2573 Hic
1378 2539 1479 2584 igitur
1499 2539 1700 2577 substantiali
1728 2543 1929 2586 compendio
1941 2569 1951 2585 ,
1980 2546 2017 2579 in

1134 2587 1217 2622 locis
1227 2588 1324 2623 nobis
1333 2588 1466 2633 objestis
1472 2589 1561 2635 large
1571 2603 1610 2627 ac
1619 2590 1768 2628 distincte
1789 2588 1938 2637 exposuit
1950 2604 2014 2629 tres

1134 2638 1311 2682 praecipuos
1323 2639 1422 2673 nostri
1432 2641 1630 2676 Sacramenti
1650 2642 1799 2686 partiales
1813 2643 1893 2677 ritus
1906 2667 1918 2683 ,
1943 2644 2015 2686 qui-

1133 2688 1193 2722 bus
1212 2689 1348 2734 fingulis
1367 2690 1561 2734 respondeat
1579 2692 1658 2728 suus
1670 2693 1704 2726 in
1729 2693 1839 2727 anima
1861 2693 1992 2728 effectus
2004 2718 2012 2727 .

1131 2738 1310 2774 Enumerat
1320 2750 1390 2774 non
1402 2740 1485 2775 solas
1497 2741 1568 2784 ejus
1577 2742 1797 2778 substantiales
1812 2752 1916 2786 partes
1927 2768 1938 2784 ‚
1954 2740 2009 2778 sed

1130 2788 1274 2823 &vestes
1294 2789 1549 2825 caeremoniales.
1577 2792 1666 2826 Nam
1692 2791 1758 2826 hoec
1781 2790 1875 2829 verba
1890 2816 1902 2833 ,
1928 2796 2009 2828 Caro

1128 2850 1236 2873 manus
1261 2838 1434 2882 impofirtone
1457 2840 1654 2875 adumbratur
1681 2866 1693 2883 ,
1718 2841 1898 2876 ostendunt
1925 2852 2007 2883 tunc

1128 2899 1198 2925 non
1210 2889 1314 2925 solum
1325 2890 1479 2934 pollicem
1492 2890 1716 2935 Episcopalem
1739 2891 1842 2927 fronti
1856 2916 1868 2932 ,
1893 2891 1946 2927 sed
1958 2902 2011 2928 to·

1128 2950 1176 2974 ras
1188 2939 1395 2984 Episcopales
1404 2952 1520 2976 manus
1529 2942 1565 2975 in
1576 2942 1679 2976 crucis
1688 2941 1829 2976 formam
1842 2942 1934 2977 fuifl‘e
1947 2943 2007 2978 im·

1126 2988 1243 3032 positas
1253 2990 1343 3034 supra
1366 2987 1462 3035 caput
1474 2991 1693 3026 confirmandi
1706 3006 1719 3027 .-
1743 2994 1790 3026 Et
1800 2991 1852 3028 hoc
1861 3015 1873 3031 ,
1893 2993 2004 3038 inquit

1126 3040 1161 3073 in
1172 3040 1290 3074 eodem
1301 3040 1386 3074 libro
1402 3041 1442 3074 de
1452 3040 1621 3083 Baptismo
1630 3066 1642 3083 ‚
1666 3053 1780 3086 quoque
1792 3044 1829 3076 de
1840 3046 2004 3085 veter-1542-

1123 3098 1271 3123 craemento
1290 3113 1302 3129 ‚
1327 3100 1383 3132 que
1401 3098 1514 3132 nepotes
1531 3089 1601 3133 suos
1615 3103 1655 3133 ,ex
1669 3095 1702 3137 J
1704 3091 1790 3136 osepb
1811 3117 1834 3134 ,„
1850 3093 2005 3136 sphi-ater·

1124 3140 1159 3174 (⁶5
1170 3139 1322 3182 Manaffen
1327 3140 1427 3182 Jacob
1439 3140 1590 3174 benedixit
1603 3165 1610 3173 .
1636 3142 1749 3190 Qam
1771 3153 1890 3186 manus
1897 3143 2005 3188 impo-

1124 3189 1276 3224 fitionem
1291 3189 1420 3223 constat
1431 3189 1638 3226 Sacramento
1661 3193 1775 3229 nestro
1788 3204 1848 3230 nec
1865 3194 1927 3232 effe
1941 3205 2004 3234 nec

1125 3250 1268 3283 unquam
1307 3238 1401 3273 fuisse
1426 3239 1669 3277 substantialem
1695 3267 1701 3275 .
1739 3242 1857 3287 Neque
1883 3245 1998 3283 refert,

1123 3288 1213 3333 quod
1236 3288 1292 3322 illa
1312 3288 1439 3323 dicatur
1459 3301 1514 3334 per
1536 3290 1716 3335 adjunctam
1725 3292 1785 3328 fibi
1805 3293 2001 3329 benedictio-

1125 3349 1198 3373 nem
1225 3336 1381 3373 advocare
1404 3351 1442 3373 ac
1467 3341 1605 3376 invitare
1630 3341 1784 3387 Spiritum
1811 3344 1963 3379 sanetum
1984 3352 1995 3373 :

1121 3388 1205 3433 Qis
1215 3388 1305 3423 enim
1327 3390 1447 3424 nesciat
1469 3390 1565 3434 illum
1585 3392 1685 3427 etiam
1707 3393 1861 3430 institutis
1879 3390 1920 3424 ab
1934 3389 1998 3423 Ec-

1123 3439 1212 3475 clcfia
1234 3438 1350 3479 ritibus
1367 3450 1405 3475 ac
1415 3439 1562 3486 precibus
1580 3441 1760 3479 advocari?
1786 3439 1995 3525 Solghitague

1895 3499 1920 3524 rr

2041 2218 2114 2259 Cap.
2122 2230 2170 2257 40.

2041 2260 2072 2291 1..
2078 2271 2091 2291 ι
2096 2278 2104 2287 ·
2110 2269 2186 2297 mu.

2023 3059 2097 3101 cap.
2112 3044 2141 3097 ε’.

1564 3490 1643 3525 Xx
