2340 3762
361 168 461 217 392·

306 256 308 259 ¹
345 241 441 276 Hinc
453 238 722 276 introdusti‘sunt
734 238 791 276 alii
803 237 956 272 undecim
980 231 1174 288 nobiles-lai-

289 292 325 327 ti
338 316 350 332 ‚
373 291 431 333 qui
452 302 569 326 omnes
588 291 652 326 sese
662 290 775 332 Regio
786 283 962 319 Michaelis
972 282 1116 328 Augustt
1138 282 1173 316 ἀ

293 340 406 376 Bardae
420 341 554 379 Caesaris
563 350 682 376 terrore
693 337 787 371 fuifl‘e
812 334 849 367 in
862 332 947 367 istud
957 332 1085 376 perjurii
1096 331 1173 367 faci-

291 403 356 426 nus
373 390 557 435 compulsos
576 391 650 422 sunt
673 383 857 428 protestati.
886 384 929 417 Et
943 382 1076 427 quidam
1097 382 1174 426 Epi-

291 441 387 476 timIa
408 446 594 482 acceperant
616 436 635 468 a
657 433 858 477 Presbyteris
894 432 1172 474 Poenitentiariis,

289 490 425 536 quidam
461 489 560 530 usque
595 484 661 519 huc
697 486 883 519 manserant
909 482 1172 528 impoenitentes,

290 542 396 578 Erant
423 537 574 581 &plures
595 535 652 569 alii
668 534 837 574 absentes,
863 533 905 569 de
926 533 1043 578 quibus
1055 533 1173 578 Legati

292 589 437 627 Romani
456 599 463 621 :
491 585 695 629 Expec‘iemus
708 597 753 619 eos
768 611 775 618 .
802 584 893 618 Ante
905 585 1047 628 ipsorum
1060 584 1174 617 adven-

289 649 362 674 tum
373 637 550 672 noluerunt
562 636 767 680 praesentibus
778 636 909 669 decerni
922 635 1057 677 Epitimi
1067 647 1093 667 a.
1107 634 1171 667 Ve-

288 690 361 722 rum
381 686 689 732 magnificentissimi
711 685 881 729 Principes
904 686 1147 719 intercesserunt
1161 709 1171 723 ,

288 749 358 772 non
372 738 460 783 posse
472 737 614 782 ipsorum
625 737 718 771 causa
730 735 851 770 differri
865 735 1063 778 Synodum‚·
1091 733 1173 766 nih·-

288 787 437 824 lominus
449 788 565 833 Legati
587 787 812 831 perstiterunt:
839 786 978 817 Multiex
992 793 1033 819 eis
1055 786 1171 818 audua-

288 845 353 879 νὶὶ,
377 838 579 879 &statuarii‚
606 849 641 870 ac
652 848 787 879 equorum
811 838 915 868 medici
934 835 1026 878 sunt,
1050 843 1171 877 propter

287 891 369 933 quod
371 889 482 931 justum
493 889 531 930 est
543 913 553 929 ,
579 898 613 921 ut
623 895 749 921 veniant
760 893 792 919 in
803 885 982 929 conspe-&um
997 885 1087 927 hujus
1100 884 1172 929 san*

283 941 343 974 δή
362 941 489 980 synodi,
515 940 727 981 &arguantur
758 962 769 978 ,
795 938 828 970 Εὐ·
850 936 1045 978 confiteantur
1060 942 1173 970 verita-

283 1000 367 1031 tem,
392 990 639 1034 quemadmodum
661 987 750 1028 &isti
773 1013 780 1020 .
806 988 961 1021 Tandem
986 996 1094 1020 tamen
1123 996 1173 1018 ac-

282 1040 488 1085 quiescentes
507 1040 630 1083 septem
645 1047 808 1071 annorum
822 1037 1017 1080 Epitimium
1042 1035 1108 1068 illis
1121 1034 1173 1069 de-

282 1091 441 1125 finierunt
457 1114 468 1130 ‚
494 1089 628 1134 singulis
644 1088 663 1122 ὲ
674 1086 863 1121 Patriarcha
876 1085 1010 1129 ignatio
1022 1109 1033 1126 ,
1058 1085 1112 1119 cui
1138 1084 1172 1118 &

283 1152 328 1175 ex
347 1141 447 1174 causis
468 1136 663 1180 moderandi
690 1135 830 1179 potestas
853 1135 1002 1169 concessa
1023 1158 1034 1174 ‚
1059 1134 1170 1179 postea.

283 1189 541 1233 imponendum.

332 1239 479 1273 Eosdem
490 1238 622 1272 tandem
635 1237 778 1282 Legatos
801 1237 930 1283 rogavit
942 1236 1102 1271 Patricius
1115 1235 1174 1269 Ba-

284 1289 407 1325 hanes:
436 1289 560 1322 Habetis
581 1290 667 1322 aliud
685 1290 760 1331 quid
780 1289 827 1321 ad
849 1286 1066 1331 disponendum
1094 1312 1105 1328 ‚
1130 1298 1171 1319 an

286 1353 346 1375 non
359 1342 375 1373 ἓ
400 1344 487 1373 Nam
508 1338 580 1372 bora
598 1343 767 1381 praeteriit.
796 1339 891 1382 ,Quod
907 1336 936 1379 fi
955 1349 1014 1371 non
1033 1337 1172 1377 babens,

288 1394 377 1425 dicite
388 1415 395 1422 .
422 1391 475 1424 Ex
489 1401 555 1433 quo
567 1389 657 1423 vides
669 1388 819 1423 omnium
831 1387 1030 1431 synodaliter
1041 1389 1172 1422 tractan-

288 1442 406 1475 dorum
420 1451 517 1482 atque
531 1439 795 1473 definiendorum
820 1438 1078 1481 propositionem
1096 1438 1174 1470 sem·

287 1502 346 1536 per
369 1490 410 1524 ad
422 1491 566 1533 Legatos
580 1488 792 1532 Apostolicos
804 1488 949 1531 spetiaffe
963 1511 970 1518 .
998 1487 1110 1534 Qare
1120 1485 1168 1519 illi

288 1540 544 1584 responderunt.
574 1538 724 1570 Habemus
745 1538 780 1570 eb·
790 1538 879 1570 aliud
889 1537 966 1578 quid
975 1537 1019 1568 ad
1027 1541 1173 1577 requiren-

288 1592 362 1624 dum
384 1589 487 1622 bodie.
514 1586 751 1621 Discutiendos
773 1586 808 1618 δι
832 1583 1019 1627 puniendos
1040 1583 1174 1618 voluere

288 1652 347 1675 eos
358 1637 546 1683 Spatharios
555 1648 593 1671 ac
607 1636 689 1670 alios
700 1634 874 1669 Palatinos
899 1634 1000 1668 laicos
1010 1658 1021 1675 ,
1047 1634 1103 1678 qui
1116 1632 1175 1668 sub

289 1689 458 1725 Michaele
472 1686 625 1732 Augusto
647 1694 782 1731 egerant
793 1684 950 1719 scoenicos
972 1695 1048 1719 cum
1061 1682 1176 1718 Theo-

289 1740 385 1784 philo
395 1736 684 1781 Proto-Spathario
697 1735 877 1779 Episcopos
888 1759 899 1775 ,
910 1746 971 1769 nec
983 1745 1052 1769 non
1066 1734 1099 1768 ἀ
1108 1733 1175 1778 jam

290 1799 434 1833 repertos
445 1786 666 1820 Orientalium
680 1784 940 1819 patriarcharum
964 1785 999 1818 in
1019 1785 1176 1828 imagina-

291 1840 341 1874 ria
351 1835 491 1881 synodo
515 1836 608 1869 fistos
618 1833 795 1873 vicarios,
822 1832 1024 1871 Leontium,
1049 1833 1175 1876 Grego-

291 1889 382 1924 rium
395 1911 407 1928 ‚
430 1897 468 1920 ac
482 1884 632 1930 Sergium
644 1908 656 1925 ,
682 1882 834 1919 homiues
856 1882 992 1916 rusticos
1013 1881 1048 1916 δε
1060 1882 1175 1915 sterco-

292 1938 378 1975 rales
397 1962 409 1978 ,
431 1945 572 1980 quorum
595 1933 747 1974 omnium
769 1931 928 1973 judicium
951 1929 1000 1965 est
1021 1930 1111 1975 supra
1132 1931 1173 1966 ad

295 1988 452 2025 Canones
463 1979 591 2020 abunde
601 1981 798 2027 expolitum.

297 2110 311 2130 J

531 2199 819 2247 Aca-10
886 2198 946 2246 X.-

399 2340 592 2379 Ovisfimam
615 2350 652 2375 ac
662 2338 825 2376 decimam
837 2336 1035 2381 astionem,
1061 2338 1177 2374 fastam

426 2393 531 2438 pridie
551 2390 714 2427 Calendas
734 2390 875 2425 Martias
897 2390 975 2424 feria
997 2389 1110 2430 tertia,
1136 2401 1177 2423 ex

297 2444 412 2479 Bafilii
434 2441 575 2488 Augusti
588 2442 749 2485 praesentis
769 2439 927 2475 mandato
944 2438 1070 2483 alloqui
1081 2438 1181 2483 coepit

297 2493 452 2529 Bahanes
472 2492 632 2527 Patricius
653 2504 662 2524 :
689 2492 783 2535 ‚Quid
801 2490 921 2525 videtur
941 2490 1104 2523 sanamu-
1131 2500 1182 2522 ve-

294 2540 394 2585 stra?
418 2544 506 2586 ,Quid
524 2553 642 2585 agemus
668 2540 754 2575 bodie
774 2543 787 2574 ἒ
813 2540 1041 2585 Reposuemnt
1065 2538 1182 2584 Legati

302 2590 726 2628 sediumPatriarchalium:
756 2593 826 2624 Prae
847 2588 978 2624 omnibus
1001 2589 1184 2633 neceffarium

303 2643 512 2680 arbitramur,
535 2648 569 2674 ut
576 2645 709 2683 primum
719 2641 857 2683 legantur
865 2644 1004 2674 Canones
1015 2663 1028 2680 ,
1053 2650 1124 2681 quos
1135 2640 1186 2673 de·

306 2694 357 2727 bet
366 2690 543 2736 baecsam‘la
552 2691 680 2729 synodus
686 2689 811 2732 firmare
820 2715 827 2722 .
856 2691 901 2725 Et
910 2689 1021 2724 omnis
1032 2690 1185 2734 Synodus

304 2743 523 2780 exclamavit.-
550 2740 685 2773 Placen·
702 2740 747 2773 Et
770 2739 879 2774 statim
900 2739 1053 2774 Thomas
1077 2738 1187 2774 Eccle-

305 2795 355 2829 fiae
373 2789 752 2834 Constantinopolitanae
775 2789 949 2824 Diaconus
968 2800 1006 2823 ac
1030 2789 1188 2823 Notarius

306 2844 391 2889 legit
401 2841 521 2889 viginti
533 2841 655 2884 septem
668 2840 824 2874 Canones
835 2863 845 2879 ,
873 2838 964 2883 supra
976 2838 1130 2873 adductos
1149 2849 1188 2873 ac

307 2894 499 2939 explanatus
510 2917 517 2924 .
546 2890 650 2925 Erant
662 2901 730 2924 non
742 2890 786 2923 ita
798 2889 924 2933 pridem
946 2890 1040 2923 antea
1053 2899 1188 2933 compo-

307 2945 382 2979 fiti:
408 2942 542 2977 Etenim
555 2940 596 2975 de
608 2941 698 2975 sexto
720 2940 754 2974 in
768 2940 858 2973 fictos
867 2938 1018 2973 Vicarios
1040 2939 1131 2973 edito
1141 2937 1189 2973 di-

308 3005 388 3028 :xere
409 2991 450 3028 ad
461 2990 690 3038 praecedentem
701 2987 877 3024 Actionem
895 2988 1011 3033 Legati
1024 2989 1188 3023 Romani:

313 3044 451 3078 Volumus
463 3050 629 3085 componere
638 3040 812 3082 Capitulum
834 3041 873 3073 de
883 3039 984 3073 illicito
1003 3038 1056 3073 hoc
1065 3044 1189 3073 conami-

313 3102 353 3126 ne
362 3117 373 3133 ,
399 3095 522 3136 quoaein
534 3092 592 3126 alio
599 3100 745 3125 conventu
757 3090 872 3134 legetur
881 3114 891 3124 .

363 3142 495 3178 Exinde
506 3140 742 3185 Metrophanes
763 3141 966 3183 Smyrnenfis
987 3140 1029 3175 ad
1053 3138 1192 3183 superio·

317 3202 387 3227 rem
400 3215 411 3232 ,
433 3194 470 3226 ὅ(
482 3193 668 3237 Cyprianus
678 3190 988 3234 claudiopolitanus
999 3191 1194 3234 Episcopus,

319 3241 500 3276 Provinciae
519 3240 726 3278 Honoriadis
737 3240 977 3284 Metropolita,
1001 3239 1042 3274 ad
1062 3241 1193 3274 inferio·

320 3301 389 3326 rem
412 3290 540 3333 Synodi
559 3302 681 3334 partem
703 3290 784 3336 legit
805 3292 909 3330 synodi
928 3294 1099 3324 Terminum
1121 3313 1133 3331 ‚
1159 3289 1194 3324 id

320 3339 368 3375 est
382 3364 394 3381 ‚
418 3337 573 3382 synodale
596 3341 772 3375 Decretum
792 3365 803 3381 ‚
829 3341 1078 3375 eruditiffimum
1099 3352 1137 3374 ac
1159 3340 1193 3373 in

320 3390 418 3426 fonte
428 3389 601 3433 legendum
616 3412 625 3419 .
651 3389 759 3429 Ipsum
770 3401 811 3423 ex
821 3401 912 3424 more
925 3391 1062 3425 innovat
1071 3391 1194 3434 septem

324 3440 468 3491 priorum
488 3435 691 3486 generalium
702 3435 910 3488 Synodorntn
927 3438 968 3476 de
980 3440 1044 3476 fide
1054 3441 1194 3477 Decreta

878 140 1558 205 Dr's‘sznratio·

1235 245 1273 268 ac
1291 233 1604 276 anathematismos,
1629 235 1748 271 deiude
1770 236 1891 274 stabilit
1911 243 2112 280 Ecciefiaefff:

1235 283 1309 318 dem
1320 283 1362 319 de
1382 287 1476 320 sacris
1488 285 1611 320 Christi
1623 285 1768 321 Domini
1779 298 1816 321 ac
1826 288 1968 325 aliorum
1977 296 2110 329 Sancto-

1236 345 1308 371 rum
1322 335 1521 381 imaginibus
1534 362 1545 376 ‚
1570 336 1693 371 docens
1706 335 1976 374 Iconoclasticam
1984 339 2109 379 haerefin

1234 386 1298 419 effe
1321 385 1500 420 Erronibus
1522 385 1644 421 Christi
1662 386 1804 422 Domini
1827 398 1956 424 naturas
1973 391 2114 428 confun-

1235 433 1388 470 dentibus
1411 437 1577 480 propriam
1600 461 1611 478 ,
1636 448 1674 471 ac
1696 437 1807 472 denuo
1831 438 2116 474 anathematizans-

1240 486 1465 528 Anastafium,
1494 487 1752 522 Constantinum
1764 512 1776 528 ,
1800 500 1838 523 ac
1850 489 2024 531 Nicetam,
2053 490 2119 525 Ec-

1236 537 1336 570 cleiiae
1351 537 1733 582 Constantinopolitanae
1742 538 1945 574 patriarchas
1966 541 2117 575 stercora-

1238 588 1282 620 les
1293 612 1302 627 ,
1329 586 1361 621 id
1373 587 1419 622 est
1433 613 1443 629 ‚
1470 588 1666 631 copronymi
1693 588 1744 622 seu
1757 588 1937 625 stercoralis
1950 590 2115 625 Constan-

1237 638 1297 671 tini
1310 637 1423 671 faedam
1437 638 1552 672 sectam
1562 638 1730 683 sequentes
1738 662 1750 679 ‚
1777 650 1837 674 nec
1848 651 1915 675 non
1927 652 2042 676 eorum
2054 652 2115 674 nu-

1238 697 1330 728 peros
1352 689 1386 721 in
1399 688 1473 722 sede
1493 699 1532 723 ac
1550 687 1719 732 impietate
1739 690 1928 726 successores
1950 690 2115 725 Theodo-

1238 748 1330 779 rum,
1358 737 1568 777 Antonium,
1592 738 1799 781 &Ioannem
1812 764 1823 780 ,
1848 740 1978 785 unaque
1998 741 2115 776 Theo·

1237 787 1354 822 dorum
1367 785 1560 822 Crithinum
1574 813 1581 820 .
1608 792 1655 822 Et
1667 794 1738 833 quia
1748 801 1807 823 non
1811 788 1876 833 sola
1896 802 2035 825 verorum
2046 793 2115 835 dog-

1237 847 1351 871 matum
1357 844 1495 880 privatio
1505 845 1592 873 novit
1600 840 1722 873 turbare
1738 839 1893 882 Ecclesiam
1903 865 1915 882 ,
1936 838 1996 885 sed
2016 842 2049 874 Θ
2059 847 2118 875 Di-.

1237 893 1374 921 vinorum
1384 890 1596 923 mandatorum
1612 896 1850 932 pravaricatio,
1876 891 2021 926 similiter
2040 902 2120 925 ana-2

1238 937 1429 972 thematizat
1440 937 1599 975 Photium
1611 961 1622 978 ‚
1641 939 1820 983 omniaque
1829 940 1898 983 ejus
1913 941 1946 974 in
1959 942 2119 975 Sanctum.

1237 986 1459 1022 patriarcham
1474 988 1641 1032 Ignatium
1652 1013 1664 1028 ,
1675 990 1828 1023 Sanstum
1837 989 2017 1025 Nicolaum
2029 991 2122 1024 Pom.

1240 1037 1360 1073 tificem
1372 1062 1383 1078 ‚
1409 1038 1445 1073 ὅς
1455 1048 1590 1071 omnem
1600 1036 1752 1072 Ecclefiae
1771 1037 1911 1082 gradum
1932 1039 2013 1073 Asta
2025 1041 2115 1084 pessi-

1239 1100 1291 1122 ma
1316 1100 1325 1121 :
1352 1087 1397 1121 Et
1416 1089 1532 1122 cuncta
1552 1086 1693 1132 ejusdem
1716 1086 1851 1122 Nicolai
1875 1087 1910 1122 ἀ
1932 1090 2118 1124 successoris

1238 1136 1377 1180 Adsiani
1390 1137 1425 1172 in
1441 1138 1545 1182 ipsum
1570 1137 1683 1181 &ejus
1704 1137 1882 1174 factionem
1893 1139 2032 1175 Decreta
2052 1139 2118 1183 ple-

1239 1186 1564 1224 niffimeconfirmat.

1287 1239 1344 1273 De
1357 1238 1426 1283 ipso
1437 1239 1612 1274 solenniter
1620 1237 1661 1273 ad
1670 1237 1780 1275 Patres
1798 1239 1882 1275 leste
1901 1241 2044 1285 quaefivit
2056 1241 2119 1276 Ba·

1240 1288 1328 1323 filius
1340 1286 1529 1334 Augustus:
1558 1293 1648 1323 Dicat
1667 1301 1746 1323 nunc
1760 1288 1868 1333 sanda
1890 1292 1925 1325 et
1937 1289 2118 1335 universalis

1238 1340 1364 1379 synodus
1375 1364 1386 1381 ,
1391 1338 1423 1382 fi
1428 1339 1561 1373 omnibus
1571 1339 1759 1383 sanfflfflmis
1770 1339 1928 1384 Episcopi:
1947 1343 2119 1376 concordan-

1240 1389 1319 1424 tibus
1339 1398 1428 1433 atque
1451 1389 1699 1435 consentientibus
1703 1389 1842 1435 praefi-ns
1854 1394 2011 1426 Terminus
2016 1391 2058 1434 fit
2068 1393 2123 1426 de·

1235 1440 1393 1482 promptus
1405 1442 1418 1475 ?
1442 1439 1551 1476 Norat
1562 1440 1581 1474 ὲ
1593 1439 1757 1476 Photiana
1780 1440 1920 1476 factione
1929 1442 2059 1485 quosvis
2068 1453 2122 1477 ca-

1241 1489 1440 1524 lumniarum
1461 1491 1556 1524 sucos
1573 1489 1724 1524 adversus
1736 1491 1910 1532 Synodum
1933 1493 2003 1527 fore
2021 1503 2119 1526 exco-

1240 1539 1395 1585 gitandos
1420 1563 1428 1571 .
1463 1539 1672 1574 Exclamavit
1698 1538 1774 1574 vero
1808 1541 1919 1575 omnis
1942 1539 2094 1584 synodus
2105 1554 2117 1574 .-

1242 1592 1353 1622 Omnes
1364 1590 1409 1620 ita
1415 1589 1550 1631 sapimus
1559 1612 1571 1628 ,
1596 1600 1696 1622 omnes
1707 1590 1755 1622 ita*
1767 1591 1970 1629 praedicamus
1983 1613 1994 1629 ,
2018 1600 2120 1623 omnes

1241 1642 1448 1671 contrementes
1470 1637 1505 1671 e·
1516 1635 1728 1680 consentientes
1741 1639 1882 1680 prompt?
1888 1636 2099 1681 subscribimus
2108 1661 2120 1672 .

1245 1688 1306 1721 Hoc
1315 1686 1354 1728 est
1363 1688 1653 1729 veritatis-iudicium
1662 1713 1673 1730 ,
1685 1685 1737 1722 boc
1748 1686 1787 1728 est
1790 1690 1823 1733 J
1824 1687 1932 1729 ustitiae
1942 1690 2100 1722 Decretum
2106 1712 2122 1729 ,

1241 1736 1352 1778 baec'est
1373 1741 1527 1771 canonum
1538 1737 1670 1781 expofitio
1679 1762 1692 1779 ,
1718 1736 1783 1772 baec
1800 1737 1839 1778 est
1849 1736 2059 1780 Ecclefiastieae.
2072 1749 2124 1772 or*

1243 1789 1409 1822 dinationis
1431 1787 1558 1830 defensio
1579 1812 1587 1821 .
1614 1789 1659 1824 Et
1677 1786 1873 1823 faussiffimis
1893 1788 1930 1823 in
1950 1788 2129 1834 Augustos--

1242 1837 1410 1881 Principes
1430 1861 1443 1878 ,
1468 1836 1654 1874 Adrianum
1676 1837 1878 1874 Pontificem
1899 1862 1911 1879 ,
1933 1837 2120 1873 orientales

1241 1884 1444 1921 Patriarchas
1455 1898 1492 1921 ac
1503 1889 1646 1932 ipsorum
1665 1888 1810 1933 Legatos
1824 1886 2121 1923 adclamationibus

1243 1933 1414 1979 adjunxit:
1442 1936 1548 1972 photio
1564 1937 1700 1981 invasori
1719 1940 1755 1971 θ
1766 1938 1901 1970 adultero
1913 1936 2120 1978 Constantino-

1239 1985 1441 2028 politaenorum
1459 1986 1591 2029 Ecclefiae
1613 1985 1803 2029 anathema
1824 1989 1962 2030 Gregorio
1972 1985 2131 2030 syracus&

1243 2037 1278 2071 Θ
1288 2037 1451 2076 Eulampio
1462 2039 1613 2077 Apamaeae
1622 2034 1757 2078 dopofitis
1767 2058 1780 2075 ‚
1805 2036 1841 2069 dt
1850 2039 1992 2068 veritatis
2010 2035 2133 2078 aposta-t

1241 2090 1283 2120 tis
1306 2085 1341 2119 ὰ
1363 2082 1489 2124 hostibus
1510 2082 1672 2119 anathema
1694 2097 1707 2118 .·
1734 2084 1917 2126 Repulerunt
1938 2086 2121 2119 Divinarum

1236 2133 1479 2179 ‚iustificationum
1489 2139 1670 2179 agnitionem
1681 2155 1694 2174 ,
1719 2135 1753 2169 <5
1763 2135 1873 2176 repulit
1882 2134 1948 2169 illos
1959 2139 2101 2169 Dotninus
2112 2158 2121 2166 .

1244 2185 1347 2219 Pharia
1358 2209 1368 2226 ‚
1393 2185 1428 2219 ό·
1438 2187 1576 2228 Gregorio
1582 2208 1594 2225 ,
1623 2185 1659 2218 (τ
1668 2184 1836 2227 Eulampio
1843 2209 1855 2226 ,
1875 2186 1986 2228 triplici
1987 2184 2135 2227 sermm·-

1243 2244 1272 2269 to
1295 2240 1435 2277 nequitiae
1455 2233 1642 2268 anathema:
1667 2234 1796 2278 Vivifica
1819 2237 1955 2269 Trinitas
1974 2241 2065 2270 mum
2083 2242 2124 2275 ty-

1239 2285 1338 2330 pbum
1348 2282 1481 2327 deposuit
1492 2309 1500 2318 .
1526 2284 1673 2318 omnibus
1686 2283 1886 2328 consentaneis
1907 2284 2126 2330 &sequacibus

1244 2347 1342 2372 eorum
1364 2333 1529 2369 anathema
1541 2359 1550 2366 .
1576 2335 1698 2368 Nicolat
1718 2334 1864 2375 beatiffimi
1882 2337 1979 2378 Papae
1994 2334 2133 2379 senioris.

1247 2391 1351 2421 Romae
1377 2393 1491 2419 eterna
1514 2390 1655 2419 memoria
1679 2396 1687 2416 z
1720 2388 1955 2429 Propugnatoris
1980 2389 2134 2419 veritam·

1246 2445 1357 2471 aeterna
1369 2439 1528 2469 memoria.
1553 2434 1607 2469 Sic
1619 2434 1712 2469 illum
1733 2433 1831 2478 plena
1850 2433 2005 2478 Synodus
2025 2444 2125 2469 cano·

1246 2496 1369 2522 nizavrt
1381 2511 1389 2519 .

1298 2535 1449 2573 Patribus
1474 2535 1517 2571 de
1527 2535 1693 2572 transastis
1703 2534 1739 2572 in
1751 2534 1888 2581 Synodo
1908 2547 1946 2572 ac
1957 2533 2074 2572 itinere
2083 2532 2125 2571 ad

1247 2588 1347 2632 ipsam
1369 2586 1535 2622 laboribus
1555 2588 1673 2633 gratias
1695 2598 1767 2622 tum
1792 2588 1862 2632 egit
1882 2585 2062 2631 Princeps,
2087 2597 2130 2620 ac

1249 2635 1359 2673 denuo
1371 2636 1584 2682 interrogavit
1596 2651 1608 2671 .·
1633 2641 1740 2681 vtique
1749 2636 1871 2677 audiffls
1880 2647 1947 2680 quae
1956 2636 2032 2671 ledia
2038 2635 2124 2680 sunt,

1250 2689 1328 2732 quid
1345 2690 1409 2731 erga
1430 2689 1548 2721 viderur
1558 2691 1747 2722 Reverentiae
1767 2686 1903 2729 vestra?
1929 2688 2013 2721 Bene
2022 2683 2126 2727 expost-

1248 2748 1299 2773 tus
1309 2737 1345 2779 est
1357 2742 1504 2771 terminus
1517 2735 1566 2778 iste
1576 2739 1590 2772 ἓ
1615 2739 1731 2771 Placuit
1754 2737 1840 2772 vobis
1851 2742 2009 2771 canonum
2017 2732 2126 2776 expost-

1249 2794 1290 2822 tio
1301 2790 1314 2822 ?
1340 2791 1386 2820 An
1400 2787 1437 2828 est
1446 2787 1566 2830 aliquid
1575 2792 1608 2821 in
1619 2796 1716 2821 mente
1728 2786 1824 2827 vestra
1836 2788 1883 2819 ad
1889 2785 2058 2828 ambiguam
2066 2788 2127 2826 opt-

1248 2844 1362 2871 nionem
1369 2836 1550 2879 pertrahens
1562 2837 1576 2869 ?
1602 2836 1645 2869 Et
1657 2835 1774 2870 iterum
1784 2860 1791 2867 .
1817 2833 1964 2878 ,Quisquis
1974 2833 2063 2868 habet
2073 2834 2135 2866 ali--

1248 2888 1323 2931 quid
1344 2887 1495 2920 adversus
1517 2884 1594 2919 banc
1609 2884 1751 2929 fandum
1771 2886 1805 2919 ὑ·
1826 2882 2024 2927 universalem
2046 2885 2128 2922 syno-

1250 2939 1321 2971 dum
1332 2961 1342 2977 ‚
1367 2937 1525 2969 dicendum
1535 2945 1637 2969 contra
1647 2933 1722 2968 bunc
1731 2940 1890 2969 terminum
1902 2943 1955 2968 aut
1965 2937 2104 2967 Canones
2114 2957 2134 2974 ,,

1244 2988 1303 3030 fiet
1313 2992 1346 3020 in
1355 2987 1450 3020 medio
1461 3011 1471 3026 ,
1495 2987 1530 3020 <¹5
1541 2984 1666 3030 quaefibi
1688 2985 1836 3019 videntur
1855 2986 1936 3018 dicat
1948 3008 1959 3024 ,
1977 2982 2139 3026 fiveEp10-

1246 3036 1348 3082 scopus
1353 3036 1393 3079 fit
1413 3060 1424 3076 ,
1444 3034 1509 3078 five
1519 3033 1672 3079 quisquam
1683 3034 1721 3068 de
1731 3033 1922 3076 Ecclefiastico
1933 3035 2019 3067 clero
2032 3058 2043 3074 ,
2059 3031 2145 3075 five*

1251 3089 1365 3128 tatem,
1383 3085 1447 3128 five
1465 3097 1504 3119 ex
1524 3090 1562 3118 iis
1587 3089 1640 3127 qui
1657 3083 1796 3119 civilibus
1819 3085 1917 3127 officiis
1937 3088 2126 3126 mancipatus

1249 3136 1347 3177 existit
1372 3149 1382 3169 .·
1409 3137 1605 3179 ,Quamquam
1628 3145 1686 3168 non
1701 3135 1809 3168 datum
1823 3133 1864 3177 fit
1881 3133 1943 3175 istis
1964 3130 2128 3177 fecundum

1253 3190 1408 3220 Cononem
1430 3185 1548 3219 dicendi
1569 3187 1738 3228 quidquam
1743 3184 1862 3226 pennis
1882 3180 2135 3225 deEcclefinstien*

1252 3237 1343 3280 caufis
1352 3260 1361 3269 .
1387 3240 1469 3279 Opus
1481 3240 1560 3269 enim
1568 3234 1618 3268 hec
1631 3234 1804 3277 Pontificum
1825 3235 1861 3268 ό*
1871 3234 2059 3268 sacerdotum
2069 3229 2107 3271 el}
2115 3253 2128 3270 ,

1253 3286 1311 3331 sed
1317 3297 1353 3321 ex
1363 3285 1531 3320 abundanti
1561 3296 1647 3319 omne
1655 3297 1688 3318 os
1697 3290 1835 3328 iniquum
1846 3283 1987 3325 obstruere
1997 3282 2127 3316 volentes

1257 3339 1406 3371 licentiam
1410 3334 1585 3379 prestamus
1595 3335 1729 3369 omnibus
1739 3356 1750 3374 ‚
1773 3343 1809 3369 ut
1818 3339 1913 3377 quiin
1928 3338 2024 3366 mente
2035 3327 2125 3362 babet

1257 3389 1333 3431 quid
1340 3387 1510 3430 ambiguum
1520 3387 1560 3420 de
1568 3384 1616 3418 his
1627 3409 1639 3426 ,
1664 3396 1734 3427 quae
1743 3385 1860 3418 decreta
1862 3381 1937 3425 sunt
1947 3378 1985 3411 ab
1997 3376 2130 3421 bacsan-

1256 3438 1306 3472 ela
1325 3438 1432 3477 Sanode
1442 3460 1455 3480 ,
1480 3436 1530 3472 hoc
1548 3442 1582 3472 in
1600 3435 1731 3472 medium
1753 3431 1892 3470 exhibeat
1903 3451 1915 3472 ‚
1941 3427 2134 3523 &ssi-ascilpjm.

1603 3485 1614 3487 “
1627 3485 1631 3486 ’
2012 3484 2055 3512 ati
2069 3496 2082 3504 ·
