2340 3762
26 3068 52 3097 F.
78 3077 159 3104 1051.

662 148 727 178 DE
764 149 997 179 OCTAVA
1033 129 1658 182 SYriono-GENERAm.

245 219 286 251 In
310 227 364 259 quo
382 213 465 255 fado
490 218 560 256 quia
583 212 746 257 Epifhopus
770 217 792 247 ἃ
806 215 947 258 Bulgaris
968 212 1122 257 expulsum

247 264 380 306 Epistola
389 262 548 307 fatentese
558 264 656 308 affl-rit
667 288 679 304 ,
704 267 737 299 &⁴
751 264 916 302 Presbyteri
929 276 985 297 non
1002 264 1036 307 se
1054 265 1122 306 pul—

239 307 443 356 sossrbGr-aecis
468 316 519 348 vel
533 314 699 358 Bulgaris‚
721 314 782 358 sed.
795 315 834 347 ab
857 326 888 347 eo
901 313 1042 356 Episcopo
1068 318 1124 347 cir-

245 373 418 398 cumventos
431 388 445 405 ,¹
462 363 596 407 praefitci'o
619 364 742 397 dubium
765 390 776 405 ,
801 370 875 408 quin
901 374 1010 397 mutuae
1031 362 1120 408 subsit

240 415 417 455 proditionis
426 419 543 460 imago,
569 416 656 447 donec
666 414 798 455 Christus
808 425 908 448 rorum
936 421 1059 448 rimator
1086 416 1119 448 &

242 465 372 496 cordium
383 462 699 510 insitorumservorum
718 472 857 498 examine
877 464 955 497 hanc
976 470 1009 498 in
1030 468 1121 500 lucem

239 515 398 555 protulerit
409 538 424 554 ‚.
445 525 503 549 nou
516 516 655 548 videtur.
682 516 784 549 Graeci
811 516 920 558 itaque
945 515 980 548 ὅς
1002 516 1121 561 Bulga-

242 563 292 604 ri,
317 564 634 608 publicaimanifestae
646 566 844 608 expulsionis
854 564 970 607 injuria
994 567 1118 600 afficere

241 613 394 649 nolentes
420 613 606 648 Romanam
641 614 815 650 Ecclesiam
850 616 886 650 ἀ
912 614 968 648 fibi
996 616 1036 650 ab
1063 616 1117 650 illa

237 664 458 699 transmissum
495 665 651 699 Latinum
678 666 813 700 Clerum
840 690 850 706 ,
889 664 1124 700 Grimoaldum·

240 711 439 757 Episcopum
452 712 742 758 Polymartiensem
755 741 764 756 ,
793 716 882 751 Sedis
898 714 1018 752 ibidem
1031 716 1118 759 Apo-

236 762 361 797 stolicae
371 764 534 809 Legatum
548 790 559 805 ,
586 766 625 799 ad
640 766 751 809 sponte
761 766 946 800 exeundum
959 790 969 805 ,
994 767 1029 799 &
1048 777 1117 800 om-

240 823 317 846 nem
330 814 488 848 Latinum
501 815 634 851 Clerum
647 816 753 848 secum
764 815 967 850 educendum
980 816 1114 858 pecunia

236 873 469 906 corruperunt.
496 865 550 899 De
563 863 625 897 hae
635 873 743 897 tamen
766 866 907 908 generali
926 864 1117 905 expulsione

235 912 341 944 ,exstat
359 912 503 946 Adriani
524 911 696 944 Pontificis
721 912 761 947 ad
783 912 1004 948 patriarcham
1023 913 1117 958 lgna-

234 959 321 993 tium
349 960 517 1002 Epistola,
543 960 724 995 lamentans
745 972 858 996 omnes
884 963 1023 999 Latinos
1040 964 1115 1007 Epi-

235 1010 353 1052 scopos
376 1010 571 1046 &Clericus
583 1022 660 1045 cum
681 1013 774 1055 gravi
796 1013 985 1057 ignominia⁴
1007 1014 1042 1047 &
1062 1015 1114 1051 de-

234 1059 373 1099 decore,
398 1072 437 1096 ac
449 1059 687 1097 nonmediocri
703 1072 897 1106 contemptu
919 1061 937 1096 ὲ
958 1062 1114 1108 Bulgaro-

233 1119 305 1142 rum
326 1110 468 1154 regione?
480 1111 645 1152 expulsos.
675 1111 720 1145 Et
742 1111 832 1146 addit
846 1127 856 1145 :
882 1115 976 1156 ,Quod
989 1112 1020 1154 fi
1031 1115 1112 1148 dicas

223 1160 317 1200 *prius
326 1161 346 1192 ιὶ
359 1161 441 1193 nobis
454 1160 786 1203 Constantinopolitanae
799 1162 950 1205 diarces‘eos
964 1164 1112 1203 Presbyte-

232 1220 280 1242 τοι
291 1215 324 1242 in
331 1220 369 1245 ea
380 1206 493 1253 regione
498 1209 664 1254 sacrificare
672 1211 837 1252 prohibitos
848 1237 859 1253 ‚
884 1212 971 1247 baud
995 1213 1110 1255 infidas

230 1264 311 1292 imus
321 1283 329 1290 .
355 1260 612 1298 Erant'Rbotiani
623 1287 633 1303 ,
660 1261 793 1305 illiusque
803 1262 958 1302 Symmistae
968 1287 978 1303 ‚
1003 1264 1108 1305 quibus

228 1308 389 1352 nonsoliim
398 1313 642 1355 imRulgassorum
653 1315 816 1347 Bravincia
827 1337 837 1353 ,
858 1311 918 1358 βᾶ
924 1313 1109 1358 ubiquegen-

227 1363 304 1394 tium
315 1362 495 1398 sacerdotali
503 1372 622 1400 mimate
633 1365 848 1397 interdiximus
861 1387 872 1404 ‚
898 1363 1109 1408 interdkimufi

225 1419 285 1450 que
310 1434 319 1442 -
352 1409 513 1447 palmate:
526 1413 719 1448 Graecorum
743 1413 995 1449 fundamentum
1020 1425 1110 1453 erat,

225 1458 522 1500 quod.Provincias
533 1455 607 1496 istas
617 1462 802 1497 Patriarcha
825 1463 1109 1506 Constantinopo-

227 1507 537 1553 litanusaliquando
560 1510 756 1553 possedisset.
785 1511 907 1545 Fuerat
929 1512 1049 1547 furtiva
1073 1514 1106 1547 ἀ

226 1556 430 1593 latrocinalis
451 1559 597 1602 poffeffio
611 1585 623 1600 ,
649 1559 789 1602 ideoque
813 1561 967 1596 frivolum
990 1563 1104 1595 funda-

225 1618 377 1641 mentum
390 1622 401 1641 .-
428 1608 517 1642 Nam
529 1621 582 1643 eas
593 1609 633 1643 ab
647 1609 884 1653 Apostolorum
899 1619 1044 1653 tempore
1057 1613 1105 1644 us-

226 1668 290 1700 que
297 1656 592 1701 &AEganJeri
603 1657 784 1695 haereticam
795 1659 1003 1705 tyrannidem
1019 1660 1104 1708 ⁴legi-

226 1706 306 1741 time
334 1708 510 1751 poflederat
522 1709 663 1744 Ecclesia
679 1710 832 1744 Romana
846 1735 852 1742 .

273 1755 426 1793 Adriano
447 1760 589 1793 secundo
608 1761 642 1795 in
657 1760 684 1794 A
691 1759 882 1805 postolicam
905 1758 1100 1795 Cathedram

223 1807 366 1842 succeffit
377 1808 517 1852 Ioannes
528 1812 660 1844 octavus
671 1834 684 1850 ‚
710 1811 869 1844 Romanae
884 1811 1027 1844 Ecclefiae
1042 1810 1098 1843 Ar-

219 1855 458 1893 chi-Diaconus
481 1883 492 1898 ‚
519 1860 576 1902 qui
599 1860 700 1894 etiam
722 1872 780 1902 pro
807 1860 920 1893 eadem
944 1859 1096 1902 Bulgaria

220 1904 377 1950 Bafilium
398 1906 587 1950 Augustum
609 1909 834 1943 instantissime
865 1908 1100 1951 expostulavit,

218 1952 410 1989 Patriarchae
418 1955 550 2002 Ignatio
562 1959 942 1991 excommunicationem
958 1958 1096 1992 commi-

217 2013 312 2039 natus
323 2015 360 2037 ac
373 2015 558 2046 perpetuam
581 2007 850 2048 degradationem
866 2033 872 2039 .
899 2006 1015 2041 Varias
1037 2005 1097 2040 hac

217 2054 259 2087 de
270 2053 349 2086 rein
361 2052 427 2097 ejus
438 2053 583 2097 Regesso
604 2052 764 2087 habemus
774 2056 896 2089 litteras
905 2080 912 2086 .
941 2056 1095 2090 Tandem

217 2102 545 2145 Constantinopolim
566 2100 684 2148 legavit
697 2104 837 2138 Paulum
862 2104 1044 2139 Ostiensem
1058 2117 1094 2139 ac
1124 2117 1126 2121 ’

214 2153 406 2197 Eugenium
426 2153 678 2186 Anconitanum
698 2154 898 2198 Episcopos,
925 2153 1094 2196 dequibus

214 2204 385 2246 Stylianus
396 2203 539 2245 Mappa,
566 2202 814 2238 Neo-Caesaraeae
834 2204 875 2238 ad
891 2203 1092 2248 Euphratem

214 2253 395 2295 Episcopus
407 2275 417 2290 ‚
437 2253 472 2285 in
483 2253 598 2286 litteris
609 2252 648 2287 ad
658 2253 857 2296 Stephanum
870 2256 993 2288 sextum
1005 2255 1092 2289 Pori·

213 2302 354 2336 tificem:
382 2303 507 2336 Paulum
528 2305 562 2337 eb·
583 2306 749 2346 Eugenium
772 2304 931 2347 Episcopos
948 2309 1089 2349 Joannes

212 2354 302 2393 Papa
325 2354 369 2385 ad
380 2352 592 2386 patriarcham
604 2357 753 2396 Ignatium
764 2356 802 2387 de
825 2353 913 2396 causa
927 2357 1089 2398 Bulgaricae

214 2404 385 2435 Provinciae
401 2401 545 2444 miserat,
571 2414 641 2444 quos
653 2403 793 2446 defunc‘lo
807 2406 878 2444 jam
888 2408 1004 2448 Ignatio
1014 2404 1088 2437 Pho-

213 2457 274 2485 tius
285 2458 416 2492 excepit,
440 2458 613 2495 partimque
635 2456 718 2487 donis
739 2460 885 2495 corrupit,
906 2462 1022 2495 partim
1033 2460 1086 2488 Re-

204 2506 266 2543 giis
286 2506 377 2534 mi‘nis
396 2501 541 2543 perculsos
564 2504 687 2544 impulit
699 2528 709 2543 ,
729 2511 769 2537 'ut
785 2511 817 2536 in
828 2514 970 2539 conventu
982 2507 1061 2538 cleri
1075 2528 1089 2544 ,A

211 2554 241 2582 Ε
239 2547 419 2593 piscoporum
433 2576 441 2590 ‚
468 2554 501 2585 <⁴³⁸
513 2553 643 2594 universi
644 2555 750 2595 populi
770 2554 942 2593 testarentur
950 2553 982 2597 se
993 2557 1012 2586 ὰ
1027 2558 1086 2587 Pa-

205 2609 251 2641 pa
269 2605 300 2645 J
304 2613 396 2634 oanne
420 2602 569 2635 adversus-
579 2606 727 2645 Ignatium
746 2604 839 2646 mi'ffos
854 2629 865 2644 ,
891 2615 925 2637 ut
935 2608 1088 2647 Ignatium-

209 2650 402 2684 anathemate
403 2651 536 2692 ferirent
547 2677 556 2691 ,
569 2654 602 2685 (5·
617 2652 752 2686 Photium
765 2654 968 2687 Patriarcbam
980 2666 1084 2688 renun-

205 2705 343 2733 ciarent.
372 2701 504 2735 Etenim
519 2703 660 2736 defuncti
674 2704 779 2737 Sancti
794 2704 913 2747 Ignatii
927 2703 1083 2741 thronum

207 2751 333 2792 propria
357 2750 466 2784 statim
487 2754 666 2786 temeritate
688 2753 838 2787 reinvasit
855 2753 1009 2788 Photius:
1039 2754 1081 2789 Et

206 2797 264 2831 ista
279 2799 439 2834 ditiorum
461 2802 659 2845 Legatorum
681 2803 854 2837 seductrice
875 2813 943 2838 arte
954 2806 1082 2847 pacavit

203 2847 239 2880 δε
261 2849 473 2884 circumvenit
498 2852 620 2885 multos
640 2852 745 2886 zelose
772 2852 977 2887 orthodoxos
995 2878 1005 2893 ,
1031 2861 1081 2895 qui

205 2898 369 2940 afferebant
389 2899 471 2932 illum
493 2899 551 2943 «ise
565 2914 621 2934 non
641 2910 785 2943 receptum
806 2908 866 2944 iri,
893 2906 1012 2936 donecaei
1024 2910 1080 2938 Ro·

202 2959 295 2980 mana
309 2949 343 2981 (5·
356 2948 508 2990 apostolica
519 2952 590 2984 Sede
609 2952 674 2994 esset
685 2953 871 2994 confirmatus
884 2978 890 2984 .
918 2954 1076 2987 Eamdem

202 2996 317 3031 Photii
340 3000 523 3042 nequitiam
545 3001 639 3035 refert
663 3003 791 3043 synodi
812 3003 929 3037 nostrae
952 3003 1076 3039 Brevia·
1097 2998 1099 3002 ’

201 3047 300 3087 rium,
312 3048 441 3082 exstans
451 3048 486 3080 in
499 3049 646 3084 editione
660 3051 800 3086 Biniana
815 3066 825 3085 .·
845 3056 1002 3097 Joannes,
1013 3055 1076 3086 cum

205 3098 333 3130 Adriani
351 3097 487 3131 thronum
493 3097 624 3140 successor
643 3103 799 3145 occupaffet
810 3127 819 3142 ,
846 3104 925 3135 idem
935 3103 1075 3136 Pharium

203 3149 364 3181 damnavit
376 3173 385 3188 ‚
414 3149 533 3189 quando
543 3151 710 3192 Eugenium
726 3154 760 3185 <5
770 3154 842 3185 tilios
854 3159 886 3186 in
897 3154 1074 3196 Bulgariam

202 3199 292 3240 missos
311 3206 368 3239 per
379 3197 526 3239 fraudem
545 3204 738 3233 circumvenit
762 3204 797 3235 (9⁶
811 3209 959 3242 corrupit.
987 3207 1073 3235 Nam

195 3249 338 3290 Joannes
348 3256 463 3289 accepto
474 3251 641 3292 Evangelio
653 3250 804 3284 ambonem
812 3251 974 3294 conscendit
984 3276 995 3291 ,
1004 3263 1071 3285 cun-

198 3295 306 3339 fflsque
326 3299 511 3332 audientibus
534 3300 615 3331 dixit
629 3313 640 3332 .·
666 3302 851 3342 ,Quicumque
866 3301 1004 3333 Photium
1015 3314 1070 3335 non

191 3345 269 3384 justo
291 3351 346 3380 Dei
349 3350 460 3390 judicio
483 3350 653 3387 iudicatum
670 3352 791 3390 judicat
805 3374 815 3390 ‚
842 3351 1008 3383 anathema
1013 3351 1068 3392 fit.

198 3393 241 3430 Et
261 3396 348 3431 aliud
369 3398 495 3441 Synodi
515 3399 630 3433 nostrae
652 3397 853 3434 Breviariutn
878 3401 917 3435 ad
945 3413 1068 3446 magna·

1902 154 2000 200 397·

1192 212 1339 246 Ecclefiae
1364 213 1540 258 ingreffum
1562 214 1598 247 'in
1609 218 1735 258 porticu
1754 219 1968 264 descriptum:
1997 223 2074 265 Eia-j

1183 269 1289 306 genius
1312 264 1346 297 (ἔτ
1371 265 1484 297 Paulus
1497 267 1619 297 Romam
1642 268 1750 306 reverfi
1757 272 1909 314 &joanne
1927 272 2014 310 Papa
2026 276 2075 314 in·

1185 314 1305 345 ambone
1312 313 1472 355 publicitus
1479 312 1554 356 sunt
1565 315 1708 347 damnati
1729 317 1762 348 Θ
1772 321 1951 353 exundanti
1961 343 1968 350 .
1996 318 2030 352 N
2033 320 2059 353 i-

1184 360 1363 397 hilominus
1380 365 1467 406 pacis
1476 374 1586 398 amore
1607 363 1648 398 ad
1660 365 1768 401 Bafilii
1780 365 1919 410 Augusti
1941 370 2075 412 impor-⁴

1184 421 1277 446 tunas
1299 424 1406 455 preces
1418 413 1576 449 Photium
1602 414 1636 447 in
1649 414 1899 450 patriarchalem
1918 416 2074 462 dignita-'

1183 472 1248 496 tem
1282 462 1316 496 δε
1343 462 1450 497 sedem
1476 465 1596 507 recepit
1621 465 1755 499 tandem
1791 466 1826 500 &
1851 465 2060 501 confirmavit

1183 512 1269 546 idern
1282 512 1434 547 Pontifex
1446 513 1607 556 ¹loannes,
1632 514 1751 556 adjecta
1765 513 1825 548 hac
1838 515 1923 550 inter
1933 525 2061 551 caeteras

1181 562 1373 597 conditione
1384 576 1406 605 :¹
1420 564 1556 605 Dioecefin
1597 564 1722 602 nostram
1735 566 1927 609 Bulgaricam
1941 563 2061 610 summa
2077 566 2232 608 Epistuw-

1181 612 1265 644 nobis
1286 614 1436 646 celeritate
1456 613 1565 652 restitui
1588 615 1726 648 volumus
1739 638 1750 655 ‚
1777 617 1860 649 &de
1879 624 1982 649 caetero
2001 627 2061 649 om·
2078 619 2215 641 Ἄθω-01·

1179 673 1247 694 nem
1257 663 1472 697 ordinationem
1484 663 1709 704 Ecclest‘asticam
1723 664 1763 697 ab
1775 666 1908 707 Ecclrfiae
1919 665 2059 706 constan-

1179 713 1382 753 tinopolitanae
1398 712 1577 756 l'raesulibur
1592 723 1626 746 m
1637 718 1739 750 eadem
1749 724 1943 757 amputamus
1954 741 1965 756 ‚
1977 715 2055 759 ipsos

1178 770 1276 794 autem
1286 765 1439 798 ordinatos
1448 764 1558 797 ibidem
1567 762 1726 808 Episcopos
1735 789 1746 805 ‚
1774 766 1808 799 (9⁶
1818 777 1914 800 omnes
1926 768 2000 800 alios
2011 774 2058 802 in-

1173 810 1292 848 ferioris
1316 815 1433 846 ordinis
1461 814 1589 850 clericos
1614 838 1626 854 ‚
1652 826 1687 848 ut
1707 817 1780 850 inde?
1799 815 1835 859 se
1850 815 2035 858 subtrahant
2045 844 2057 858 ,

1178 860 1213 892 (ν’
1223 861 1261 893 ab
1272 862 1419 903 invafione
1432 864 1603 907 Bulgaricae
1626 864 1729 905 nostrae
1747 866 1879 908 Dioecefis
1899 870 2016 899 omnino
2023 867 2057 910 se

1147 942 1149 944 ,
1175 909 1356 952 compescant
1367 937 1378 953 ‚
1403 915 1549 949 decertare
1564 922 1704 956 procures
1728 943 1734 950 .
1761 917 1880 960 ,Quibus
1896 915 1927 958 si
1945 924 1978 950 tu
2000 926 2054 949 aut

1177 960 1307 992 Pallium
1320 962 1438 994 dederis
1446 986 1458 1001 ,
1476 973 1530 996 aut
1541 975 1752 1011 quamcumque
1763 968 1826 1002 illic
1836 969 2052 1002 ordinationem

1168 1007 1277 1049 feceris
1286 1033 1297 1050 ,
1325 1012 1379 1047 vel
1388 1014 1478 1045 donec
1488 1014 1571 1049 nobis
1581 1014 1721 1050 obediam
1730 1041 1741 1056 ,
1764 1028 1830 1052 cum
1841 1023 1881 1050 eis
1893 1022 2050 1050 communi-

1175 1065 1293 1092 caveris
1307 1084 1319 1101 ,
1339 1067 1415 1102 part
1424 1067 1717 1099 excommunicatione
1727 1066 1871 1102 teneberis
1894 1077 2030 1100 annexus
2042 1091 2050 1098 .

1175 1108 1219 1142 Et
1231 1107 1318 1144 hisce
1330 1111 1491 1147 mandatis
1500 1113 1564 1145 fuit
1575 1113 1896 1151 omnindobeditum
1909 1138 1920 1153 ‚
1944 1115 1980 1148 &
1991 1127 2056 1148 rut-

1145 1159 1148 1162 ’
1174 1157 1245 1192 sum
1268 1160 1452 1206 Graecorum
1472 1160 1626 1206 Episcopi
1649 1162 1684 1197 δε
1698 1164 1819 1199 Clerici
1839 1166 1881 1200 de
1901 1163 2054 1210 Bulgaria

1173 1208 1261 1252 ejecti
1275 1234 1281 1240 .
1307 1210 1442 1248 Etenim
1464 1210 1585 1246 Basilio
1608 1210 1762 1258 Augusto
1782 1214 1869 1251 idem
1893 1214 2052 1249 Pontifex
2073 1218 2201 1257 Epist-25
2211 1231 2233 1250 1.

1173 1260 1241 1303 agit
1252 1261 1372 1303 gratias
1384 1284 1395 1301 ,
1420 1261 1510 1306 quod
1524 1261 1572 1296 uti
1586 1264 1693 1298 Sansti
1707 1265 1810 1308 Sergii
1822 1265 1856 1299 in
1870 1267 1948 1300 urbe
1959 1265 2052 1300 Con-

1172 1309 1463 1354 stantinopolin-tna
1474 1311 1704 1349 monasterium
1715 1338 1726 1355 ,
1753 1314 1797 1348 ita
1817 1316 1917 1350 etiam
1930 1315 2051 1361 Bulga-

1171 1370 1280 1394 rorum
1300 1360 1452 1398 dioecefin
1491 1362 1638 1400 Ecclesiae
1658 1362 1822 1403 Romanae
1847 1366 2050 1404 restituisset.>

1171 1409 1215 1442 Et
1228 1419 1307 1443 tunc
1316 1410 1435 1448 facium
1446 1412 1492 1447 est
1504 1436 1516 1452 ,
1542 1414 1631 1459 quod
1640 1413 1675 1446 in
1687 1414 1890 1451 damnatoria
1901 1417 2047 1451 Formofi

1169 1457 1355 1492 Portuenlis
1363 1460 1517 1504 Episcopi
1528 1461 1687 1496 sententia
1699 1464 1848 1508 express'it
1860 1464 1947 1499 idem
1960 1466 2049 1501 Pon-

1169 1506 1249 1540 tifex
1261 1507 1403 1551 Joannes
1413 1524 1425 1543 :
1452 1510 1608 1551 Formofiir
1623 1515 1644 1545 ᾱ
1655 1514 1737 1546 nobis
1748 1522 1780 1547 in
1795 1515 1971 1558 Bulgariam
1978 1524 2057 1562 pro-⁵

1162 1555 1312 1599 ficiftendi
1322 1559 1471 1592 licentiam
1482 1584 1493 1600 ,
1514 1562 1633 1594 litteras
1643 1585 1669 1601 ‚,
1682 1565 1716 1596 &
1727 1563 1883 1605 necessaria
1892 1567 2044 1606 adjutoria

1165 1611 1359 1649 impetravit.
1388 1609 1518 1653 Nempe
1541 1611 1682 1645 Latinos
1694 1613 1874 1656 Episcopos
1895 1614 1929 1647 &
1943 1615 2053 1649 Cleri-t

1163 1666 1219 1689 cos
1229 1657 1367 1701 recipere
1377 1662 1508 1697 coactus
1520 1660 1594 1697 Rex
1605 1660 1753 1697 Michael
1772 1661 1923 1699 rehabere
1937 1666 2045 1708 voluit

1133 1733 1135 1735 .
1162 1704 1325 1746 dilerstum
1341 1706 1398 1742 fibi
1409 1711 1623 1746 Formosum.
1651 1709 1779 1747 Verum
1802 1713 1984 1749 &Photius
2008 1716 2043 1749 δε

1132 1782 1135 1789 ,
1162 1755 1299 1790 Bafilius
1321 1757 1493 1802 Augustus
1513 1760 1554 1793 ad
1580 1761 1750 1805 ingenium
1771 1763 1957 1804 redierunt,
1984 1764 2059 1806 eje-.-

1130 1805 1134 1813 “
1161 1806 1283 1846 erisque
1302 1804 1414 1839 denuo
1429 1808 1557 1842 Latinis
1568 1808 1739 1854 Episcopis
1759 1811 1792 1845 &
1809 1811 1944 1846 Clericis
1964 1813 2048 1858 Bul-3.

1160 1851 1283 1896 gatiam
1295 1853 1360 1891 sedi
1373 1854 1751 1900 Constantinopolitanae
1764 1861 1976 1897 immobiliter
1988 1862 2040 1896 ad-

1160 1901 1319 1935 fixerunt.
1350 1905 1398 1937 lta
1409 1908 1526 1942 mansit
1556 1907 1654 1949 usque
1672 1909 1715 1946 ad
1726 1911 1960 1947 Innocentium
1981 1922 2045 1954 ter*

1159 1951 1243 1984 tium
1257 1950 1453 1987 Pontificem
1466 1978 1476 1994 ,
1504 1955 1560 1998 qui
1575 1958 1752 1999 quomodo=
1770 1959 1957 2003 Bulgariam
1970 1963 2041 2006 R0÷

1159 2012 1263 2034 manae
1275 2002 1439 2044 Ecdefiae,
1465 2005 1497 2038 δε
1510 2005 1570 2039 toti
1584 2005 1778 2048 illyricianae
1789 2010 1915 2045 dioecefi
1935 2011 2039 2054 reddi-

1156 2049 1241 2085 derit
1263 2050 1586 2088 Thessalonicensem
1598 2055 1768 2092 Vicat-ium
1783 2083 1794 2098 ‚
1820 2059 1908 2104 large
1928 2056 2046 2096 narrat*

1156 2101 1293 2144 antiqua
1317 2103 1352 2136 δε
1371 2101 1558 2139 authentica
1579 2105 1725 2148 ejusdem
1749 2109 1920 2145 Pontificis
1944 2109 2009 2146 vita
2021 2128 2039 2154 ,-

1149 2149 1316 2192 publicata
1339 2163 1393 2195 per
1418 2154 1626 2191 Franciscum
1653 2157 1871 2204 Bosquettum
1898 2159 2031 2203 Episco-

1153 2210 1230 2242 pum
1244 2202 1546 2244 montispessulani
1558 2230 1565 2238 .
1623 2218 1625 2222 ’

1205 2250 1317 2284 Etiam
1337 2252 1455 2286 Siciliae
1479 2254 1512 2287 &
1535 2255 1635 2290 Italiae
1663 2256 1823 2297 Ecclefias
1845 2284 1855 2300 ,
1883 2259 2044 2303 Ecclesiae..

1153 2298 1313 2335 Romanae
1326 2302 1643 2348 Metropoliticojuri
1656 2307 1721 2341 tine
1738 2309 1848 2344 medio
1861 2308 2008 2353 subjectas
2019 2337 2036 2356 ,.

1152 2349 1307 2384 Romano
1329 2352 1563 2389 patriarchatui
1586 2356 1718 2391 reddere
1738 2359 1843 2394 Graeci
1858 2371 2031 2403 nunquam

1150 2400 1326 2434 voluerunt
1348 2427 1355 2433 .
1382 2403 1566 2450 Qomodo
1592 2407 1822 2451 Syracusanam
1851 2411 2040 2445 Ecclesiam·

1149 2448 1181 2480 in
1197 2449 1545 2497 Archi-Episcopatum
1569 2467 1711 2491 erexerat
1726 2457 1796 2493 Leo
1809 2459 1953 2502 lsauru·s;
1981 2462 2026 2496 ita

1148 2499 1293 2532 Ecclefiae
1311 2500 1532 2542 Hydruntinae
1556 2507 1633 2540 fecit
1644 2507 1852 2549 Nicephorus
1872 2510 2022 2552 phocas,

1146 2547 1233 2591 quod
1255 2549 1291 2582 in
1307 2551 1481 2595 legationis
1506 2555 1565 2588 suae
1585 2554 1716 2591 historia
1742 2558 1853 2593 scribit
1874 2560 1913 2594 ad
1926 2560 2024 2605 Joanf

1146 2609 1220 2631 nem
1242 2599 1406 2635 decimum
1431 2604 1562 2638 tertium
1579 2603 1775 2644 Pontificem
1800 2610 2020 2651 Luitprandus

1145 2648 1321 2691 Episcopus
1344 2650 1588 2688 Cremonensis:
1615 2657 1801 2698 Nicephorus
1824 2659 1938 2699 livore,
1963 2670 2019 2701 quo

1141 2703 1174 2729 in
1186 2709 1239 2730 vos
1251 2699 1400 2742 abundat,
1413 2702 1728 2746 Constantinopolitano
1740 2707 1929 2743 Patriarchae
1934 2717 2018 2750 pree,-

1142 2754 1218 2789 cepit
1231 2773 1241 2789 ,
1267 2759 1302 2782 ut
1314 2753 1535 2790 Hydruntinam
1546 2758 1573 2786 Ε
1577 2755 1699 2795 cclefiam
1707 2765 1741 2789 m
1753 2757 2017 2801 Archi-Episcopm

1142 2806 1190 2830 tus
1205 2797 1338 2834 honorem
1350 2802 1458 2835 dilatet
1469 2827 1480 2843 ,
1508 2814 1558 2837 nec
1563 2811 1723 2846 permittat
1733 2812 1765 2839 in
1777 2810 1883 2850 Apulia
1888 2807 1942 2850 seu
1955 2813 2014 2840 Ca-

1142 2846 1238 2880 labria
1248 2849 1339 2883 latim?
1350 2852 1478 2893 amplius
1490 2877 1500 2893 ‚
1522 2852 1679 2898 sbdgraece‘
1696 2859 1813 2890 Divina
1833 2858 1961 2898 mysteria
1970 2870 2014 2892 ce-,

1138 2897 1263 2931 lebrari.
1292 2900 1406 2942 Scripsit
1419 2903 1517 2944 itaque
1541 2905 1705 2938 Policuc‘lus
1719 2907 2014 2950 constantinopolita-r

1140 2958 1197 2980 nus.
1220 2950 1400 2983 Patriarcha
1420 2952 1614 2997 privilegium
1633 2957 1815 2994 hydruntino
1840 2957 1986 3001 Episcopo
1999 2983 2011 2998 ,

1138 2999 1282 3038 quatenus
1296 2998 1356 3041 sua
1377 3002 1550 3034 achoritate
1562 3003 1669 3037 habeat
1691 3007 1838 3044 licentiam
1849 3006 2008 3051 Episcopo:

1135 3046 1320 3090 consecrandi
1333 3055 1365 3082 in
1378 3053 1560 3092 Aricentila,
1587 3056 1724 3094 Tunica,
1754 3059 1915 3098 Gravlna,
1943 3061 2010 3092 Ma·

1136 3103 1233 3135 ceria,
1258 3101 1407 3138 Tricam,
1432 3106 1483 3142 qui
1493 3103 1537 3134 ad
1543 3102 1781 3145 consecrationem
1793 3110 1914 3143 Domini
1932 3112 2006 3149 Apo«

1129 3144 1219 3186 stolici
1224 3155 1374 3189 pertinere
1386 3151 1529 3184 videntur
1540 3176 1547 3183 .
1575 3153 1700 3188 Omnes
1710 3155 1798 3190 enim
1812 3169 1867 3200 per
1875 3149 2004 3191 Italiam

1136 3198 1233 3238 usque
1244 3197 1284 3231 ad
1296 3199 1498 3235 Ravennatis
1507 3213 1544 3235 ac
1554 3202 1810 3240 Mediolanenfis
1820 3206 2003 3241 Provincia-

1135 3258 1204 3279 rum
1215 3247 1295 3281 fines
1307 3249 1459 3293 Episcopi
1470 3251 1600 3286 fuerunt
1622 3264 1702 3289 tunc
1711 3254 1870 3291 Romana:
1882 3257 2002 3290 Metro·

1137 3297 1247 3339 poleos
1259 3298 1448 3342 suffraganei
1460 3323 1471 3340 ,
1483 3301 1621 3345 ideoque
1630 3303 1649 3338 ὲ
1661 3305 1811 3340 Domino
1821 3305 1906 3348 Papa
1919 3314 1998 3337 tam-⁵

1134 3357 1228 3388 quam
1256 3349 1384 3391 proprio
1410 3350 1625 3394 Metropolim
1657 3364 1748 3389 erant
1771 3351 1997 3389 consecrandi.-

1135 3397 1252 3436 Cumsti
1279 3399 1315 3432 in
1335 3397 1455 3442 Regno
1479 3398 1703 3445 Neapolitano
1730 3401 1997 3445 Archi-Episcopi

1808 3450 1947 3486 habuere
