2340 3762
586 155 892 207 sonorus,
930 166 989 196 ET
1023 149 1217 198 Norrs
1252 146 1632 220 ultus-rizan-
1866 169 1962 208 119

206 243 398 288 abditarum
409 240 540 282 Patres,
565 240 775 284 postmodnm
797 237 971 274 innovavit
993 236 1085 282 Justi-
1154 234 1340 271 adversariis
1349 245 1418 269 non
1429 234 1584 270 custodiri
1599 261 1607 269 .
1625 235 1838 282 Hancigitur
1846 236 2035 274 haereticam

206 296 347 335 nimus,
372 291 551 328 laudatus&
577 290 735 326 Facundo
758 287 986 325 Hermianenfi
1007 287 1086 332 Epi·
1130 238 1149 436 ὶ

205 345 307 390 stopo
316 368 329 386 ,
354 342 534 389 plurimum
543 350 698 391 querente
708 342 727 377 a
740 342 840 378 trium
852 338 1085 386 Capitulorum

1156 286 1391 331 petulantiam,
1416 286 1574 320 acornnis
1594 285 1700 320 fidelis
1713 286 1790 319 laici
1814 287 1968 323 cumillis
1988 297 2034 323 te—

37 321 97 354 L²¹
108 330 132 352 ε’
147 331 172 353 ²⁴
1157 337 1341 374 meritatem
1351 338 1487 382 praesens
1495 337 1594 373 etiam
1605 336 1726 372 Canon
1736 339 1914 381 compescit
1923 363 1932 374 .

567 725 1247 811 CANON
1371 715 1673 809 LXV.

333 946 393 993 Ui
432 945 480 991 in
517 942 756 993 noviluniis
792 939 819 990 a
855 938 1113 1008 quibusdam
1149 954 1253 989 ante
1291 938 1383 989 suas
1421 938 1617 989 officinas
1675 942 1719 988 &
1763 937 1919 988 domos
1963 955 2034 990 ac-

208 946 607 1092 chnduntur
629 1049 642 1072 ,
678 1028 808 1075 rogos
849 1048 863 1072 ‚
910 1010 1035 1080 supra
1073 1029 1187 1078 quos
1224 1012 1359 1061 etiam
1399 1012 1583 1076 antiqua
1619 1008 1811 1077 quadam
1857 1009 2034 1060 consue-

210 1124 213 1126 *
418 1082 569 1134 tudine
606 1082 729 1132 salire
764 1081 914 1150 inepte
950 1099 1001 1131 ac
1042 1080 1207 1131 defilire
1253 1081 1389 1131 solent
1421 1118 1434 1142 ‚
1470 1080 1669 1146 jubemus
1709 1079 1910 1148 deinceps
1948 1079 2037 1129 ces-

206 1153 297 1203 sare
318 1190 331 1202 .
382 1153 590 1223 Qisquis
628 1171 732 1218 ergo
772 1154 860 1202 tale
898 1152 1007 1221 quid
1046 1152 1196 1202 fecerit
1231 1189 1245 1214 ‚
1280 1152 1312 1202 fi
1352 1153 1403 1201 fit
1441 1151 1621 1219 quidem
1662 1151 1865 1200 Clericus
1904 1186 1916 1211 ,
1960 1150 2035 1199 de-

205 1240 395 1292 ponatur
423 1247 437 1286 3
473 1224 534 1275 fin
570 1241 715 1275 autem
750 1224 885 1273 laicus
921 1261 935 1286 ,
971 1222 1211 1286 segregetur
1233 1259 1247 1271 .
1282 1227 1335 1272 In
1371 1238 1530 1290 quarto
1567 1224 1686 1272 enim
1724 1222 1837 1272 libro
1863 1225 2036 1284 Regum

205 1293 415 1362 scriptum
453 1296 513 1344 est
538 1314 550 1344 t
588 1300 644 1345 Et
679 1293 886 1357 aedificavit
921 1291 1117 1358 Manaffis
1153 1292 1275 1340 altare
1310 1292 1491 1359 univerfle
1525 1292 1667 1340 militiae
1712 1292 1793 1340 coelt'
1827 1297 1865 1339 in
1899 1292 2035 1339 duobus

206 1361 316 1412 atriis
350 1365 476 1413 domus
510 1370 583 1413 Dei
619 1402 632 1426 ,
680 1370 738 1410 (9¹
762 1363 866 1427 filios
889 1362 981 1429 fisos
1015 1364 1192 1411 traduxit
1221 1381 1290 1430 per
1325 1368 1445 1429 {gyzem
1478 1401 1491 1425 ,
1528 1361 1766 1428 firtibuffiue
1815 1367 1875 1408 (9⁴
1909 1381 2030 1428 auga-

204 1437 272 1478 riis
293 1468 307 1491 ,
342 1432 585 1500 auspiciisque
620 1433 707 1499 ufiss
740 1432 790 1493 est
814 1467 828 1490 ,
863 1437 922 1476 69*
945 1432 1045 1495 fecit
1080 1431 1327 1495 ventriloquos
1352 1430 1422 1496 fin
1454 1430 1632 1499 pythones
1665 1468 1679 1492 ,
1714 1437 1773 1477 <9¹
1808 1430 2035 1477 divinatores

205 1500 481 1569 'multiplicavit
505 1538 519 1562 ,
553 1507 614 1548 ξφ
652 1499 872 1549 ambulavit
907 1504 945 1548 in
973 1521 1010 1548 eo
1053 1517 1096 1547 ut
1115 1500 1265 1567 faceret
1308 1499 1454 1548 malum
1491 1519 1617 1548 coram
1652 1505 1812 1549 Domino
1836 1537 1850 1561 ,
1887 1517 1930 1548 ut
1954 1520 2035 1553 eum

206 1569 260 1618 ad
296 1576 395 1619 iram
430 1589 657 1642 provocaret
673 1610 687 1622 .

393 1746 419 1788 S
453 1762 480 1789 C
516 1739 547 1789 Ἠ
584 1761 615 1790 0
651 1762 674 1791 L
708 1763 724 1791 Ι
762 1761 793 1791 0
830 1761 885 1790 N·
1151 1742 1228 1776 Ned
1235 1742 1355 1783 fratres
1367 1750 1490 1776 vocant.
1518 1740 1736 1785 Leptinaerat
1762 1741 1842 1775 villa
1866 1740 1971 1785 Regia
1997 1753 2036 1775 ac

1151 1792 1314 1826 Palatium
1334 1793 1368 1825 in
1391 1804 1470 1837 agro
1483 1791 1722 1825 Cameracenfi.
1751 1791 1828 1825 Deo
1854 1792 1941 1832 laus,
1968 1803 2039 1826 om-

1152 1853 1208 1875 nes
1218 1842 1403 1886 paganismi
1416 1842 1560 1885 reliquiae
1570 1842 1633 1884 jam
1648 1841 1774 1884 pridem
1789 1841 1874 1885 apud
1891 1854 1951 1876 nos
1963 1843 2038 1875 sunt

301 1890 375 1926 Uid
389 1890 491 1925 fimile
504 1892 539 1926 in
551 1891 688 1935 Synodo
711 1891 893 1936 Liptinenfi
906 1916 916 1932 ‚
940 1892 998 1927 sub
1009 1891 1082 1935 Pip·
1149 1892 1299 1935 sepultae;
1327 1893 1446 1926 restant
1460 1903 1571 1926 tamen
1585 1893 1618 1924 in
1633 1891 1831 1935 quibusdam
1842 1892 2032 1927 Sanctorum

342 1942 422 1984 pino
444 1942 555 1986 Rege,
591 1943 702 1977 statuit
724 1943 860 1977 Sanstus
873 1942 1080 1983 Bonifacius,
1150 1943 1238 1976 festis
1249 1942 1372 1985 publici
1395 1943 1508 1988 ignes,
1535 1941 1654 1980 saltus,
1681 1942 1889 1985 potationes,
1927 1943 2038 1977 adole-

351 1991 549 2026 Francorum
575 1992 771 2037 Apostolus.
800 1994 927 2034 Populus
951 1995 1082 2026 DeiPa-
1151 1993 1296 2026 scentum
1316 2004 1457 2038 pugnae,
1493 2004 1549 2037 per
1561 1992 1743 2035 Episcopos
1767 1992 1908 2026 omnino
1931 1993 2037 2027 elimi-

199 2044 310 2084 ganias
322 2039 485 2082 nonfaciat
497 2067 508 2081 ,
528 2041 588 2085 sed
597 2054 695 2076 omnes
714 2042 876 2086 spurcitias
895 2045 1079 2086 gentilitatis
1150 2042 1259 2077 nanda
1271 2067 1279 2074 .

204 2089 328 2131 abjiciat
340 2092 374 2123 (9⁶
383 2089 502 2132 respuat
517 2105 524 2125 :
536 2093 647 2126 Etiam
662 2094 725 2126 illos
729 2091 884 2136 sacrilegos
893 2099 976 2136 ignes
987 2117 999 2133 ‚
1010 2104 1078 2135 quos

549 2386 1225 2471 CANON
1340 2383 1686 2471 LXVI.

382 2604 530 2651 Sanffl
566 2602 728 2651 Christi
770 2605 859 2651 Dei
891 2603 1023 2652 nostri
1058 2602 1395 2652 Resurreffionis
1446 2600 1517 2650 die
1552 2599 1685 2667 usque
1722 2600 1779 2650 ad
1828 2619 2030 2652 novam&

373 2671 517 2722 'diem
551 2675 835 2722 Dominicam
885 2688 980 2722 tota
1016 2672 1254 2740 septimana
1290 2689 1443 2722 vacare
1478 2671 1624 2720 fideles
1659 2675 1819 2739 jugiter
1854 2688 2030 2739 oportet

202 2741 386 2794 Psalmis
420 2748 464 2792 &
497 2746 687 2811 Hymnis
713 2781 727 2805 ,
764 2748 808 2792 &
844 2743 1106 2811 spiritalibus
1142 2745 1327 2793 canticis
1363 2746 1409 2793 in
1443 2743 1619 2793 Christo
1654 2742 1891 2806 gaudentes
1915 2779 1928 2802 ‚
1966 2743 2029 2791 fe-

203 2811 399 2882 stumque
434 2813 700 2864 celebrantes
726 2851 739 2875 ,
786 2818 830 2864 &
864 2816 1126 2864 Divinarum
1162 2816 1473 2883 Scripturarum
1509 2814 1685 2862 lectioni
1721 2828 1913 2865 mentem
1951 2812 2028 2861 ad-

202 2880 401 2933 hibentes
424 2921 438 2945 ,
486 2889 529 2934 &
564 2883 714 2934 sancitis
749 2884 969 2953 mysteriis
1017 2883 1203 2952 jucunde
1249 2890 1292 2934 &
1327 2886 1444 2935 laute
1483 2884 1672 2933 fruentes
1700 2920 1713 2930 .
1761 2886 1828 2931 Sic
1865 2885 2027 2931 enirn...

203 2967 302 3000 cum
342 2955 515 3004 Christo
536 2955 822 3005 exaltabimur
845 2993 858 3017 ,
894 2961 937 3006 &
962 2955 1047 3005 una
1076 2955 1365 3019 resurgemus.
1403 2960 1700 3022 Nequaquam
1736 2969 1840 3016 ergo
1865 2953 2020 3021 praedi-

203 3023 282 3071 &is
306 3019 458 3073 diebus
480 3043 690 3093 equorum
716 3024 858 3075 cursus
895 3028 965 3078 vel
988 3025 1169 3095 aliquod
1193 3026 1418 3094 publicum
1459 3026 1536 3075 fiat
1574 3023 1876 3092 spestaculurm

400 3197 427 3242 S
461 3212 489 3242 C
526 3213 555 3242 H
591 3213 623 3242 0
658 3215 680 3243 L
715 3214 732 3245 1
767 3216 800 3246 0
833 3217 865 3247 N
876 3234 890 3247 ,
1144 3197 1268 3233 dofiani
1280 3196 1378 3233 titulo
1390 3197 1431 3231 de
1441 3197 1529 3230 feriis
1538 3194 1579 3230 ad
1591 3194 1752 3230 Albinum
1764 3196 1919 3231 Praetorio
1942 3196 2023 3231 1³1ae-

1144 3250 1262 3283 fet‘hm
1283 3248 1398 3290 scripta
1410 3246 1639 3281 Valentiniani
1652 3272 1663 3288 ‚
1690 3245 1891 3287 Theodosii,
1914 3247 1948 3281 &
1962 3248 2023 3281 Ar-

1143 3299 1225 3332 cadii
1239 3299 1294 3332 lex
1315 3299 1399 3331 inter
1419 3296 1497 3340 juris
1511 3294 1645 3331 dicundi
1668 3298 1760 3331 ferias
1783 3297 1894 3332 statuit
1917 3298 2018 3331 etiam

275 3342 414 3378 Aschale
424 3345 553 3379 Festum
566 3356 620 3389 per
629 3346 704 3379 οᾶο
723 3346 901 3380 continuos
918 3344 987 3380 dies
998 3347 1076 3382 cele·
1144 3349 1263 3381 samVos
1275 3346 1398 3390 Paschae
1407 3348 1472 3380 dies
1484 3371 1495 3388 ,
1521 3353 1571 3389 qui
1578 3346 1694 3391 septem
1707 3348 1939 3390 velpraecea'unt
1965 3358 2018 3378 nu·
2036 3349 2104 3386 Leg-
2120 3360 2146 3379 2.

299 3394 387 3428 brare
398 3395 443 3429 est
454 3397 588 3440 antiqua
602 3396 703 3439 pietas
715 3396 861 3430 Ecclefiae
881 3396 916 3430 &
928 3396 1076 3432 Orienta·
1144 3410 1237 3439 mero,
1263 3396 1480 3441 velfi’quuntur
1490 3423 1498 3429 .
1525 3396 1570 3431 Et
1591 3396 1729 3432 secunda
1751 3399 1772 3432 S
1776 3399 1906 3442 ynodus
1920 3396 2016 3429 Mati·

203 3439 245 3472 lis
263 3443 296 3477 &
308 3444 549 3481 Occidentalis.
576 3446 713 3482 Etenim
734 3446 794 3482 sub
813 3445 948 3482 Codicis
964 3446 1077 3483 Theo-
1145 3448 1322 3483 sconenfis.
1351 3445 1467 3491 Pascha
1477 3447 1604 3488 nostrum
1614 3448 1749 3483 debemus
1762 3459 1861 3482 omnes
1877 3444 2018 3527 fjstffmg
2033 3428 2106 3467 Cap·
2121 3438 2148 3457 ι.

1867 3506 1897 3528 co
1909 3505 1967 3535 ere,
