2340 3762
667 120 736 151 na
770 115 1001 153 ocrAvA
1037 102 1278 147 samono
1313 99 1644 148 Genuam.

245 190 310 229 fuit
322 193 404 238 spes.
430 190 567 229 Etenim
587 189 757 237 quomodo
766 189 913 226 Michael
925 190 998 227 Rex
1017 187 1115 233 capil-

245 243 297 279 los
311 236 392 279 suos*
404 243 522 277 Sancto
535 242 635 279 Petro
657 240 822 287 Apostolo
843 252 899 284 per
910 239 1118 284 Apostolico-

239 303 316 329 rum
326 291 526 336 Legatorum
543 303 659 329 manus
680 303 790 328 coram
811 291 934 328 cunetis
945 291 1055 334 Regni
1069 289 1116 323 sui

241 342 468 386 Optimatibus
489 342 668 384 obtulerit,
692 341 727 378 id
749 342 793 378 est
812 366 824 382 ,
850 340 960 385 Regni
982 340 1031 374 sui
1055 340 1117 374 Ec-

239 392 351 429 clefias
361 391 734 437 Constantinopolitano
755 391 927 429 subtractas
948 390 1115 434 subjecerit

239 441 433 487 perpetuum
453 441 689 480 patriarchatui
700 442 876 483 Romano,
903 440 994 484 supra
1020 438 1115 478 nobis

241 491 330 527 dixit
340 490 526 531 Anastafius
537 492 720 531 Cardinalis
729 518 736 530 ,
764 492 870 529 Addit
882 490 1116 534 Metrophanes

242 543 460 587 Metropolita
480 544 706 587 Smyrnenfis:
733 542 859 576 Pbotius
884 566 895 583 ,
921 543 985 577 cum
1006 541 1116 578 intelle·

242 594 328 636 xiffet
341 597 469 637 Legatos
483 594 635 638 Pontificis
646 598 773 627 Romani
784 598 816 626 in
827 594 1004 638 Bulgariam
1013 591 1116 635 truffas,

242 642 498 685 Confirmationem
517 646 581 686 ejus
590 644 750 687 reprobaffe
760 667 771 684 ,
796 642 949 685 omnesque
960 643 1117 686 BulgarIae

244 695 401 735 Principes
421 695 613 735 &subjectos
635 692 804 737 chrismate
827 693 932 728 iterum
954 691 1094 735 inunxiffe
1106 715 1116 731 ,

241 743 307 778 rum
327 746 397 781 vero
417 745 499 780 velut
509 745 588 785 cestro
607 750 739 786 percitus
751 745 966 779 OEcumenicam
975 742 1116 779 synodum

240 792 404 834 confinxit,
430 793 520 828 Etin
533 794 649 829 litteris
671 795 712 830 ad
724 794 878 830 Sanstum
899 789 1117 827 Patriarchatn

238 842 430 886 ignatium,
439 844 638 881 exstantibus
650 844 722 888 post
735 846 920 889 praesentem
932 841 1118 884 synodum,

240 891 400 929 Pontifex
412 891 577 930 Adrianus
587 894 760 928 secundus,
787 890 997 935 ,Quodfidicas
1006 890 1026 925 ἂ
1036 889 1118 923 nobis

241 940 573 982 Constantinopolitanae
595 940 743 987 dioecefios
767 941 951 979 Presbyteros
964 945 995 973 in
1007 940 1119 983 Bulga-

240 996 290 1025 ria
296 988 465 1033 sacrificare
471 991 635 1032 prohibitos
646 1014 658 1032 ,
669 991 754 1029 baud
764 991 879 1034 inficias
893 995 971 1024 imus
980 1015 987 1022 .
1014 993 1118 1023 Erant

241 1039 384 1076 Phariam·
398 1064 410 1081 ,
433 1040 567 1088 illiusque
586 1042 741 1082 symmistae
754 1066 765 1082 ‚
790 1042 895 1085 quibus
918 1052 976 1076 non
980 1038 1075 1083 stilum
1086 1045 1119 1075 in

240 1090 437 1134 Balgarorum
446 1096 603 1133 provincia
614 1116 625 1132 ‚
648 1090 706 1136 sed
712 1092 820 1134 ubique
836 1097 971 1136 gentium
981 1092 1117 1126 sacerdo-

239 1136 438 1175 talt‘munere
459 1142 673 1178 interdiximus
698 1140 956 1185 interdicimusque
981 1165 989 1174 .
1012 1139 1118 1186 Regia

238 1190 361 1234 pietate
381 1191 456 1228 usus
476 1191 635 1230 Nicolaus
655 1191 742 1235 Papa
757 1202 873 1231 omnes
883 1189 1061 1229 Armenios
1083 1189 1117 1224 &

239 1239 372 1273 Graecos
392 1263 403 1280 ,
429 1241 464 1275 δε
484 1241 627 1276 advenas
649 1242 685 1277 &
704 1242 877 1292 indigenas
898 1266 910 1284 ,
936 1241 1119 1285 Episcopos

239 1288 274 1323 ὅ(
287 1289 446 1332 clericos,
476 1290 630 1337 Balgatia
642 1292 758 1336 ejecit,
785 1293 886 1335 ipsam
908 1291 1043 1336 replevit
1057 1292 1118 1325 La-

238 1340 319 1373 tinis
337 1337 553 1382 hominibus
580 1351 678 1385 atque
697 1341 742 1379 ita
756 1338 951 1382 aPhotiana
972 1340 1117 1386 nequitia

237 1393 452 1435 expurgatam
463 1390 605 1426 reddidit
616 1391 852 1427 patriarchatui
864 1392 1022 1429 Romano
1033 1416 1040 1425 .

288 1440 404 1477 Latius
412 1439 481 1477 haec
492 1441 527 1474 in
537 1440 645 1475 Sancti
656 1443 692 1475 N
694 1441 793 1475 icolai
814 1442 881 1478 vita
901 1443 999 1477 refert
1009 1439 1117 1475 lauda-

237 1496 292 1523 tus
303 1489 510 1525 Anastafius.
536 1491 735 1536 ,Bulgarorum
753 1493 818 1525 Rex
829 1497 919 1524 tanta
934 1490 1006 1533 fidei
1027 1495 1116 1531 coepit

233 1538 365 1582 flagrare
377 1538 563 1581 constantia,
588 1546 622 1574 ut
641 1552 742 1574 omnes
768 1542 789 1573 ἃ
809 1544 909 1584 Regno
930 1537 983 1583 suo
1002 1539 1116 1582 pellens

237 1588 423 1632 alienigenas
450 1612 462 1629 ,
503 1589 722 1631 Apostolicorum
753 1589 931 1633 solummodo
967 1590 1116 1632 Mtffitrum

233 1638 448 1680 praedicatione
464 1636 534 1682 usus
559 1662 573 1679 ,
591 1637 712 1684 pascuis
735 1644 812 1673 vite
833 1649 956 1675 aeternae
974 1661 985 1678 ,
1001 1640 1116 1682 jugiter

237 1685 316 1728 refici
334 1711 345 1728 ‚
370 1695 472 1730 nempe
496 1689 679 1728 decreverit,
704 1700 852 1733 unumque
877 1701 915 1723 eu
942 1688 1013 1730 bis,
1040 1691 1115 1722 For-

237 1733 348 1778 mosum
361 1741 430 1771 vita
447 1738 617 1772 &moribus
637 1738 815 1783 Epist-opum
827 1764 839 1780 ‚
859 1739 916 1781 fibi
938 1740 1007 1773 dari
1017 1738 1116 1775 Archi,

235 1784 415 1829 Episcopum
425 1793 583 1830 expetierit
596 1814 603 1821 .
630 1791 713 1822 Tunc
734 1795 808 1833 item
818 1793 945 1834 Legatos
965 1788 1034 1832 ficos
1059 1792 1116 1821 Ro-

232 1845 317 1870 mam
326 1836 440 1872 direxit
450 1861 463 1877 ,
488 1839 632 1874 inter-alia
644 1838 798 1880 beatiffimo
811 1842 908 1881 Papae
929 1839 1008 1871 idem
1014 1836 1113 1880 suggge-

232 1893 303 1919 “m
315 1907 327 1926 ›
353 1885 392 1920 ab
402 1887 467 1930 ejus
478 1887 644 1922 sanilam
650 1896 707 1930 pro
719 1888 906 1930 instruHione
921 1892 1022 1931 gentis
1033 1887 1114 1919 illius

232 1934 421 1976 Presbyteros
434 1935 611 1981 postulavit.
641 1936 710 1983 Ipse
720 1940 792 1973 vero
821 1938 932 1973 talibus
945 1939 1033 1979 Papa
1043 1947 1115 1973 com-

228 1989 327 2026 pertis
345 1986 438 2021 valde*
454 1987 582 2030 gavisus
598 1984 655 2027 est,
681 1987 861 2031 &infinitas
875 1989 935 2021 Deo
955 1987 1060 2021 laudes
1072 1997 1116 2020 re-

228 2035 372 2077 pandens
383 2057 396 2074 ‚
420 2045 479 2069 non
486 2042 576 2076 pauci
598 2042 713 2070 numeri
731 2048 828 2071 coram
835 2036 866 2082 se
871 2037 1017 2079 probavit
1030 2034 1115 2078 Pres-

231 2081 343 2121 hyteros
354 2105 366 2124 ‚
390 2084 426 2119 (tt
437 2094 506 2128 quos
517 2085 621 2127 dignos
631 2091 740 2126 reperit
755 2087 982 2127 pradicationis
989 2090 1093 2129 gratia
1103 2110 1114 2125 ‚

231 2133 463 2175 tn-Bulgariam
485 2134 620 2174 direxit,
645 2144 709 2168 cum
733 2134 842 2176 quibus
854 2138 1039 2169 Dominicum
1050 2137 1114 2167 Tri-

233 2180 356 2226 vensem
382 2184 415 2218 ὁ*
441 2184 644 2218 Grimoaidum
670 2183 930 2227 Polymartiensem
955 2182 1113 2226 Epist-opos

232 2230 393 2272 destinavit
402 2257 415 2273 ,
439 2241 471 2266 ut
484 2238 554 2275 quia
561 2231 657 2277 ipsum
670 2233 843 2277 Formosum
848 2233 966 2276 plebem
977 2234 1106 2268 dimitte-

231 2291 265 2317 re
277 2279 335 2321 fibi
353 2283 500 2317 creditam
521 2294 579 2317 non
600 2282 747 2324 oportebat
767 2282 943 2327 Episcopum
970 2307 982 2325 ‚
1007 2295 1044 2319 ex
1065 2283 1112 2319 bis

233 2330 419 2371 presbyteris
441 2333 485 2367 ad
502 2331 814 2377 Archi-Episcopatum
825 2358 836 2375 ,
862 2340 914 2376 qui
934 2331 1043 2378 dignus
1065 2339 1111 2368 iu-

231 2385 404 2422 venirttur,
430 2386 463 2414 in
475 2388 590 2417 nomine
605 2386 724 2416 Domini
734 2385 857 2418 tandem
869 2384 1027 2429 eligeretur
1037 2407 1048 2424 ‚
1075 2386 1109 2418 <9

231 2431 301 2464 Seda·
312 2430 475 2480 Apostolicae
484 2432 693 2476 consecrandus
705 2438 885 2468 mitteretur.
914 2433 1021 2475 Ejecit
1035 2434 1110 2468 Rex

230 2489 301 2514 non
322 2480 531 2517 solummodo
553 2481 720 2519 haereticos
741 2493 797 2518 aut
821 2482 1005 2519 Photianos
1019 2507 1030 2523 ,
1057 2482 1110 2518 sed

229 2527 360 2572 penitus
379 2541 493 2565 omnes
512 2555 522 2570 ,
552 2532 651 2567 etiam
672 2533 691 2568 ὲ
711 2534 830 2571 SanCto
852 2532 1034 2570 Methodio
1053 2544 1110 2569 aut

229 2579 365 2623 Ignatio
385 2579 596 2623 patriarchis,
625 2584 680 2618 seu
701 2584 769 2618 alio
783 2583 900 2628 quovis
917 2582 1108 2619 orthodoxo

229 2627 396 2673 Episcopo
409 2628 577 2667 ordinatos
589 2656 601 2672 ,
627 2632 808 2677 Episcopos
817 2635 850 2668 δε
864 2634 1012 2669 Clericos
1023 2633 1109 2667 Grae-

228 2688 309 2719 cos,
334 2679 450 2715 nolens
469 2691 631 2716 remanere
653 2684 703 2717 vel
716 2695 818 2718 unum
832 2706 844 2722 ,
868 2683 926 2726 qui
937 2683 1107 2718 reclamare

228 2728 332 2772 posset
343 2729 385 2764 ad
399 2729 529 2765 Graecos
539 2732 620 2767 ritus
630 2742 688 2767 aut
701 2734 1106 2778 Constantinopolitanum

228 2777 512 2821 Patriarchatum‚
539 2791 637 2826 atque
655 2782 699 2817 ita
713 2783 904 2819 resuscitatis
923 2783 1107 2828 quaestioni-

232 2825 294 2861 bus
306 2828 521 2873 Neophytum
542 2833 701 2875 populum
723 2834 919 2877 inquietare.
946 2833 1105 2878 Expulso-

231 2887 305 2911 rum
317 2888 401 2912 unus
414 2879 477 2916 fuit
489 2882 588 2916 etiam
598 2882 739 2918 famosus
758 2883 815 2919 ille
828 2884 929 2928 pistor
949 2884 982 2920 ὃς
994 2895 1103 2919 mona-

229 2924 312 2961 chus
332 2927 464 2964 Sanctus
486 2930 680 2967 Methodius
691 2958 702 2975 ‚
727 2934 871 2978 quicum
891 2933 1018 2980 collega
1029 2935 1104 2968 San-

228 2976 282 3010 sto
303 2975 435 3018 Cyrillo
460 2981 625 3017 monacho
645 3007 656 3024 ,
681 2995 750 3018 non
778 2984 1102 3027 Constantinopolim

227 3026 271 3062 ad
294 3026 454 3062 Photium
464 3029 581 3070 rediit,
605 3033 660 3067 sed
681 3033 762 3068 abiit
783 3033 931 3070 Moravis
952 3032 1103 3068 &Bohe-

55 3094 156 3135 Joann.
185 3096 212 3125 g.
227 3077 292 3113 mlS
310 3075 418 3112 adhuc
428 3079 607 3124 gentilibus
628 3083 874 3125 praedIcaturus,
898 3084 1008 3128 estque
1020 3083 1103 3128 post-

55 3133 213 3174 Epist-¹94·
227 3127 367 3163 modum
389 3128 506 3163 Romae
533 3130 574 3164 ab
595 3129 746 3169 Adriano
771 3134 914 3169 secundo
939 3133 1102 3169 Pontifice

226 3187 342 3262 {orum
353 3176 532 3223 Apostolus
541 3181 575 3215 ἀ
586 3181 708 3226 primus
721 3182 1015 3229 Archi-Episcopus
1025 3195 1102 3219 con-

242 3237 387 3262 ceratus.

276 3276 379 3311 Porro
395 3280 587 3315 Formosum
608 3280 817 3317 portuensem
835 3283 1032 3327 Episcopum
1044 3295 1102 3318 no-

227 3324 288 3361 luit
310 3328 471 3364 Nicolaus
492 3329 649 3366 Pontifex
663 3332 714 3366 vel
735 3332 775 3366 ad
791 3333 911 3377 Regias
935 3344 1042 3376 preces
1053 3334 1102 3368 in·

225 3376 392 3417 cardinare
414 3379 451 3415 in
472 3380 629 3426 Bulgariae
649 3382 886 3427 Metropolim,
913 3381 1001 3428 quod
1026 3384 1102 3429 Epi·

1891 123 1982 170 333

1183 189 1352 230 scoporum
1371 186 1597 222 translationes
1617 188 1682 225 hnc
1702 194 1802 235 usque
1813 194 1966 230 Romana
1985 197 2050 230 Ec-

1183 239 1276 273 clefia
1296 238 1477 283 ignoraret.
1505 237 1703 275 Hincillum
1724 245 1863 278 extraxit
1875 243 2051 288 Bulgaria,

1183 289 1301 322 &cum
1323 287 1506 323 Dominico
1514 286 1667 326 Trivenfi
1682 287 1844 335 Episcopo
1864 293 1907 330 ad
1915 293 2050 330 Photia'-

1183 349 1262 372 num
1285 335 1423 373 schisma
1443 335 1555 373 denuo
1564 337 1758 377 tentandum
1769 339 2053 387 ,Constantinopo-

1183 388 1241 422 lim
1253 386 1432 433 ablegavit.
1460 386 1588 432 Nempe
1597 399 1639 427 ,ex
1655 389 1742 425 tunc
1750 388 1861 426 olebat
1878 392 2053 427 Formosus

1182 438 1399 482 suspicionem
1423 437 1515 477 istius
1538 438 1711 479 criminis,
1735 440 1772 474 in
1795 439 1886 483 quod
1913 443 2055 483 postmo-

1180 489 1259 523 dum
1291 486 1378 526 hanc
1404 489 1597 526 sententiam
1629 489 1706 524 tulit
1731 488 1889 525 Pontifex
1916 490 2055 533 Ioannes
2073 499 2156 536 Apud
2178 501 2229 533 sir.

1180 541 1310 578 ostavus
1323 564 1330 571 .
1357 536 1528 581 Formosum
1544 538 1732 583 Portuensem
1745 537 1923 583 Epiftopum
1936 564 1947 580 ‚
1971 547 2023 583 qui
2036 542 2056 576 ,ἂ
2073 539 2167 586 (pond.

1180 589 1275 626 beatae
1286 594 1433 625 memoriae
1443 591 1557 623 Domno
1569 590 1735 632 Praedecess
1730 601 1776 623 ore
1788 589 1880 629 nostro
1892 592 1980 632 Papa
1991 595 2052 627 Ni·
2075 577 2191 617 ¹²P¹st·⁷·

1179 641 1256 672 colao
1278 644 1310 673 in
1322 639 1521 683 Bulgarorum
1537 644 1673 681 patriam
1693 638 1877 681 destinatus,
1903 644 2056 678 noviterin

1180 688 1293 730 Christo
1313 695 1472 733 regenerati
1490 692 1579 733 Regis
1603 693 1721 723 animos
1745 689 2055 731 adeosscalliditatibus

1194 745 1240 772 uis
1264 743 1414 780 vitiavit,
1440 748 1474 772 ut
1496 739 1676 777 terribilibus
1696 741 1894 777 Sacramentis
1917 751 1981 774 eum
2000 740 2057 781 fibi

1181 788 1357 831 obstrinxiffe
1376 788 1497 829 testatus
1503 788 1543 830 fit
1553 812 1565 829 ‚
1590 789 1667 833 nese
1677 795 1752 824 vivo
1760 789 1918 832 quemlibet
1937 788 2056 833 Episco-

1178 845 1252 879 pum
1262 840 1282 871 ἃ
1292 840 1367 872 sede
1381 838 1539 880 apostolica
1559 837 1725 883 suscepiffet
1734 864 1746 881 ,
1769 837 1859 883 seque
1868 841 1960 873 eidem
1972 846 2060 873 terri-

1181 887 1287 920 bilibus
1296 887 1485 926 nibilominus
1504 891 1703 924 ¹sacramentis
1716 914 1728 932 ,
1752 886 1787 924 ut
1798 886 1843 923 od
1850 900 1915 924 eum
1938 898 2061 932 quanto·

1180 939 1242 976 cyos
1261 944 1374 972 reverti
1395 938 1550 983 debutffet,
1573 938 1984 985 obstriHumfuss‘eprofeffits
1999 938 2060 981 fit,

1181 993 1288 1030 quique
1298 989 1319 1020 ἃ
1330 986 1412 1025 nobis
1422 989 1624 1032 proficiscendi
1633 991 1700 1027 illuc
1710 992 1863 1030 licentiam
1874 1014 1886 1030 ‚
1910 991 2032 1023 litteras
2047 1013 2063 1034 ι

1182 1040 1215 1076 i&
1225 1038 1379 1081 neceffaria
1390 1039 1543 1084 atljutoria
1565 1044 1744 1081 impetravit
1757 1062 1769 1078 ‚
1793 1046 1872 1073 omni
1883 1037 2062 1080 Ecclefiastir

1179 1099 1215 1121 ca
1223 1093 1418 1122 communione
1425 1094 1587 1131 privatum
1608 1088 1660 1132 effe
1671 1089 1851 1125 decernimus
1864 1112 1871 1120 .
1897 1089 1961 1121 Hae
1973 1088 2060 1121 clan-

1181 1137 1310 1172 destinae
1320 1138 1466 1172 Formofi
1490 1148 1567 1172 cum
1585 1138 1679 1182 Rege
1699 1136 1943 1181 conjurationes
1963 1136 2064 1179 impo-

1181 1188 1288 1223 divere
1298 1188 1459 1231 optimum
1470 1187 1668 1226 Pontificem
1690 1186 1871 1226 Nicolaum
1886 1211 1898 1228 ‚
1923 1197 1991 1231 quo
2002 1186 2063 1220 mi-

1181 1236 1243 1272 nus
1255 1241 1397 1283 potuerit
1408 1238 1558 1283 Bulgaris
1583 1249 1689 1273 creare
1700 1237 1841 1277 Latinos
1858 1236 2040 1280 Episcopos
2050 1259 2062 1277 ,

1186 1298 1283 1333 atque
1304 1288 1351 1323 ita
1363 1288 1520 1333 Regnum
1531 1289 1689 1325 Romano
1707 1283 1943 1327 Patriarchatui
1961 1285 2062 1320 firmi-

1186 1349 1234 1380 ter
1247 1338 1441 1377 readunare2

1352 1522 1698 1575 CAPUT
1778 1526 1890 1573 IV.

1180 1659 1398 1725 Exponitur
1411 1653 1539 1703 Photii
1548 1656 1667 1705 rabies
1677 1658 1715 1705 in
1726 1660 1758 1702 S
1757 1654 1909 1704 anb't'um
1931 1661 2062 1706 Ponti-

1239 1725 1356 1791 ficem
1369 1725 1617 1791 Nicolaum,
1645 1744 1851 1790 omnemque
1874 1731 1994 1773 Lati-

1329 1813 1420 1845 nam
1446 1794 1653 1857 Ecclqfiam
1664 1832 1677 1855 ,
1695 1792 1904 1862 praefirtim

1505 1868 1736 1921 Romanam,

1251 2031 1412 2077 Ulgarica
1425 2030 1491 2066 haec
1501 2032 1641 2068 mutatio
1655 2032 1785 2078 peffime
1797 2031 1912 2070 habuit
1923 2035 1957 2070 &
1969 2035 2057 2073 Pho·-
2097 2044 2101 2055 ¹

1274 2083 1358 2116 tium
1379 2081 1626 2120 &Michaelem
1644 2084 1830 2129 Augustum
1845 2109 1856 2125 ,
1881 2084 1922 2119 de
1935 2087 2054 2130 quibus

1176 2132 1211 2166 in
1226 2131 1355 2175 Synodi
1367 2133 1526 2176 praesentis
1546 2134 1732 2178 praefatione
1745 2133 1933 2170 Anastafius
1943 2136 2055 2171 Cardi-

1175 2181 1278 2215 nalis:
1306 2185 1387 2226 ,Quae
1408 2186 1508 2217 Graeci
1529 2185 1567 2219 de
1578 2185 1628 2218 die
1646 2190 1680 2218 in
1703 2186 1783 2218 diem
1802 2186 1957 2220 audientes
1975 2192 2056 2220 invi-

1174 2232 1247 2264 dent
1258 2255 1270 2271 ‚
1294 2233 1328 2266 &
1340 2242 1435 2266 tantae
1442 2235 1547 2275 gloriae
1562 2236 1670 2275 avidi,
1694 2244 1727 2268 ut
1740 2237 1937 2279 Bulgarorum
1948 2239 2055 2280 Regem

1169 2281 1272 2326 poffint
1294 2283 1315 2314 ὰ
1335 2284 1472 2316 Romana
1490 2281 1562 2326 sede
1578 2293 1735 2323 avertere,
1760 2283 1878 2328 diversa
1899 2291 2054 2328 requirunt

1174 2336 1294 2375 ingenia
1312 2356 1323 2372 ,
1347 2343 1467 2369 munera,
1487 2333 1552 2377 post
1576 2346 1701 2367 munera
1717 2330 2030 2377 pretiosa‘mittentes
2042 2360 2054 2378 ,

1173 2382 1207 2414 eb·
1222 2379 1377 2423 sophistica
1396 2388 1425 2419 ei
1448 2393 1627 2427 argumenta
1647 2385 1816 2421 creberrime
1837 2394 2046 2427 proponentes.

1172 2432 1275 2466 Atille
1288 2439 1321 2464 ut
1330 2432 1462 2465 columna
1483 2432 1589 2480 manfit
1598 2434 1778 2472 immobilis.
1810 2434 1904 2472 Vidit
1925 2435 2053 2480 insuper

1173 2479 1312 2515 Photius
1332 2482 1364 2517 se
1377 2493 1452 2517 cum
1478 2484 1645 2529 Gregorio
1657 2485 1860 2528 Syracusano
1877 2486 1911 2519 ὃς
1924 2485 2053 2529 reliquis

1173 2530 1236 2564 suis
1257 2531 1379 2566 asseclis
1398 2532 1592 2568 damnatum
1611 2534 1629 2569 ὲ
1653 2534 1798 2570 Nicolao
1819 2534 1983 2571 Pontifice
2016 2536 2051 2571 &

1170 2581 1264 2614 omni
1284 2581 1402 2616 Latina
1415 2581 1647 2620 Christanitate
1661 2610 1672 2626 ,
1698 2584 1840 2619 clausam
1862 2597 1900 2619 ac
1921 2585 2051 2620 interdi-

1169 2631 1251 2664 stam
1263 2630 1381 2666 Sanciae
1393 2632 1523 2676 Sophiae
1544 2635 1722 2671 Ecclesiam
1734 2659 1745 2675 ,
1772 2634 1925 2679 dignitati
1947 2635 1979 2668 &
1990 2633 2049 2668 ho-

1169 2681 1242 2716 nori
1261 2681 1442 2718 restitutum
1463 2685 1616 2719 Sanctum
1641 2684 1830 2729 Iguuium,
1859 2684 2048 2719 Constanti-

1168 2731 1398 2774 nopolitanum
1411 2733 1568 2776 populum
1581 2735 1614 2768 δε
1627 2744 1742 2769 omnes
1755 2733 1902 2770 Orientis
1910 2732 2048 2768 Patriat-

1167 2779 1276 2816 chales
1299 2781 1385 2816 sedes
1404 2781 1562 2818 adhaerere
1585 2784 1770 2827 Romanis,
1796 2784 1826 2818 se
1839 2783 1950 2828 paffim
1974 2794 2046 2827 pro-

1166 2829 1298 2865 clamari
1312 2831 1530 2867 Anti-Christi
1545 2835 1769 2878 praecursorem
1779 2844 1818 2867 ac
1828 2832 1933 2876 ipsum
1948 2831 2046 2867 Anti-

1166 2879 1331 2916 Christum
1345 2895 1356 2917 .·
1383 2881 1476 2920 Hinc
1497 2883 1531 2918 in
1544 2884 1686 2917 furorem
1708 2884 1795 2918 aetus
1812 2882 1910 2916 finxit
1932 2882 2046 2928 imagi·

1166 2931 1292 2966 nariam
1312 2932 1483 2975 Synodum
1494 2957 1506 2975 ,
1531 2934 1566 2968 in
1577 2933 1726 2967 sanetum
1739 2932 1918 2967 Nicolaum
1930 2931 2043 2967 Ponti-

1165 2981 1259 3015 ficem
1271 2981 1399 3018 latravit
1413 2982 1621 3026 depositionis
1641 2993 1680 3017 ac
1693 2982 2043 3018 excommunicationis

1163 3031 1348 3067 convitium
1361 3056 1372 3075 ‚
1397 3033 1430 3068 δε
1443 3032 1532 3067 illam
1547 3031 1604 3066 sub
1627 3032 1694 3068 sole
1706 3030 1769 3067 huc
1786 3032 1886 3078 'usque
1909 3042 1977 3067 non
1989 3044 2042 3073 au-

1162 3079 1267 3116 ditam
1287 3081 1485 3125 excogitavit
1511 3082 1740 3125 iniquitatem,
1763 3082 1806 3119 de
1820 3079 1883 3127 qua
1911 3083 2041 3126 Episco-

1165 3141 1279 3173 porum
1302 3130 1343 3166 ab
1353 3131 1422 3176 ejus
1433 3131 1600 3167 maledicta
1622 3142 1712 3175 parte
1722 3133 1762 3168 ad
1783 3143 1918 3171 matrem
1932 3132 2041 3167 Eccle-

1163 3181 1238 3215 fiam
1249 3191 1323 3215 cum
1333 3181 1526 3225 poenitentia
1545 3182 1750 3220 redeuntium
1768 3182 1914 3222 libellus,
1928 3182 2038 3218 ‘lectus

1164 3232 1198 3265 in
1223 3230 1362 3266 secunda
1385 3232 1544 3273 praesentis
1568 3232 1867 3277 SynodiAstione:
1895 3233 2037 3267 omnibus

1163 3279 1362 3324 consentaneis
1377 3278 1444 3325 suis
1462 3283 1515 3316 vel
1523 3287 1573 3324 qui
1580 3280 1636 3329 sub
1649 3281 1710 3326 ipso
1731 3294 1846 3321 eramus
1863 3281 1976 3327 suasit,
2002 3288 2038 3318 ue

1164 3329 1365 3373 chyrographis
1378 3331 1561 3365 terribilibus
1569 3331 1780 3375 profiterentur
1789 3344 1853 3367 eum
1870 3332 1904 3376 se
1917 3331 2036 3365 babitu-

1162 3393 1210 3414 ros
1240 3379 1449 3415 Patriarcham
1471 3381 1718 3419 Patriarcbarum
1736 3381 1922 3427 &summum
1934 3381 2036 3463 ὗαεεντ

1957 3439 1982 3463 o-
