2340 3762
810 129 876 159 De
910 111 1157 158 smono
1205 107 1561 157 TRULLANA.

270 200 313 238 nd
325 201 405 235 alios
415 208 478 235 tres
490 201 678 235 Graeeorum
691 196 894 234 patriarchas
907 221 917 237 ,
930 197 1016 230 leffis
1029 208 1066 230 ac
1079 206 1152 239 pro·

271 248 355 286 bnis
364 250 399 283 in
410 250 522 285 eadem
534 251 669 295 septima
681 249 832 292 Synodo.
860 247 977 281 sanelae
994 245 1093 290 sextae
1105 247 1154 285 55-

267 300 340 334 node
351 311 417 333 cum
427 301 561 334 omnibus
572 299 753 345 dogmatibus
766 325 776 341 ,
800 309 866 342 quae
876 299 1007 341 legaliter
1019 309 1053 330 ac
1065 299 1153 330 Divi-

268 350 353 383 nmis
364 350 403 382 ab
424 363 460 384 ea
466 350 655 395 promulgata
661 350 735 392 sunt
747 376 756 391 ‚
782 355 872 383 etlam
894 349 1079 390 depromptos
1092 350 1152 379 Ca*

269 403 362 433 nones
378 408 501 443 recipio.
527 401 734 434 Nominatirn
748 401 814 443 jam
831 398 953 432 dietum
976 399 1015 431 de
1027 398 1150 441 pielura

269 448 364 494 Agni
386 475 394 483 .
423 452 469 485 Et
487 452 564 494 quia
592 451 777 485 Cardinalis
798 447 973 482 Humberti
1004 458 1151 491 tempore

268 509 327 533 eos
346 499 480 544 probare
499 502 534 535 &
548 502 668 536 servare
689 499 854 535 recusabat
875 499 1029 532 Romana
1042 497 1149 532 Eccle-

268 548 313 583 fia
325 574 336 591 ,
364 550 529 585 habebant
539 550 642 585 Graeci
655 550 849 585 schismatici
862 559 921 582 nos
934 549 1073 582 Latinos
1092 558 1150 590 pro

268 599 449 634 Canonum
459 600 477 633 ὲ
487 602 631 646 generali
644 601 779 644 Synodo
790 600 954 634 editorum
968 623 978 639 ,
1004 599 1036 632 ὃς
1047 598 1065 631 ὲ
1079 595 1150 631 sede

267 648 359 684 Petri
383 651 653 687 confirmatorum
676 675 689 693 ‚
712 650 875 686 damnatis
901 648 1147 693 praevaricatori·

266 697 328 733 bus
337 725 345 732 .

318 750 516 795 Respondeo
529 762 639 788 tamen
650 764 725 787 cum
735 751 853 788 eodem
862 749 1032 784 Cardinali
1043 749 1151 782 Hum-

266 798 360 835 berto
374 826 381 833 .
407 806 482 836 Non
502 809 631 843 miram,
650 802 681 844 fi
697 801 844 846 Agatbom'
871 803 966 842 Papae
985 800 1018 832 (τ
1032 798 1149 841 fandis

264 849 409 884 Patribus
413 851 514 893 sextae
524 855 545 884 5
539 854 630 890 ynodi
654 852 752 891 vestra
764 857 918 892 imputetis
931 850 1127 882 deliramenta
1139 871 1149 888 ‚

263 899 301 932 (θ’
317 909 385 940 quae
407 909 461 932 aut
484 900 650 942 corruptstn
670 909 724 932 aut
743 899 875 942 finxistis
887 899 1034 940 capitula
1049 922 1060 937 ,
1085 898 1150 930 cum

262 952 354 980 etiam
377 948 433 990 ipfi
448 953 574 984 Domino
588 954 618 995 J
622 948 670 993 esu
694 951 728 983 Θ
740 949 877 991 Apostolts
901 950 966 989 ejus
991 952 1149 990 imputetis

259 995 418 1041 figmenta.
447 1002 533 1034 Unde
556 1012 610 1034 nos
615 998 742 1043 scientes
757 998 880 1044 sextam
889 999 1033 1038 synodum
1044 999 1089 1031 ad
1101 1000 1149 1032 de-

256 1047 432 1089 struendam
440 1048 562 1092 haerefin
587 1054 756 1084 Graecorum
783 1049 1042 1083 Monothelttarum
1055 1073 1066 1088 ,
1092 1061 1150 1082 non

262 1108 362 1133 autem
374 1101 418 1133 ad
425 1101 603 1134 tradendum
615 1105 759 1134 Romanis
774 1112 868 1134 novas
879 1099 1074 1140 institutiones
1086 1110 1148 1132 con-

259 1158 419 1192 gregatam
430 1175 441 1192 ,
464 1153 609 1193 Capitula
619 1176 630 1191 ‚
655 1163 724 1193 quae
734 1151 816 1184 nobis
823 1149 881 1194 sub
896 1152 960 1191 eius
975 1149 1149 1182 aucloritate

260 1204 430 1240 opponitis,
454 1205 571 1235 omnin&
590 1201 778 1244 refutamus,
805 1206 878 1244 quia
902 1206 1005 1242 prima
1028 1201 1148 1242 &Apo-

254 1247 358 1288 stolica
369 1252 457 1284 Sedes
469 1262 520 1284 nec
529 1253 694 1294 aliquando
716 1264 751 1286 ea
762 1258 872 1293 accepit
883 1273 893 1289 ‚
921 1261 972 1284 nec
982 1247 1121 1292 observat
1137 1274 1148 1290 ‚

262 1305 335 1342 quia
344 1299 474 1342 autficnt
484 1303 567 1334 nulla
570 1327 591 1346 2
614 1311 666 1334 aut
679 1326 688 1341 ,
716 1311 748 1335 ut
758 1302 842 1334 vobis
853 1301 942 1333 libuit
962 1325 973 1341 ,
998 1302 1149 1342 deprava-

260 1358 296 1381 ta
316 1348 340 1392 s
333 1357 387 1383 unt
397 1374 404 1381 ·
432 1351 477 1385 Et
499 1346 600 1385 infra.
627 1354 672 1384 De
685 1354 773 1393 Papa
786 1349 938 1395 Agathone
959 1353 1076 1383 omnini»
1090 1348 1147 1392 sci-

260 1411 328 1431 mus
341 1423 352 1439 ,
378 1406 450 1441 quia
461 1413 512 1433 nec
527 1400 627 1443 sextae
639 1404 658 1432 5
654 1402 747 1438 ynodo
765 1398 960 1442 perseipsum
976 1398 1123 1440 praesedt't
1132 1423 1143 1439 ,

260 1459 314 1482 mc
323 1448 472 1491 aliquibus
482 1451 547 1490 eius
561 1449 712 1490 Capitulis
721 1447 888 1490 subscripfit
899 1471 910 1486 ,
937 1445 992 1488 m'fi
998 1458 1069 1489 quae
1076 1454 1146 1488 pro-

259 1498 528 1543 mulgatafuerunt
537 1498 700 1532 adversum
723 1496 984 1531 Monotbelstarum
1004 1496 1125 1538 baerefin
1136 1522 1143 1530 .

257 1552 319 1583 Vos
330 1550 432 1583 videte
442 1573 452 1590 ‚
479 1550 557 1583 unde*
567 1547 631 1582 haec
642 1573 653 1589 ‚
676 1559 744 1590 quae
760 1552 930 1590 proponitis
944 1572 955 1588 ,
982 1546 1120 1580 habeatis
1133 1572 1144 1588 ‚

259 1605 331 1641 quta
357 1603 493 1633 Romana
517 1598 643 1640 Ecclesia
679 1600 754 1632 talia
790 1597 933 1632 baffenus
969 1603 1142 1641 ignoravit.
1168 1632 1171 1636 ,

260 1647 436 1683 Consonat
450 1649 636 1683 Anastafius
656 1646 931 1682 Bibliothecarius
954 1647 987 1679 in
1002 1648 1146 1691 septimae

259 1698 390 1742 Synodi
410 1698 452 1733 ad
466 1699 626 1742 Ioannem
643 1700 794 1732 octavum
816 1698 1018 1732 Pontificem
1041 1698 1146 1740 praefa-

259 1748 357 1782 tione
368 1772 375 1780 .
403 1746 532 1790 Eosdem
542 1751 650 1781 Patres
662 1750 792 1791 Regulus
817 1749 888 1781 illas
903 1750 1000 1780 Graeci
1017 1747 1146 1788 promul-

257 1798 338 1843 gaffe
354 1797 536 1840 perbibent,
563 1804 657 1840 quiin
671 1796 763 1840 sexta
776 1798 882 1836 synodo
902 1795 975 1839 fient
999 1802 1144 1830 inventi:

259 1849 322 1881 sed
331 1846 381 1880 hoc
404 1849 493 1881 nullis
500 1848 627 1890 probare
649 1852 736 1881 certis
741 1847 858 1890 poffunt
881 1847 1014 1879 indiciis.
1050 1847 1094 1880 Et
1109 1847 1144 1880 in

258 1899 380 1932 ostavae
399 1898 527 1941 Synodi
550 1897 590 1932 ad
604 1897 789 1932 Adrianum
815 1896 994 1931 secundum
1006 1896 1145 1930 Pontifi-

258 1959 332 1983 cem
359 1948 563 1992 praefatione.
592 1951 693 1982 Graecz·
714 1948 820 1982 &alia
841 1946 994 1988 ostendum
1017 1949 1144 1990 Regula-

257 2009 325 2031 rum
335 1997 488 2042 numerosa
511 1996 787 2042 &praesumptuosa
803 1996 883 2041 satis
896 1998 1030 2039 capitula
1048 2019 1059 2036 ,
1080 2002 1144 2039 pri-

256 2046 316 2091 [τι
327 2049 485 2080 traditioni
504 2050 581 2090 pene*
606 2053 704 2081 omnia
724 2048 818 2081 valde
840 2053 990 2079 contraria
1007 2070 1018 2085 ,
1041 2056 1110 2088 quae
1124 2047 1144 2078 ἃ

252 2095 347 2142 sexta
359 2096 444 2139 fals&
449 2097 609 2139 perhibent
618 2098 725 2136 synodo
740 2096 931 2140 promulgata
941 2119 952 2136 ,
978 2096 1041 2128 cum
1050 2095 1141 2139 sexta

257 2148 390 2187 synodus
404 2149 516 2181 nullam
523 2148 684 2190 protulerit
690 2154 804 2188 praeter
821 2146 895 2189 fidei
908 2147 1040 2189 regulam
1055 2158 1064 2187 3
1087 2144 1147 2188 sed

259 2209 334 2240 quas
345 2200 407 2239 qius
420 2198 588 2241 asseverant
599 2198 718 2242 regulas
727 2221 738 2237 ,
764 2197 847 2239 longe?
853 2195 915 2239 pest
921 2195 1046 2238 sextam
1058 2198 1077 2228 5
1073 2207 1142 2234 ,νηο-

259 2249 334 2281 dum
358 2249 443 2290 apud
463 2246 540 2292 ipsos
558 2246 666 2287 constat
684 2255 779 2290 penes
794 2245 827 2290 se
839 2272 850 2288 ,
870 2251 1083 2289 privatimque
1095 2246 1143 2279 de-

255 2307 433 2341 promptas.

311 2348 354 2381 Et
364 2349 428 2391 ipsa
442 2350 598 2393 temporis
610 2350 692 2384 ratio
717 2347 926 2383 mendacium
945 2346 1137 2380 convincit.

256 2398 394 2432 Etenim
406 2398 473 2432 haec
484 2399 550 2443 ipsa
563 2399 717 2443 Synodus
728 2400 763 2433 in
783 2398 880 2432 variis
893 2396 1088 2431 Canonibus
1099 2397 1142 2430 af-

256 2447 364 2482 firmat
374 2450 406 2482 se
418 2450 605 2484 convenisse
617 2448 795 2483 indictione
805 2448 933 2492 quinta,
946 2458 1034 2481 anno
1049 2458 1142 2481 rnun-

256 2497 294 2531 di
304 2498 404 2531 sexies
413 2499 584 2534 millesimo
592 2500 766 2534 centesimo
774 2497 972 2541 decimo,qui
981 2494 1140 2531 fuitChri-

254 2547 297 2580 sti
311 2547 452 2582 Domini
464 2550 709 2583 sexcentesimus
721 2549 947 2593 nonagesimus
959 2547 1116 2581 secundus
1128 2571 1138 2587 ,

253 2596 361 2642 Sergii
372 2598 468 2641 primi
481 2598 654 2634 pontificis
664 2599 799 2642 quintus
810 2623 820 2638 ,
846 2600 977 2632 octavus
989 2597 1141 2640 Justinia-

251 2647 292 2682 ni
303 2648 435 2682 secundi
447 2648 588 2693 Augusti
601 2673 609 2682 .
637 2648 686 2683 At
698 2648 776 2682 vero
800 2650 891 2682 sexta
903 2646 1057 2689 Synodus
1068 2647 1138 2680 fini-

253 2706 288 2732 ta
311 2698 374 2732 fuit
388 2710 478 2734 anno
498 2699 640 2733 Domini
665 2698 895 2732 sexcentesimo
919 2697 1137 2742 odtuagefimo

251 2748 385 2792 primo,
411 2748 802 2794 ConstantiniPogonati
816 2746 983 2792 Augusti,
1010 2747 1066 2791 qui
1080 2745 1138 2780 hu-

252 2796 302 2839 ius
314 2798 487 2842 Iustiniani
503 2799 566 2833 fuit
586 2808 677 2843 pater
690 2823 701 2840 ,
727 2808 845 2841 quarto
867 2798 1019 2838 decimo,
1047 2797 1136 2841 Aga·

252 2844 390 2889 tironis,
416 2849 500 2883 inter
513 2860 611 2893 quem
632 2849 666 2883 δε
690 2847 857 2884 laudatum
880 2849 1027 2892 Sergium
1051 2847 1135 2882 sede-

252 2906 331 2930 runt
346 2907 485 2940 quatuor
497 2899 697 2939 Pontifices,
723 2900 863 2942 quinto.
889 2897 1058 2947 roirca
1084 2899 1133 2932 fae-

251 2944 295 2979 de
313 2956 396 2980 errat
411 2947 544 2992 Regino
565 2949 764 2983 Prumienfis
786 2948 976 2983 monasterii
998 2947 1132 2987 Abbas,

250 2994 426 3039 synodum
437 2996 520 3032 hanc
531 2999 566 3032 in
575 3011 701 3033 annum
720 2998 986 3033 sexcentesimum
1008 2999 1131 3032 duode-

246 3047 376 3082 cimum
397 3043 570 3082 detrudens
592 3074 599 3080 .
627 3049 843 3083 Manifestum
866 3060 1005 3084 errorem
1027 3049 1129 3083 conti·

246 3107 332 3132 nent
355 3094 421 3131 haec
434 3097 531 3131 verba
553 3098 658 3132 saneti
669 3097 820 3133 Tharafii
833 3097 1028 3134 Patriarchae
1040 3099 1127 3133 Con-

247 3146 539 3190 stantinopolitani
554 3148 587 3181 in
598 3148 731 3192 septima
742 3149 897 3192 Synodo:
927 3149 993 3190 Post
1003 3159 1129 3191 quatuor

245 3207 302 3232 aut
310 3198 468 3243 quinquea
483 3198 571 3231 sexta
582 3197 720 3239 Synodo
739 3200 934 3232 annos-iidem
952 3199 1009 3241 ipfi
1020 3202 1128 3232 Patres

244 3254 452 3283 convenientes
459 3245 516 3291 sub
521 3247 550 3291 J
554 3246 697 3287 ustim‘ano
712 3272 723 3287 ,
743 3248 806 3290 filio
816 3249 1001 3288 constantini
1012 3273 1022 3288 ‚
1044 3258 1126 3290 prae-

239 3296 372 3342 fignatos
382 3302 520 3332 eanones
531 3295 726 3340 exposuerunt
736 3310 746 3339 3
774 3300 808 3331 (9
818 3309 900 3330 nemo
918 3299 1029 3331 dubitet
1043 3299 1081 3332 de
1092 3299 1127 3331 il-

245 3348 287 3382 lis
297 3372 308 3383 ,
335 3347 427 3383 Errat
446 3349 479 3383 ἀ
491 3346 716 3391 Theophanes
726 3348 810 3380 inter
821 3348 943 3381 sextam
954 3348 1125 3391 Synodum

246 3397 285 3446 ἁ
304 3395 389 3432 hanc
407 3397 595 3442 praesentem
617 3396 949 3434 volensinterceffisse
967 3408 1072 3435 annos
1084 3400 1125 3433 vi-

348 3447 455 3490 Christ.
471 3452 550 3493 Lupi
559 3452 647 3492 oper.
661 3451 741 3482 Tam.
752 3451 809 3482 ΠΙ.

1933 124 2030 169 169

1213 195 1300 240 ginti
1323 197 1441 238 septem
1455 220 1462 228 .
1490 193 1624 228 Rectius
1647 193 1728 228 dicit
1753 194 1901 232 laudatus
1913 197 2100 232 Anastasius

1213 246 1417 280 interceffiffe
1427 245 1570 279 multum
1581 245 1739 289 temporis
1753 256 1762 276 ε
1782 245 1876 281 Anni
1900 248 1991 282 enim
2003 245 2101 291 plene

1213 296 1324 330 decem
1340 294 1586 331 intercesserunt
1597 321 1604 328 .

1262 346 1305 379 Et
1318 345 1397 380 hinc
1409 347 1515 380 oritur
1525 344 1663 380 secunda
1677 345 1832 389 quaestio,
1860 344 1918 380 An
1940 346 2046 382 eidem
2056 358 2101 380 re-

1213 397 1286 430 vera
1298 396 1454 439 Episcopi
1478 396 1598 430 fuerint
1619 396 1655 430 in
1670 407 1805 440 utraque
1826 396 1965 439 Synodo
1979 398 1995 428 ἒ
2022 397 2102 431 Res-

1213 446 1343 489 pondeo
1355 457 1424 479 non
1446 446 1555 479 fuisse.
1582 446 1706 487 Liquet
1727 457 1767 480 ex
1786 446 2076 490 subscriptionibus
2090 471 2098 478 .

1213 496 1380 541 incogniti
1398 495 1484 538 apud
1497 493 1775 539 Christophorum
1795 497 1965 540 Justellum
2013 497 2100 530 usto·

1212 547 1253 580 ris
1266 547 1346 581 liber
1358 545 1535 590 synodicus
1545 544 1705 578 ducentos
1717 547 1933 592 quadraginta
1945 572 1957 589 ,
2008 556 2010 558 ’
2022 545 2102 580 heo-

1210 597 1309 631 dorus
1322 596 1496 630 Balsamon
1511 607 1549 630 ac
1574 595 1716 638 Ioannes
1728 595 1872 631 Zonaras
1883 597 1979 641 aJunt
2002 596 2102 631 inter·

1211 648 1305 681 fuiffe
1328 646 1510 690 Episcopos
1529 643 1649 690 viginti
1664 644 1787 688 septem
1807 646 1842 680 &
1855 647 2014 681 ducentos
2023 658 2038 688 ;
2065 656 2101 681 at

1211 708 1274 741 ego
1294 698 1328 730 in
1354 695 1518 731 hodierno
1542 694 1822 738 subscriptionum
1843 706 1937 731 tomo
1959 707 2102 731 numero

1212 747 1297 780 solos
1306 745 1466 781 ducentos
1477 746 1511 780 &
1524 744 1686 779 undecim.
1717 744 1762 778 Et
1773 745 1904 790 quidem
1916 745 1958 779 de
1970 747 2102 780 subscri-

1210 797 1274 839 ptis
1292 796 1522 837 Alexandriae‚
1551 791 1763 835 Antiochiae,
1792 807 1830 829 ac
1854 796 2101 839 Hierosolymae

1212 845 1408 885 Patriarchis
1418 844 1500 880 dicit
1531 845 1565 878 in
1579 845 1722 888 septimae
1731 845 1862 889 Synodi
1882 843 1923 879 ad
1938 846 2100 889 Joannem

1210 887 1362 930 ostavism
1385 895 1588 930 Pontificem
1615 895 1805 939 praefatione
1832 894 2021 930 Anastafius
2048 895 2102 930 Bi-

1210 945 1468 981 bliothecarius.
1498 949 1606 978 Omnes
1628 944 1933 991 TrullanaeRegulae
1955 945 2101 979 haelenus

1209 1008 1247 1031 ex
1259 1005 1318 1030 toto
1328 996 1549 1039 apudLatinos
1568 1005 1693 1029 manent
1704 1001 1861 1040 incognitae
1871 1022 1882 1037 ‚
1909 1002 1982 1039 quia
1994 1007 2045 1029 nec
2057 1002 2103 1029 in-

1208 1055 1383 1089 terpretatae
1403 1061 1414 1081 :
1438 1048 1500 1081 Sed
1517 1056 1567 1079 nec
1593 1051 1626 1079 in
1645 1054 1823 1079 caeterarum
1844 1045 2102 1084 Patrierrcbalium

1203 1095 1320 1140 sedium
1331 1123 1342 1139 ,
1369 1099 1436 1131 licet
1444 1108 1546 1142 graeca
1566 1097 1671 1140 lingua
1680 1104 1806 1130 utantur
1819 1118 1832 1135 ,
1855 1101 2042 1139 reperiuntur
2054 1107 2104 1129 ar·

1199 1146 1255 1189 *chi
1260 1154 1309 1182 vis
1320 1173 1327 1181 .
1350 1149 1505 1181 Nimirum
1517 1152 1589 1190 quia
1599 1147 1684 1180 nulla
1694 1158 1799 1180 earum
1807 1170 1819 1189 ‚
1844 1148 1909 1180 cum
1922 1148 2081 1180 ederentur
2089 1170 2105 1187 ‚

1209 1207 1263 1231 aut
1272 1199 1466 1242 promulgans
1479 1222 1490 1238 ,
1515 1207 1569 1231 aut
1588 1195 1796 1240 consentiens,
1822 1207 1877 1231 aut
1881 1194 1994 1240 saltem
2011 1204 2101 1238 prae-

1204 1246 1275 1291 sens
1296 1255 1425 1282 inventa
1447 1248 1505 1289 est.
1533 1246 1658 1281 Lucide
1680 1247 1766 1282 dicit
1789 1245 1994 1281 patriarchas
2022 1246 2106 1281 istos

1211 1299 1396 1340 nequidem
1419 1310 1474 1343 per
1485 1298 1631 1342 Legatos
1654 1297 1852 1331 interfuisse.
1881 1297 2018 1331 Etenim
2039 1294 2107 1330 sub

1210 1347 1344 1383 barbaro
1370 1361 1408 1383 ac
1435 1347 1578 1382 infidelis
1605 1348 1841 1382 Saracenorum
1874 1347 1957 1392 jugo
1981 1356 2101 1381 omnes

1208 1408 1284 1429 cum
1314 1398 1456 1432 subditis
1478 1397 1630 1431 Ecclefiis
1652 1406 1733 1431 tunc
1757 1397 1880 1440 captivi
1905 1395 2104 1441 gemebant.

1208 1445 1302 1479 Hinc
1314 1445 1354 1479 de
1377 1446 1515 1485 Graecis,
1543 1445 1674 1479 eosdem
1701 1447 1832 1489 utrique
1857 1445 1996 1489 Synodo
2025 1444 2105 1488 Epi-

1209 1495 1324 1538 scopos
1335 1496 1470 1530 adfuisse
1493 1494 1772 1535 asseverantibus,
1800 1495 1882 1530 reste
1907 1494 2000 1530 addit
2012 1493 2106 1529 Ana-

1208 1545 1336 1579 stafius:
1365 1555 1427 1583 Hoc
1448 1546 1541 1579 nullis
1559 1545 1691 1587 probare
1707 1546 1828 1588 pqffunt
1852 1552 1942 1579 certis
1957 1547 2077 1578 indicii:
2091 1569 2103 1577 .

1209 1595 1325 1639 Aliqui
1347 1606 1456 1630 tamen
1477 1619 1488 1635 ‚
1514 1606 1631 1638 nempe
1656 1596 1875 1640 quadraginta
1897 1604 1983 1635 τῖες,
2010 1596 2106 1628 fuere

1207 1645 1338 1679 eidem:
1365 1645 1413 1679 At
1424 1657 1467 1680 ex
1490 1646 1625 1679 tantillo
1643 1656 1782 1680 numero
1798 1643 1867 1679 duae
1888 1642 2028 1690 grandes
2040 1645 2102 1687 sy-

1208 1694 1287 1730 nodi
1303 1706 1470 1738 nequeunt
1479 1694 1640 1730 confundi
1654 1696 1689 1730 in
1703 1706 1804 1730 unam
1820 1721 1827 1728 .

1257 1744 1376 1779 Tertia
1399 1745 1534 1788 quaestio
1558 1745 1627 1785 est,
1655 1746 1711 1779 An
1738 1744 1806 1779 haec
1822 1745 1978 1788 synodus
2001 1745 2104 1779 fuerit

1208 1794 1368 1837 postulata
1389 1806 1445 1838 per
1483 1794 1702 1839 Justinianum
1728 1794 1919 1839 Principem
1942 1795 1961 1828 ὲ
1982 1795 2103 1839 Sergio

1206 1843 1394 1885 pontifice,
1419 1854 1518 1889 atque
1532 1844 1601 1888 ipse
1623 1845 1663 1879 ad
1678 1845 1770 1879 illam
1782 1856 1823 1880 ex
1847 1846 1942 1880 avito
1954 1844 2103 1879 Ecclesia

1206 1905 1298 1929 more
1335 1895 1527 1930 invitatus?
1557 1894 1754 1938 Respondeo
1784 1896 1879 1931 suifl‘e
1903 1921 1912 1929 .
1947 1895 2100 1930 Demon-

1205 1943 1307 1979 strant
1322 1944 1404 1979 illud
1426 1944 1490 1979 haec
1509 1945 1603 1979 verba
1626 1946 1660 1979 in
1683 1945 1959 1989 subscriptionum
1972 1945 2100 1989 capite:

1206 1997 1298 2029 Locus
1317 1993 1485 2038 saniliffimi
1506 1996 1603 2036 Papae
1630 1998 1759 2028 Romam·
1782 2021 1788 2027 .
1817 1995 1952 2030 Norant
1978 1995 2101 2039 quippe

1205 2045 1397 2079 Graecorum
1425 2045 1459 2079 &
1489 2044 1643 2088 Episcopi
1671 2046 1705 2079 δε
1735 2045 1904 2091 Augustus
1933 2045 2099 2080 vetustum

1205 2093 1470 2129 Christianorum
1486 2094 1661 2129 canonem
1673 2120 1683 2135 ,
1712 2107 1750 2129 ex
1767 2107 1835 2139 quo
1847 2095 2000 2130 adversus
2013 2095 2099 2129 Dio·

1205 2144 1332 2179 storum
1360 2143 1584 2178 Patriarcham
1611 2143 1880 2180 Alexandrinum
1916 2146 2100 2181 Lucentius

1207 2195 1386 2229 Esculanus
1412 2195 1594 2238 Episcopus
1617 2206 1655 2229 ac
1668 2196 1776 2230 San&
1790 2195 1887 2240 Papae
1899 2196 2025 2231 Leonis
2037 2195 2101 2230 Le·

1204 2255 1299 2290 gatus
1309 2245 1394 2280 dixit
1418 2246 1459 2279 ad
1483 2244 1729 2289 gloriofiffimos
1747 2244 1871 2289 judices
1896 2246 1930 2279 in
1955 2246 2097 2289 Synodo
2119 2243 2186 2278 Λᾶ.
2211 2246 2246 2277 '10'

1205 2294 1469 2330 chalcedonensi
1483 2320 1490 2326 .
1515 2296 1591 2330 Cum
1607 2294 1769 2338 personam
1785 2297 1952 2336 judicandi
1975 2307 2033 2329 non
2044 2295 2096 2330 ba-

1203 2345 1308 2387 beret,
1331 2344 1538 2389 praesumpfit,
1561 2339 1747 2383 &synodum
1758 2344 1895 2388 aususest
1910 2345 2015 2387 facere
2031 2346 2096 2388 fine

1203 2396 1376 2429 aucvorttate
1400 2396 1484 2428 Sedit
1500 2393 1690 2439 qustolicae,
1717 2396 1796 2437 quod
1816 2407 1969 2439 nunquam
1990 2398 2096 2438 licuit,

1203 2457 1360 2489 nunquam
1376 2444 1498 2487 sallum
1510 2445 1568 2486 est.
1599 2445 1772 2492 Qoniam
1798 2445 1901 2490 igitur
1913 2457 2018 2489 neque
2040 2446 2097 2481 ad-

1203 2498 1312 2530 venire
1323 2522 1333 2537 ‚
1361 2507 1465 2539 neque
1478 2495 1614 2530 vicarios
1627 2495 1771 2530 Praefides
1783 2495 1891 2540 legare
1906 2495 2012 2530 voluit
2024 2498 2094 2531 Ser-

1202 2547 1276 2591 gius
1298 2570 1308 2586 ,
1335 2546 1385 2579 illi
1407 2546 1513 2590 Regia
1546 2545 1720 2588 Iustiniani
1743 2545 1875 2580 secundi
1900 2547 2093 2582 auctoritate

1202 2596 1388 2631 fultifecere
1399 2604 1626 2634 conventum,
1652 2595 1825 2639 quomodo
1839 2595 1983 2640 ipsorum
2005 2597 2090 2631 olim

1203 2646 1453 2689 subJustiniano
1468 2647 1574 2690 primo
1586 2645 1750 2690 Majores,
1777 2646 1944 2681 Pontifice
1966 2645 2093 2688 invito,

1200 2697 1341 2731 fecerant
1352 2695 1523 2740 Synodum
1537 2695 1686 2740 quintam
1697 2722 1704 2730 .
1733 2696 1909 2740 Sperabant
1924 2696 2089 2740 Sergium,

1200 2747 1247 2782 uti
1270 2748 1304 2783 ὃς
1319 2747 1450 2793 vigilio
1472 2746 1631 2781 Pontifici
1655 2757 1829 2786 evenerat,
1855 2756 1912 2779 aut
1937 2745 2089 2789 precibus

1198 2807 1254 2832 aut
1277 2798 1451 2833 terroribus
1472 2823 1483 2839 ,
1510 2796 1724 2841 postmodnm
1746 2795 1924 2830 subsecutis
1949 2796 1982 2830 δε
2003 2806 2088 2831 mox

1196 2848 1388 2888 edicendis,
1415 2848 1456 2882 ad
1468 2849 1595 2882 aestuum
1618 2849 1749 2881 suorum
1773 2844 2085 2888 comprobationem

1196 2896 1528 2942 &subscriptionem
1554 2899 1624 2931 fore
1650 2894 1917 2938 compellendum
1941 2919 1949 2928 .
1989 2895 2085 2930 Hinc

1194 2949 1261 2992 ejus
1281 2949 1510 2992 subscriptioni
1522 2949 1662 2992 primum
1687 2946 1845 2980 locumin
1869 2945 2083 2989 synodalibus

1195 3000 1294 3033 tomis
1306 3001 1359 3033 seu
1371 2999 1593 3032 instrumentis
1606 2998 1801 3030 reservarunt
1813 3020 1820 3028 .

1243 3049 1369 3095 Qarta
1381 3048 1515 3093 quaestio
1528 3047 1598 3086 est,
1625 3046 1682 3079 An
1708 3044 1785 3079 huic
1808 3044 1948 3089 Synodo
1971 3044 2079 3081 adfue-

1192 3098 1234 3132 rit
1269 3099 1409 3143 Legatio
1435 3096 1626 3140 Apostolica
1647 3097 1660 3129 ?
1697 3095 1897 3139 Respondeo
1920 3096 2079 3131 adfuiffie.

1192 3149 1325 3183 Etenim
1360 3147 1493 3181 Basilius
1522 3146 1780 3190 Gortynenfium
1818 3146 1998 3190 Episcopus
2043 3146 2079 3180 δε

1191 3198 1393 3233 Cretensium
1406 3197 1624 3240 Metropolita
1646 3196 1784 3239 seipsum
1799 3196 1976 3232 subscribit
2000 3208 2078 3230 cum

1191 3248 1255 3283 hoc
1267 3249 1386 3281 titulo:
1416 3250 1524 3280 Locum
1535 3257 1639 3281 tenens
1650 3252 1740 3281 totius
1754 3249 1859 3286 synoda·
1878 3246 1996 3290 sanllae
2019 3249 2076 3278 Ec-

1189 3298 1277 3339 clefiae
1289 3302 1449 3331 Romanae.
1480 3297 1556 3332 Scio
1580 3296 1714 3332 titulum
1727 3295 1817 3332 hunc
1831 3323 1842 3339 ,
1867 3308 2034 3340 tamquam
2055 3295 2076 3330 ὲ

1190 3349 1310 3382 Graecis
1330 3346 1488 3391 adjectum
1517 3369 1528 3387 ‚
1552 3348 1783 3392 suppositionis
1809 3347 1843 3381 ὅ(
1865 3346 2027 3382 mendacii
2056 3344 2075 3379 ὰ

1189 3398 1384 3444 quibusdam
1394 3397 1486 3443 argui
1496 3410 1503 3431 :
1530 3395 1594 3432 Ast
1604 3409 1670 3444 ego
1682 3398 1843 3435 ducentos
1868 3399 1924 3480 &E
1933 3406 1984 3479 asp
1990 3394 2074 3437 plius

1926 3456 1957 3491 1³¹
1974 3455 2029 3489 eor
