2340 3762
46 1328 112 1360 Lx·
126 1329 182 1365 εἰς.

49 1748 125 1789 Cap.
136 1751 186 1786 63.

47 3293 108 3323 L-r.
126 3293 200 3325 tir.8.

47 3340 73 3361 c·
96 3342 123 3363 1·

603 166 1014 225 Scuorns'ssr
1044 165 1652 214 Novanius-rann.
1877 188 1974 228 129

223 256 459 311 'existimare
482 292 496 316 ,
531 260 576 306 &
609 253 820 305 nefarium
855 254 1104 320 conjugium
1139 250 1311 305 dissolvi
1335 288 1350 302 .
1386 256 1548 322 Neque
1581 257 1699 308 enim
1733 262 1787 305 e'a
1820 278 1918 326 quae
1952 263 2041 311 non

223 325 319 380 sunt
355 325 573 377 miscenda
607 324 811 388 misceri,
846 342 925 374 nec
960 323 1092 377 ovem
1125 340 1227 373 cum
1262 324 1367 391 lupo
1389 361 1403 384 ‚
1451 343 1531 375 nec
1566 327 1847 394 peccatorum
1882 328 2042 382 sortem
2109 377 2116 383 ,

221 415 323 448 curn
357 397 518 447 Christi
553 412 675 465 parte
710 397 912 462 conjungi
946 408 1120 462 oportet
1142 429 1158 439 .
1206 395 1249 442 Si
1285 395 1383 465 quis
1418 411 1562 445 autem
1600 415 1651 447 ea
1674 435 1688 459 ‚
1723 415 1819 466 quae
1853 394 1881 447 a
1915 401 2044 448 nobis

221 468 398 523 decreta
432 467 528 517 sunt
547 504 560 529 ‚
596 465 864 532 transgressus
900 465 1028 514 fuerit
1053 501 1068 526 ,
1102 462 1342 526 segregetur
1374 498 1392 514 ,
1438 467 1511 512 Sin
1546 477 1693 523 autern
1716 469 1867 535 'aliqui
1902 504 1918 530 ,
1964 470 2046 536 qui

220 528 376 588 adhuc·
398 536 494 587 sunt
527 537 722 587 infideles
746 572 760 598 ,
795 541 838 585 δε
872 537 919 584 in
954 533 1295 584 orthodoxorum
1329 551 1503 597 gregem
1537 537 1732 587 nondum
1767 539 1893 587 relati
1917 536 2013 589 sunt
2030 576 2045 602 ,

221 609 305 659 fint
340 611 454 657 inter
499 606 541 658 se
577 609 775 672 legitimo
821 607 1106 655 matrimonio
1149 606 1368 674 conjundti
1391 629 1410 667 ·,
1458 602 1618 656 deinde
1666 607 1740 657 hic
1773 607 1955 674 quidem
1989 626 2046 661 eo

220 673 345 747 quod
378 678 443 728 est
473 679 695 728 honestum
731 678 866 735 electo
900 675 956 725 ad
991 677 1133 725 lucem
1163 676 1362 727 veritatis
1398 677 1630 725 accurrerit
1660 713 1675 738 ,
1727 676 1802 725 ille
1837 678 1944 727 vero
1979 697 2046 729 er·-

219 752 330 803 roris
363 750 542 799 vinculo
575 748 777 798 detentus
813 746 941 796 fuerit
961 781 975 805 ‚
1013 746 1164 794 nolens
1199 746 1390 793 Divinos
1426 744 1571 814 radios
1604 745 1701 796 fixis
1735 747 1876 796 oculis
1905 750 2046 798 intue-

223 822 299 880 ri,
333 817 450 870 fideli
484 819 589 869 vero
622 819 794 884 placeat
828 834 927 867 cum
972 814 1136 864 infideli
1179 813 1433 867 cohabitare
1468 851 1482 875 ,
1527 833 1583 865 ne
1619 814 1645 865 a
1681 815 1724 866 se
1758 818 1946 867 invicem
1981 817 2046 868 se-'

224 903 427 956 parentur
447 926 465 938 .,
511 890 579 935 Ex
613 889 771 936 Divini
806 888 921 936 enim
957 885 1080 932 Pauli
1129 883 1343 934 sententia
1371 921 1384 945 ‚
1431 883 1714 936 sanetificatus
1750 886 1812 937 est
1846 889 1916 938 vir
1950 888 2047 937 infi-

223 956 332 1008 delis
366 958 413 1007 in
447 957 626 1007 nruliere
662 993 676 1018 ,
723 959 767 1006 δε
802 954 1063 1009 sanctificata
1097 955 1158 1007 est
1192 956 1345 1007 mulier
1381 954 1566 1007 infidelis
1601 958 1647 1006 in
1681 959 1798 1008 vire.
1935 969 1938 972 ⁴

417 1132 918 1179 Scu0L10N.

220 1274 440 1363 APostoli
455 1278 561 1323 legem
571 1277 689 1338 eodem
699 1276 801 1314 modo
811 1277 950 1322 exponit
961 1276 997 1312 in
1007 1275 1101 1312 libris

227 1325 229 1327 ’
340 1337 454 1364 contra
465 1329 676 1372 Jovinianurn
699 1330 833 1364 Sanctus
852 1327 1079 1372 Hieronymus
1093 1353 1100 1359 .

221 1382 304 1417 His,
327 1388 400 1421 quos
425 1384 458 1412 in
471 1384 657 1412 matrimonio
678 1378 906 1420 deprebendtffit
923 1377 999 1419 fides
1011 1402 1024 1417 ,
1048 1377 1101 1411 hoc

219 1425 280 1467 est,
300 1425 412 1467 finnus
421 1426 735 1470 credidm'eteduobus
747 1449 759 1466 ,
779 1431 921 1468 praeelpit
940 1425 1099 1467 Apostolus,

221 1486 259 1509 ne
267 1476 389 1509 credens
398 1477 536 1517 repudiet
553 1486 612 1508 non
629 1476 795 1510 credentem
805 1489 816 1508 .·
841 1476 935 1521 ,Quod
953 1475 1098 1513 candida-

219 1533 271 1559 tus
278 1525 352 1568 fidet
368 1523 408 1567 fit
426 1525 574 1568 infidelis,
593 1522 623 1566 fi
639 1525 744 1558 noma
765 1526 902 1560 credente
928 1524 1076 1568 desidere
1089 1549 1097 1563 .

220 1569 517 1622 Econtrartajubet,
536 1574 567 1618 fi
590 1574 721 1618 infidelis
744 1577 879 1618 repudiet
896 1574 1013 1617 fidelem
1030 1583 1098 1618 pro-

1163 1135 1284 1163 rentur:
1312 1129 1398 1171 ,Quia
1408 1129 1567 1172 nonpotest
1576 1129 1704 1172 infidelis
1728 1133 1761 1164 in'
1786 1131 1852 1173 ejas
1867 1137 2048 1174 permanere

1150 1176 1364 1219 *conjunfflone
1375 1204 1387 1220 ,
1413 1190 1482 1223 quae
1486 1182 1559 1222 jam
1571 1186 1604 1214 in
1617 1179 1821 1221 Chrsslanam
1843 1180 2048 1223 translataest

1156 1227 1271 1270 fidem.
1309 1228 1353 1263 Et
1378 1227 1467 1265 hunc
1495 1229 1671 1266 Canonem
1689 1230 1757 1273 jam
1779 1228 1904 1275 pridem
1926 1232 2048 1275 recepit

1161 1279 1273 1312 omnis
1305 1277 1424 1314 Latina
1446 1279 1612 1322 Ecclesia,
1637 1281 1740 1316 sciens
1766 1281 1860 1316 aliter
1884 1280 2050 1326 agendum

1164 1326 1224 1362 sub
1235 1326 1432 1363 Christianis
1445 1328 1651 1375 Principibus
1662 1354 1673 1370 ‚
1698 1330 1791 1366 aliter
1813 1330 1870 1365 sub
1883 1328 2049 1376 Paganis3

1161 1376 1180 1410 ὲ
1192 1376 1310 1420 quibus
1320 1378 1487 1420 justiffima
1498 1391 1553 1423 per
1565 1378 1675 1415 fideles
1685 1392 1749 1415 con
1756 1381 1845 1426 iuges
1854 1382 1936 1415 fasta
1958 1387 2048 1425 repu-¹

1161 1424 1215 1458 dia
1230 1427 1322 1460 fuifl‘e
1334 1426 1474 1469 publicis
1487 1428 1589 1466 totius
1608 1429 1796 1473 Religionis
1818 1430 2051 1474 persecutioni·

1162 1471 1221 1506 bus
1233 1475 1432 1519 quandoque
1444 1475 1608 1511 vindicata
1624 1477 1759 1512 testatur
1779 1478 1815 1512 in
1838 1479 1942 1523 prima
1957 1477 2049 1523 Apo-

1164 1521 1253 1568 logia
1274 1526 1408 1560 Sanetus
1422 1525 1555 1570 Mattyr
1573 1526 1717 1571 Iustinus
1729 1552 1737 1559 .
1764 1528 1858 1563 Hinc
1878 1528 2047 1564 infidelem

1163 1573 1226 1606 fine
1237 1573 1402 1609 Creator-is
1414 1575 1531 1619 injuria
1542 1575 1792 1612 cohabitantem
1805 1578 1903 1621 abjici
1920 1579 1939 1613 a
1962 1577 2052 1614 fideli

217 1625 387 1668 pter-fidem
397 1624 528 1667 Christi,
555 1623 699 1668 discedere
722 1625 826 1660 debere
847 1625 1010 1661 credentem
1022 1649 1034 1666 ,
1060 1636 1098 1659 ne

221 1676 371 1719 conjugem
377 1673 528 1717 praeferat
540 1673 654 1715 chresto
664 1700 673 1708 .
699 1675 748 1710 At
759 1674 860 1720 longe
879 1674 973 1710 aliter
984 1685 1097 1720 quarta

221 1724 378 1766 Synodus
388 1724 557 1760 Toletana
570 1749 577 1756 .
599 1725 731 1767 sulm,
757 1730 809 1768 qui
829 1724 1014 1767 christianas
1036 1737 1098 1759 mu-

220 1772 307 1807 lieres
319 1779 353 1807 in
363 1777 494 1818 conjugio
512 1773 623 1807 habent
634 1796 645 1813 ‚
668 1775 883 1808 admoneantur
904 1775 944 1808 ab
955 1774 1100 1819 Episcopo

223 1828 362 1856 civitatis
376 1851 387 1867 ‚
411 1833 444 1858 ut
458 1823 488 1866 fi
504 1835 569 1858 cum
583 1828 625 1856 eis
646 1831 821 1865 permanere
841 1829 982 1866 cupiunt,
1010 1825 1114 1863 chris

217 1871 309 1913 stiam·
322 1874 479 1915 efficiantur
493 1887 506 1916 ,·
533 1873 611 1918 qaod
622 1870 803 1914 fiaedmonltl
819 1877 964 1909 noluerint
977 1900 988 1917 ,
1006 1873 1095 1919 sepa-

1163 1621 1344 1666 Apostolus
1356 1635 1423 1658 non
1435 1626 1575 1668 permisit
1591 1652 1598 1661 ,
1625 1625 1729 1661 Porro
1761 1626 1990 1663 Tertullianus
2015 1629 2054 1664 fi-

1162 1672 1266 1708 delem
1278 1673 1319 1708 ab
1329 1674 1455 1711 infideli
1477 1674 1636 1719 abjectum
1656 1677 1833 1713 asseverans
1852 1677 1988 1722 quidem
2009 1678 2052 1713 li-

1161 1722 1274 1758 berum
1284 1747 1295 1763 ‚
1322 1734 1355 1759 at
1367 1725 1386 1759 a
1400 1725 1495 1760 novis
1508 1726 1633 1769 nuptiis
1642 1726 1846 1770 proscribens
1859 1728 1896 1762 in
1908 1727 1996 1763 libro
2008 1729 2051 1765 ad

1159 1772 1339 1858 cast-litlatem
1362 1772 1590 1814 exhortatorio
1616 1801 1628 1818 ,
1653 1775 1859 1823 dogmatizat
1884 1787 1922 1814 ut
1947 1778 2049 1816 Mon-

1159 1831 1227 1859 tani
1257 1834 1293 1859 a.

232 2052 426 2064 μ--υ-υ

510 2170 585 2256 C
641 2171 727 2256 A
783 2173 883 2254 N
937 2171 1030 2254 O
1085 2170 1185 2253 N
1298 2170 1764 2258 LXXIII.

361 2393 452 2440 Um
486 2393 606 2439 Crux
640 2387 767 2438 nobis
801 2388 975 2439 vivifica
1010 2387 1190 2438 salutare
1223 2386 1455 2437 ostenderit
1478 2426 1491 2451 ‚
1535 2406 1616 2439 nos
1650 2406 1826 2440 omnem
1862 2390 2047 2456 diligen-

370 2462 501 2508 ¹tiam
536 2458 740 2509 adhibere
774 2474 952 2528 oportet
974 2496 988 2521 ,
1025 2474 1074 2508 ut
1108 2461 1149 2508 ei
1175 2496 1188 2520 ,
1226 2476 1304 2526 per
1337 2475 1470 2525 quam
1506 2457 1563 2507 ab
1598 2463 1783 2528 antiquo
1818 2461 1935 2530 lapsu
1969 2463 2049 2513 sal-

222 2532 317 2577 vati
352 2527 492 2578 sumus
529 2565 542 2589 ‚
588 2547 686 2579 eum
720 2547 854 2597 quem
887 2547 964 2598 par
997 2529 1057 2578 est
1092 2528 1300 2579 honorem
1336 2527 1567 2579 habeamus
1602 2567 1618 2578 .
1666 2531 1963 2600 Qamobrem
1999 2539 2044 2585 δε

221 2614 370 2648 mente
404 2603 448 2648 δε
481 2598 672 2649 sermone
707 2604 750 2649 &
783 2598 901 2649 sensu
936 2598 1233 2650 adorationem
1266 2602 1311 2648 ci
1346 2599 1583 2649 tribuentes
1604 2636 1618 2661 ,
1653 2605 1809 2651 Crucis
1845 2602 1998 2665 figuras
2030 2642 2044 2665 ,

221 2686 318 2735 quae
353 2667 379 2717 ὲ
413 2670 631 2719 nonnullis
667 2672 715 2718 in
749 2667 840 2719 solo
873 2687 924 2718 ac
958 2673 1218 2738 pavimento
1252 2669 1361 2719 fiunt
1387 2706 1401 2732 ,
1436 2669 1617 2719 omnino
1652 2669 1786 2722 deleri
1820 2672 2041 2739 jubemus,

222 2755 278 2787 ne
310 2738 605 2789 incedentium
639 2741 970 2789 conculcatione
1004 2743 1191 2791 vi&oriae
1226 2739 1351 2790 nobis
1399 2741 1639 2810 trophaeum
1687 2744 1844 2810 injuria
1880 2743 2040 2792 afficia-

222 2820 293 2855 tur
314 2844 329 2856 .
364 2809 451 2859 Eos
485 2811 635 2877 itaque
657 2847 673 2871 ‚
706 2812 785 2879 qui
819 2808 1033 2879 deinceps*
1057 2814 1211 2862 Crucis
1244 2811 1408 2875 lignum
1443 2814 1490 2861 in
1525 2810 1615 2861 solo
1650 2814 1900 2862 construunt
1925 2850 1940 2875 ,
1977 2813 2038 2879 se-

221 2882 389 2942 gregari
421 2879 690 2931 decernimus
713 2917 727 2928 .

1140 3054 1217 3099 filice
1228 3080 1239 3097 ,
1265 3055 1319 3090 vel
1328 3061 1361 3089 in
1370 3054 1563 3090 marmoribus
1575 3053 1663 3088 bumi-
1672 3051 1771 3097 poſsets
1783 3054 1946 3100 insculpere
1959 3080 1970 3097 ,
1981 3058 2034 3093 vel

1142 3112 1265 3150 pingere
1276 3129 1288 3146 ,
1308 3105 1365 3149 sed
1373 3107 1570 3149 quodcumque
1586 3111 1733 3146 reperitur
1745 3108 1833 3148 tolli,
1853 3107 2027 3152 gravtffima

1143 3164 1234 3198 poena
1250 3155 1418 3189 mulc‘lando
1437 3166 1468 3188 eo
1478 3178 1490 3194 ,
1516 3160 1570 3197 qui
1587 3161 1768 3189 contrarium
1787 3157 1909 3197 statutis
1924 3157 2029 3197 nostru

1147 3212 1332 3245 tentaverit,
1356 3203 1526 3248 specialiter
1551 3210 1749 3247 imperamus.
1774 3206 1955 3251 Desumpta
1981 3206 2028 3240 est

404 3051 887 3101 SenotroN.

305 3193 407 3231 Anon
419 3198 592 3232 confirmat
602 3197 784 3235 Theodosii
809 3202 843 3237 ὅ(
862 3202 1091 3239 Valentiniani

328 3247 416 3280 tertii
442 3247 667 3292 Augustorum
699 3250 806 3294 legem
831 3252 873 3286 ad
899 3254 1092 3289 Eudoxium

216 3294 363 3330 Praetorii
387 3296 597 3339 Praefeerum,
622 3298 718 3342 quam
729 3300 850 3334 Codici
875 3302 934 3335 fiio
957 3304 1091 3338 inseruit

216 3345 316 3380 etiam
330 3345 548 3389 Justinianus.
575 3347 692 3389 camfie
703 3349 787 3382 nobis
799 3361 870 3384 cura
893 3352 1019 3395 diligens
1033 3362 1091 3396 per

216 3400 317 3428 amnia
342 3394 465 3438 superni
489 3402 638 3431 Numinis
662 3400 825 3443 religionem
849 3406 925 3435 tueri
947 3427 957 3443 ,
979 3401 1093 3446 fignum

220 3443 386 3480 salvatoris
395 3446 505 3488 Christ!
514 3454 627 3482 nemim
652 3449 737 3483 licere
764 3452 817 3484 vel
840 3449 964 3495 inlsblo,
989 3454 1039 3487 vel
1062 3460 1094 3488 in

317 3495 425 3537 christ.
444 3500 523 3540 Lupi
533 3503 620 3542 Oper.
633 3502 711 3534 Tam.
725 3503 782 3534 ΙΙΙ.

1148 3256 1200 3290 lex
1227 3267 1268 3289 ex
1296 3256 1416 3298 pietate
1438 3254 1579 3288 Helenae
1605 3255 1784 3301 Augustae,
1810 3257 2027 3292 Dominicam

1147 3317 1275 3339 crucem
1296 3302 1478 3349 agentibus
1502 3302 1662 3340 defoffam
1681 3308 1871 3349 quatientis,
1897 3307 1939 3342 de
1963 3316 2026 3350 qua

1148 3355 1218 3397 post
1242 3365 1402 3398 repertum
1431 3353 1501 3397 ejus
1521 3354 1656 3390 titulum
1678 3356 1787 3391 scribit
1810 3358 1846 3392 in
1869 3354 2028 3390 Thedofii

1148 3403 1290 3449 Augusti
1317 3403 1446 3439 funebri
1469 3406 1625 3440 encomio
1650 3407 1788 3441 Sanctus
1812 3405 2021 3443 Ambrosius:

1146 3454 1298 3489 Metuebat
1317 3456 1429 3491 calcare
1438 3455 1799 3501 Sacramentumsalum„
1825 3457 1858 3490 id
1871 3454 1915 3489 est
1928 3478 1939 3492 ‚
1964 3463 2029 3488 ter-

1565 3506 1598 3540 R
1895 3513 1979 3542 tarn,
