2340 3762
633 158 936 214 Seuerus,
978 175 1040 205 ετ
1075 158 1269 206 Nous
1306 172 1677 204 urusrkAn.

1890 177 1982 208 201

305 243 450 292 Qaestio
471 243 516 279 est
537 269 548 284 ,
582 242 639 278 An
661 243 860 280 monachalis
896 244 930 277 &
954 240 1122 277 clericalis
1160 240 1499 289 rsusceptoritrqdin
1524 240 1667 287 Imagini
1691 240 1852 278 Crucifixi
1876 244 2060 287 adpenden-

250 296 383 330 eonsura
407 294 491 338 apud
514 295 666 334 Graecos,
691 295 739 329 uti
761 296 835 329 sunt
855 293 939 338 apud
961 293 1120 332 Latinos,

245 344 370 379 fuerint
393 347 514 388 semper
527 344 678 379 diversae?
706 343 902 388 Respondeo
921 343 1030 377 fuisse.
1058 343 1117 376 Ec-

245 393 419 430 elefiastica
441 392 658 435 Hierarchia,
685 394 800 429 Sanno
827 393 995 436 Dionysio
1018 393 1120 427 Areo·

245 445 366 489 pagitae
386 444 499 489 paffim
519 444 674 487 adscripta
687 469 698 484 ,
723 457 776 480 eas
797 444 903 488 palum
925 443 1098 488 distinguit
1112 466 1120 474 .

246 494 362 528 Habet
383 495 473 530 enim
497 493 586 527 hunc
597 495 748 529 titulum:
776 494 936 535 Mysterium
958 493 1121 533 monasticae

246 542 464 587 consecrationis
484 568 491 576 .
536 544 580 577 Et
602 544 685 579 infr&
708 545 820 590 stfftuimt
841 569 851 576 .
887 545 1027 576 Sacerdos
1043 543 1122 587 figno

244 599 340 628 crucis
351 592 524 627 monachum
534 592 727 638 consignatum
736 593 839 628 ton'det
850 619 861 633 ,
887 600 1022 635 omnique
1042 593 1121 633 veste

246 643 383 677 dett-aaa
396 668 406 684 ,
432 655 498 677 eum
506 645 570 676 alia
580 647 699 678 induit.
727 642 826 688 Apud
838 643 965 677 Graecos
978 643 1041 676 fuit
1066 643 1122 677 tri-

244 693 322 737 pkx
343 693 433 727 sacrae
458 695 597 728 tonsurae
617 706 721 739 genus
738 719 750 736 ,
776 693 944 727 Clericalis
963 718 974 733 ‚
1003 693 1121 726 Mona-

243 739 369 783 chalis‚
395 744 430 778 &
454 743 661 787 Baptismalis
680 768 692 785 ,
719 743 828 778 statim
857 743 928 786 post
952 742 1119 786 Baptisma

241 793 316 827 :fieri
325 794 510 833 consuetae,
535 794 628 836 cujus
644 794 743 828 ritum
755 818 767 834 ‚
794 805 835 827 ex
856 793 997 834 antiquis
1009 792 1122 831 Rituaf

240 841 328 876 libus
340 840 428 876 libris
437 841 639 884 desumptum
652 867 663 881 ,
690 841 903 886 Euchologio
916 843 974 875 suo
987 842 1121 875 inseruit

241 890 383 935 jacobus
393 891 550 925 Goartius
560 914 571 930 ,
599 901 756 934 magnum
769 891 879 924 lumen
893 890 1028 926 Ordinis
1042 890 1120 924 Prae-

239 939 427 974 dicatorum
438 964 445 971 .
473 939 553 982 Ejus
563 940 677 974 titulus
689 941 753 973 est:
771 944 874 972 Oratio
884 941 929 972 ad
935 941 1119 974 tondendum

235 989 386 1032 puellum.
413 990 532 1023 Oratio
543 988 663 1024 habet.-
689 991 821 1023 Benedic
844 988 920 1023 bunc
939 989 1120 1033 praesentem

237 1039 384 1082 puellum.
413 1039 609 1082 Etiterum3
637 1042 768 1073 Benedic
778 1039 844 1073 bute
856 1037 1002 1083 prasenti
1017 1039 1121 1082 famu-

240 1091 269 1123 lo
277 1098 325 1122 tuo
335 1091 396 1122 una*
406 1100 471 1123 cum
479 1088 645 1132 Sufteptore
662 1093 743 1131 ejus.
771 1089 874 1124 Porro
900 1090 1044 1133 Symeon
1059 1090 1120 1124 Ar-

239 1136 789 1182 chi-EpiscopusTheffalonicenfis
814 1140 931 1184 quaerir
946 1165 957 1180 ,
983 1140 1120 1183 Propter

241 1187 324 1233 quid
343 1190 474 1223 tonsura
495 1189 552 1222 fiat
575 1190 610 1223 in
634 1190 831 1233 baptizatis?
858 1191 901 1224 Et
923 1189 1119 1233 respondet:

237 1238 309 1279 Post
317 1237 552 1281 chrismationem
562 1241 664 1273 tondet
673 1242 812 1273 Sacerdos
823 1245 856 1273 in
874 1246 965 1273 crucis
982 1240 1113 1284 figuram

1182 291 1242 326 dos
1254 317 1261 324 .
1288 292 1337 325 lt&
1350 290 1404 325 ille
1416 292 1598 335 susceptum
1609 293 1626 325 ὲ
1642 293 1673 325 se
1686 292 1832 334 puellum
1843 293 1976 328 Christo
1988 294 2060 327 Do-

1183 342 1276 375 mino
1298 341 1450 376 offerebat
1466 366 1475 381 ,
1501 341 1770 383 commendabat,
1798 343 2006 377 consecrabat
2029 367 2037 374 .

1233 393 1276 425 Et
1299 390 1376 425 hinc
1401 391 1563 435 intelliges
1602 391 1809 425 Anastafium
1842 391 2061 426 Bibliotheca·

1183 440 1288 480 rium,
1314 442 1348 475 in
1359 441 1477 475 oecavae
1487 440 1613 484 Synodi
1627 443 1814 485 praefatione
1834 441 2000 476 dicentem
2020 441 2062 474 de

1176 490 1269 536 Rege
1282 491 1513 535 Bulgarorum.
1545 494 1583 523 In
1596 492 1715 524 tantam
1729 498 1830 533 pietas
1856 499 1950 529 crevit
1971 494 2060 523 Prin-

1174 547 1266 583 cipis,
1296 539 1517 575 &abundabat
1537 545 1615 572 circa
1631 542 1760 574 Beatum
1783 543 1904 575 Petrum
1938 552 2061 575 venera-

1173 597 1261 624 tionis
1273 590 1399 633 affefflc,
1423 599 1458 623 ut
1486 590 1620 634 quadam
1629 591 1677 622 die
1684 597 1807 632 propria
1824 603 1915 625 manu
1940 592 2059 634 capulos

1170 640 1238 683 suos
1259 640 1488 683 apprehenderit
1502 643 1530 680 “,
1565 641 1600 673 &⁸
1623 641 1886 681 contemplantibus
1919 641 2033 686 eunc'lis
2050 665 2061 681 ,

1174 694 1316 724 Romani—s
1328 691 1416 731 Mtffis
1430 691 1594 723 tradiderit
1605 711 1615 727 ‚
1640 691 1741 722 dicens
1754 702 1760 721 :
1788 695 1896 723 Omnes
1910 695 2059 724 Primates

1173 742 1206 773 (θ’
1217 741 1311 774 cunc‘li
1321 740 1423 782 populi
1434 741 1634 782 Balgarorum
1645 748 1734 772 terrae
1747 738 1916 782 cognoscant
1947 742 1986 773 ab
2009 740 2060 774 ho-

1173 791 1277 823 dierna
1286 792 1334 823 die
1346 801 1392 823 me
1398 787 1523 832 servum
1526 788 1598 830 fore
1610 788 1674 831 post
1688 792 1783 822 Deum
1798 790 1889 822 Beati
1913 793 2001 822 Petrt
2024 792 2059 824 <7

1172 842 1236 879 eius
1258 842 1368 873 Vicarii
1388 863 1399 880 ‚
1426 838 1601 872 Pontificis
1624 838 1771 873 Romani
1792 864 1799 870 .
1842 839 1954 873 Etiam
1978 838 2060 875 libet

1174 889 1376 923 Pontificalis
1387 887 1467 922 dicit
1479 887 1519 922 de
1533 886 1707 922 Benedisto
1720 888 1862 923 secundo
1875 889 2038 923 Pontifice
2050 914 2059 921 .

1172 942 1224 972 Hic
1241 937 1366 981 suscepit
1390 938 1531 971 mallones
1551 939 1723 979 capillorum
1748 943 1869 972 Domini
1885 939 2058 984 justiniam·

1176 987 1327 1028 secundi,
1351 989 1384 1021 (ν’
1405 989 1557 1029 Heraclii,
1579 988 1704 1030 filiorum
1725 991 1942 1030 Clementiffimt
1969 992 2062 1023 Prin-

1169 1045 1245 1081 cipis
1256 1038 1470 1073 Constantini
1493 1037 1686 1082 pogonati,
1706 1038 1795 1080 fimul
1817 1040 1850 1072 (ν
1874 1040 2028 1081 juffionem
2047 1065 2059 1081 ,

1166 1098 1220 1131 per
1241 1100 1331 1132 quam
1346 1087 1493 1132 fignificat
1519 1087 1632 1131 eosdem
1654 1089 1777 1130 capillos
1806 1089 1942 1132 direxisse
1965 1115 1972 1122 .
2013 1089 2059 1124 Et
2075 1112 2111 1143 Α.
2126 1122 2142 1147 7
2148 1121 2192 1148 55-

1172 1139 1306 1183 Regino
1319 1136 1430 1171 Abbas
1445 1137 1659 1173 Prumienfis.
1688 1139 1814 1172 Carolus
1827 1142 1957 1182 Magnus
1985 1141 2059 1181 Pip-

1165 1194 1271 1230 pinum
1292 1189 1389 1232 filium
1405 1186 1495 1230 suum
1515 1190 1561 1222 ad
1570 1189 1792 1230 Luitprandum
1818 1187 2060 1233 Langobardo-

1168 1250 1243 1273 rum
1259 1243 1367 1285 Regem
1379 1240 1497 1274 direxit
1509 1263 1519 1279 ‚
1545 1246 1578 1271 ut
1589 1240 1655 1283 ejus
1672 1240 1771 1279 Juxta
1792 1250 1901 1272 morem
1918 1240 2059 1282 capillum

1169 1289 1334 1329 incideret,
1359 1295 1411 1331 qui
1423 1291 1490 1330 eJ'us
1514 1287 1667 1332 caesariem
1676 1289 1812 1322 incidens
1834 1294 1860 1322 et
1879 1297 1969 1332 pater
1990 1288 2060 1330 effe-

1168 1339 1232 1372 διω-
1244 1338 1282 1379 est
1292 1362 1303 1378 ‚
1329 1337 1483 1381 multisque
1498 1350 1563 1372 eum
1576 1339 1693 1372 ditavit
1705 1345 1792 1382 regiis
1804 1340 1975 1373 muneribus
1991 1364 2003 1380 ‚
2023 1340 2058 1374 ὁ·

1161 1394 1292 1432 genitori
1314 1386 1440 1428 remifit.
1470 1389 1517 1423 Ea
1541 1388 1643 1433 igitur
1665 1388 1815 1423 detonfio
1840 1400 1897 1423 aut
1920 1388 2060 1423 donatio

1167 1436 1360 1480 capillorum
1383 1445 1452 1471 erat
1473 1438 1553 1472 ritus
1579 1437 1716 1479 seipsum
1738 1436 1923 1472 devovendi
1948 1450 1986 1472 ac
1998 1438 2058 1472 do-

1169 1486 1270 1521 nandi
1296 1485 1331 1519 in
1348 1485 1545 1530 obsequium
1565 1511 1576 1527 ‚
1602 1486 1857 1531 profitendaeque
1876 1488 2056 1523 servitutis.

173 1294 182 1309 ¹
237 1289 361 1331 capillos
371 1294 482 1331 eapitis
493 1291 572 1329 ejus.
600 1289 759 1325 Producit
769 1291 911 1324 rationes
919 1315 930 1330 ,
954 1289 989 1323 ὅ(
1001 1288 1090 1324 addit
1102 1314 1109 1322 .

239 1337 367 1381 Inficper
378 1340 478 1381 capilli
494 1338 605 1379 chr1st0
615 1338 777 1379 offeruntur
785 1342 866 1374 velut
882 1345 1030 1382 primmae
1041 1365 1051 1381 ,
1076 1342 1111 1374 (st

231 1386 411 1431 Jacrlffllum
423 1387 547 1422 humani
557 1390 683 1430 corporis
694 1397 727 1423 in
736 1388 903 1431 baptizato.
936 1391 1012 1426 Sunt
1031 1395 1110 1422 enlm

235 1436 324 1469 velut
343 1441 431 1469 totius
450 1443 576 1478 corporis
597 1438 749 1471 exhalatio
771 1461 778 1469 .
806 1439 876 1471 Ideo
896 1437 1039 1479 Pontifex
1062 1449 1109 1470 eos

236 1493 367 1529 acceptos
393 1509 407 1526 ‚
433 1497 491 1519 non
509 1493 543 1519 ut
560 1484 626 1529 sors
651 1488 743 1525 tulit,
769 1488 952 1531 negligenter
969 1488 1109 1529 projicit,

231 1533 332 1579 sedin
342 1533 486 1579 locosacro
506 1542 643 1578 reponit.
670 1535 876 1585 Qibusdam
896 1537 932 1571 in
953 1536 1034 1574 locis
1054 1548 1111 1576 eos

578 1917 1253 2008 CANON
1424 1918 1699 2008 XV*

229 2164 538 2306 CLericus
573 2167 630 2217 ab
664 2169 840 2219 instanti
876 2186 1069 2240 tempore
1102 2189 1192 2222 non
1225 2186 1558 2220 connumeretur
1600 2172 1648 2219 in
1682 2168 1849 2220 duabus
1897 2173 2051 2223 Eccle-

397 2238 466 2287 fiis
491 2275 504 2286 .
541 2233 871 2302 Negotiationis
904 2245 1022 2291 enim
1056 2241 1116 2291 est
1150 2242 1237 2292 hoc
1272 2245 1316 2290 δε
1351 2243 1489 2308 turpis
1524 2241 1746 2290 commodi
1794 2246 2044 2310 proprium,

395 2307 454 2356 ab
487 2309 782 2360 Ecclefiastica
816 2311 1123 2363 consuetudine
1157 2310 1332 2381 penitus
1365 2312 1551 2360 alienum
1578 2346 1591 2358 .
1627 2310 1892 2361 Audivimus
1928 2317 2046 2364 enim

218 2394 276 2426 ex.
321 2375 412 2446 ipsa
447 2380 685 2428 Dominica
719 2399 830 2431 voce
870 2401 883 2430 :
930 2386 1038 2451 Qia
1082 2402 1184 2431 nemo
1212 2381 1330 2450 potest
1364 2380 1498 2429 duobus
1533 2386 1702 2429 Dominis
1749 2379 1899 2447 servire
1929 2421 1942 2446 ‚
1979 2402 2046 2431 aut

215 2450 317 2493 ‘enim
352 2467 464 2494 unum
498 2448 578 2496 odio
611 2448 759 2498 habebit
791 2489 805 2512 ‚
839 2457 899 2499 <9⁴
932 2454 1094 2502 alterum
1127 2452 1255 2520 dilzget
1287 2487 1301 2511 ‚
1338 2467 1406 2497 aut
1440 2471 1554 2499 unum
1579 2450 1772 2518 sustinebit
1798 2489 1812 2512 ,
1848 2458 1907 2500 &⁴
1940 2453 2038 2501 alte-

219 2535 309 2563 rum
361 2534 561 2566 contemnet
592 2554 606 2567 .
663 2520 965 2590 Uuusquisque
1012 2523 1118 2587 ergo
1153 2519 1384 2573 secundum
1419 2522 1713 2590 Apostolicam
1764 2540 1920 2573 vocem
1956 2527 2040 2574 in...

219 2603 314 2653 quo
347 2603 532 2638 vocatus
567 2588 628 2638 est
649 2625 663 2649 ,
698 2594 744 2639 in
779 2593 864 2641 hoc
898 2593 1028 2644 debet
1062 2610 1235 2643 manere
1270 2631 1283 2655 ,
1338 2595 1380 2639 &
1415 2593 1461 2639 in
1496 2610 1579 2642 una
1615 2594 1749 2642 locari
1786 2594 2039 2643 Ecclesia...

218 2659 331 2717 Quae
365 2659 483 2706 enim
518 2677 596 2727 per
630 2676 754 2729 turpe
790 2662 954 2712 lucrum
991 2667 1037 2713 in
1073 2662 1378 2714 Ecclefiasticis
1413 2661 1538 2711 rebus
1573 2662 1815 2712 efficiuntur
1849 2701 1862 2724 ,
1898 2665 2040 2714 aliena

216 2726 451 2776 confistunt
486 2726 512 2777 ὲ
548 2733 650 2779 Deo
673 2765 686 2778 .
722 2731 795 2781 Ad
829 2735 933 2783 vitae
966 2733 1072 2784 vero
1107 2735 1232 2802 huJ’us
1267 2731 1555 2784 neceffitatem
1591 2733 1729 2785 studia
1763 2734 1859 2783 sunt
1894 2733 2040 2784 diver-

213 2793 313 2875 ¹sae
375 2800 442 2846 Ex
486 2798 556 2847 his
604 2798 711 2850 vero
761 2805 839 2870 qui
875 2805 1062 2854 voluerit
1087 2842 1101 2867 ,
1137 2808 1334 2874 acquirat
1370 2807 1564 2872 corporis
1611 2819 1856 2873 opportuna
1896 2840 1909 2851 .
1957 2809 2037 2855 Ait

214 2878 338 2913 emm
370 2867 601 2934 Apostolus
650 2890 662 2921 ι
710 2873 778 2920 Ad
826 2893 870 2921 ea
905 2894 981 2941 quae
1017 2873 1109 2923 mihi
1143 2893 1231 2944 opus
1264 2891 1370 2925 erant
1404 2912 1417 2937 ,
1454 2879 1512 2921 Θ·
1547 2873 1605 2922 his
1641 2880 1703 2940 qui
1736 2891 1878 2921 mecum
1904 2873 1999 2939 fiant
2023 2913 2037 2936 ,

214 2933 520 2998 ministraverunt
553 2959 684 2990 manus
718 2943 793 3008 istae
827 2983 840 2995 .
889 2948 947 2994 Et
984 2946 1074 2995 haec
1120 2947 1299 3014 quidem
1348 2947 1394 2994 in
1430 2946 1512 2995 hac
1548 2943 1574 2993 ἐι
1609 2948 1711 2993 Deo
1746 2943 2038 2995 conservanda

219 3002 328 3053 urbe
362 3025 379 3063 3
424 3022 625 3059 caeterum
661 3014 709 3064 in
745 3016 862 3067 villis
897 3052 911 3078 ,
961 3035 1059 3086 quae
1095 3017 1202 3068 foris
1236 3016 1332 3069 sunt
1368 3053 1382 3078 ,
1430 3031 1610 3085 propter
1661 3017 1861 3084 inopiam¹
1893 3016 2036 3067 homi-

215 3090 326 3125 num
361 3073 656 3141 indulgeatur.

738 3290 1511 3394 fflffifflsszssnkssfflmnssz

1472 3494 1503 3533 C
1529 3510 1549 3533 e
1845 3494 1983 3531 sCHo·

314 3482 418 3528 chrm.
429 3490 507 3534 Lupi
518 3493 599 3536 oper.
610 3494 689 3529 rom.
702 3496 756 3532 m
