2340 3762
604 153 922 210 Senot-'1195
948 165 1016 195 ετ
1049 148 1244 196 Nous
1278 147 1667 196 runs-rizans.
1879 164 1982 205 209

491 383 1175 482 CANON
1315 304 1840 475 xx‘n„

377 656 446 703 Eo
495 651 676 721 quidem
725 665 869 702 totum
915 651 1191 702 committere
1222 686 1238 712 ‚
1283 654 1328 701 &
1374 667 1463 701 non
1511 648 1699 718 propriis
1752 646 2052 698 voluntatibus

409 730 621 782 deservire
653 767 667 791 ,
704 744 860 792 magna
892 744 960 777 res
993 727 1053 775 est
1088 762 1100 774 .
1148 723 1188 772 S
1189 722 1277 773 ive
1312 720 1441 772 enim
1476 716 1799 770 manducatis
1829 714 1942 786 sive
1978 716 2053 769 bt..

409 799 525 853 bl'fis
575 842 593 862 s
643 811 832 860 Divinus
868 806 1101 875 Apostolus
1135 801 1246 851 dicit
1289 834 1306 858 ,
1363 796 1549 847 Omnia
1597 793 1650 845 in
1689 790 1908 862 gloriam
1944 792 2081 842 Dei-

218 875 390 950 facite
426 915 437 925 .
501 881 700 930 Christus
734 882 840 944 ergo
874 884 996 930 Deus
1030 878 1170 930 noster
1214 879 1261 926 in
1309 875 1560 938 Evangeliis
1606 873 1689 924 suis
1738 876 1866 923 initia
1900 889 2055 941 pecca-

230 967 374 1001 torum
410 950 599 999 recidere
633 954 838 1019 praecepit
873 986 885 997 .
936 954 1045 1002 Non
1079 952 1196 1000 enim
1230 947 1419 998 moechia
1465 944 1522 994 ab
1570 963 1626 996 eo
1675 945 1848 995 tantum
1883 944 2053 995 inhibe-

229 1036 301 1072 tur
334 1058 348 1082 ,
382 1018 456 1071 sed
488 1026 532 1072 &
566 1024 707 1073 motio
740 1023 1022 1086 cogitationis
1057 1020 1114 1070 ad
1149 1018 1345 1068 moechiae
1378 1014 1646 1067 commissum
1682 1014 1912 1064 damnatur
1937 1051 1951 1075 ‚
1987 1014 2055 1064 di-

229 1112 358 1147 cente
391 1115 445 1147 eo
482 1113 494 1143 :
533 1088 637 1158 Qus
674 1089 871 1144 viderit
908 1088 1165 1142 mulierem,-
1188 1087 1262 1140 ad
1288 1082 1729 1157 concupiscendum
1760 1101 1869 1135 eam
1888 1124 1905 1144 ,
1936 1090 2055 1153 jam

230 1167 503 1219 maechatus
541 1166 605 1237 est
641 1184 749 1216 eam
790 1168 845 1218 in
882 1163 1022 1216 corde
1047 1163 1151 1236 suo
1189 1203 1200 1214 .
1257 1168 1375 1218 Hinc
1422 1167 1527 1229 ergo
1574 1165 1715 1215 edocsti
1762 1166 2057 1227 cogitationes

228 1240 435 1291 debemus
470 1240 677 1292 mundare
710 1278 723 1289 .
772 1246 892 1291 Nam
939 1240 1017 1289 etfi
1051 1240 1200 1289 omnia
1235 1240 1368 1288 licent
1403 1275 1416 1299 ‚
1466 1235 1538 1286 sed
1585 1253 1674 1285 non
1722 1238 1873 1285 omnia
1925 1253 2057 1303 expe-

229 1311 358 1361 diunt
392 1347 406 1372 ‚
453 1329 503 1362 ut
537 1330 590 1360 ex
624 1311 878 1378 Apostolica
922 1328 1032 1361 voce
1066 1309 1274 1360 docemur
1306 1347 1321 1356 .
1369 1305 1662 1376 Necessarium
1697 1305 1802 1368 ergo
1837 1304 1900 1355 est
1933 1307 2058 1356 omni

229 1382 399 1429 homini
435 1381 693 1430 manducare
729 1396 778 1428 ut
812 1384 936 1430 vivat
970 1416 983 1438 ,
1029 1384 1073 1427 δε
1108 1376 1286 1444 quidem
1334 1381 1448 1426 inter
1481 1394 1556 1425 eos
1590 1412 1604 1435 ,
1658 1375 1817 1441 quibus
1864 1378 1959 1424 vita
1994 1375 2057 1423 est

227 1451 476 1516 nuptiarum
512 1485 526 1510 ‚
577 1455 620 1499 δε
656 1464 857 1498 natorum
904 1464 1038 1515 atque
1073 1448 1239 1496 laicalis
1285 1444 1457 1495 affeetus
1493 1481 1507 1506 ‚
1555 1444 1816 1493 manducare
1850 1446 1968 1493 viros
2011 1448 2058 1494 δε

228 1521 428 1569 mulieres
462 1557 477 1580 ,
512 1521 619 1568 nulli
654 1517 913 1569 detractioni
948 1531 1073 1586 patet
1107 1537 1125 1573 ;
1170 1516 1342 1565 tantum
1378 1532 1427 1566 ut
1462 1517 1503 1563 ei
1538 1551 1552 1575 ,
1601 1518 1681 1581 qui
1715 1514 1793 1564 dat
1828 1513 2013 1564 escam-2
2040 1552 2058 1576 ,

231 1592 390 1652 gratias
426 1605 557 1653 agant
590 1626 604 1650 ,
649 1594 695 1638 δε
729 1607 820 1638 non
871 1588 928 1639 ab
961 1591 1023 1637 eis
1058 1604 1134 1653 per
1168 1585 1376 1653 quasdam
1412 1586 1673 1652 thymelicas
1709 1585 1955 1652 voluptates
1991 1582 2059 1633 sa..

228 1659 373 1709 thanae
408 1661 554 1723 imago
587 1658 864 1726 cantantibus
898 1655 1177 1725 cytharisque
1195 1718 1206 1724 -
1223 1672 1357 1724 atque
1403 1656 1660 1714 meretriciis
1704 1654 2058 1705 contortionibus

226 1729 319 1778 coli
354 1729 553 1778 videatur
587 1767 599 1778 .
649 1729 820 1799 Qibus
859 1727 1138 1796 ‘superveniet
1187 1726 1446 1795 Prophetica
1499 1723 1745 1774 maledictio
1778 1761 1791 1786 ,
1841 1743 1939 1792 quae
1989 1725 2057 1775 ita

226 1803 338 1853 dicit
375 1816 389 1849 .·
427 1797 498 1850 Va
538 1799 626 1872 qui
661 1815 774 1848 cum
812 1796 1014 1850 cithara
1052 1787 1116 1847 &²
1140 1794 1384 1869 psalterio
1420 1794 1601 1846 vinum
1639 1791 1806 1846 bibunt
1842 1836 1861 1857 ,
1907 1806 2056 1866 opera

227 1886 398 1925 autem
447 1872 678 1924 Domini-³
706 1890 800 1924 non
847 1872 1114 1923 intuentur
1150 1911 1166 1932 ,
1211 1869 1274 1920 Εἴ
1321 1882 1467 1941 opera
1516 1881 1757 1920 manuum
1809 1876 1921 1941 ejus
1958 1887 2055 1921 non

227 1946 515 2018 intelltgunt
555 1989 566 2001 .
616 1957 675 2003 Et
710 1953 742 2003 fi
777 1953 956 2023 usquam
993 1951 1151 2001 fuerint
1185 1953 1298 2000 inter
1332 1950 1601 2001 Christianos
1637 1951 1880 2016 hujusmodi
1906 1988 1920 2012 ,
1955 1970 2054 2003 cor-

228 2025 423 2085 rigantur
455 2058 470 2069 .
519 2025 593 2071 Sin
626 2038 772 2071 autern
807 2059 820 2084 ‚
867 2023 1098 2072 obtineant
1131 2019 1254 2088 super
1299 2023 1363 2071 eis
1413 2038 1509 2088 quae
1543 2018 1639 2068 sunt
1675 2037 1776 2071 ante
1811 2040 1892 2072 nos
1926 2040 2053 2086 regu-

228 2093 375 2141 lariter
409 2091 527 2141 edita
562 2129 575 2140 .
624 2092 796 2161 Qbus
832 2108 976 2152 autem
1012 2095 1105 2141 vita
1139 2091 1201 2139 est
1234 2090 1424 2140 solitaria
1457 2095 1500 2140 &
1536 2093 1659 2139 unius
1695 2095 1825 2142 moris
1854 2130 1867 2154 ,
1905 2108 1953 2141 ut
1988 2096 2053 2143 eis

227 2161 435 2212 videlicet
471 2200 484 2224 ‚
531 2164 609 2228 qui
644 2165 831 2212 Domini
864 2167 1014 2227 jugum
1049 2161 1090 2211 se
1127 2161 1335 2224 singulare
1372 2161 1523 2210 tollere
1560 2160 1771 2228 spondent
1807 2200 1819 2224 ‚
1869 2161 2050 2218 sedere...

228 2236 272 2280 &
308 2247 449 2281 tacere
485 2234 690 2282 convenit
722 2272 738 2286 .
789 2233 883 2299 8(τάΗ
905 2238 948 2282 &
986 2233 1052 2281 his
1086 2268 1100 2293 ,
1137 2234 1216 2299 qui
1250 2230 1458 2281 sacratarn
1494 2233 1659 2294 elegere
1693 2236 1831 2282 vitam
1867 2271 1880 2293 ,
1927 2235 2050 2283 nullo

228 2302 363 2351 modo
399 2303 503 2351 licet
538 2299 700 2352 secreto
735 2321 833 2352 cum
869 2301 1120 2352 mulieribus
1155 2304 1378 2351 convivari
1415 2323 1427 2360 3
1477 2301 1553 2349 nifi
1590 2301 1700 2351 forte
1737 2321 1835 2351 cum
1871 2302 2049 2371 quibus-

227 2368 329 2420 dam
366 2376 510 2421 Deum
547 2373 800 2422 timentibus
837 2379 879 2424 δε
915 2370 1159 2422 reverendis
1186 2375 1300 2422 viris
1336 2373 1406 2422 vel
1442 2374 1574 2420 etiam
1611 2372 1862 2422 mulieribus
1888 2411 1901 2434 ‚
1939 2391 2047 2441 qua-

229 2442 356 2490 tenus
393 2447 436 2491 δε
471 2441 560 2509 ipsa
596 2446 849 2493 convivatio
883 2443 939 2492 ad
974 2443 1251 2492 directionem
1287 2440 1522 2509 spiritalem
1558 2442 1757 2508 proficiat
1792 2481 1805 2504 ‚
1856 2448 1899 2493 &
1935 2447 2050 2493 inter

228 2509 563 2574 consanguineos
610 2530 785 2581 quoque
820 2513 1002 2582 idipsum
1037 2512 1247 2562 efficiatur
1283 2548 1296 2560 .
1347 2511 1585 2579 Rursusque
1626 2513 1658 2561 fi
1693 2516 1925 2577 contigerit
1962 2516 2048 2564 in...

229 2582 385 2629 itinere
432 2583 695 2631 monachum
742 2585 813 2634 vel
860 2584 1071 2633 sacratum
1118 2586 1261 2634 virum
1307 2601 1395 2631 non
1443 2582 1715 2633 circumferre
1762 2602 1859 2652 quae
1912 2587 2046 2634 victui

229 2666 475 2717 opportuna
522 2650 617 2700 sunt
650 2690 663 2713 ,
711 2657 753 2702 &
800 2670 976 2722 propter
1022 2652 1313 2702 neceffitatem
1359 2652 1570 2704 divertere
1618 2653 1703 2704 five
1746 2657 1792 2704 in
1838 2653 2043 2702 Xenodo-

230 2721 376 2768 chium
411 2758 425 2782 ,
473 2721 558 2771 five
606 2726 651 2771 in
686 2722 864 2773 domum
899 2726 1079 2790 alicujus
1114 2760 1127 2783 ‚
1175 2724 1397 2775 licentiam
1446 2724 1623 2775 habebit
1671 2725 1756 2776 hoc
1806 2723 1992 2774 faciendi
2027 2760 2043 2786 ‚

233 2804 455 2858 tamquam
490 2809 669 2856 urgente
702 2793 945 2845 necestitate
965 2830 978 2842 .

337 3416 444 3466 christ.
459 3420 538 3465 Lupi
546 3424 633 3464 oper.
645 3421 725 3463 Tom-
733 3421 791 3457 m.
1503 3420 1540 3457 D
1564 3423 1585 3459 d
1855 3425 1990 3462 SCHo-
