2340 3762
640 177 726 207 »DE
761 175 1007 206 SEPTIMA
1042 159 1282 204 SYNono
1317 155 1658 202 Genauam.

251 247 315 286 tia,
339 243 548 288 presbyteros
571 254 610 279 ac
621 244 811 285 Diaconos,
834 252 868 277 at
888 239 1125 276 veroinnume·

1901 176 1933 208 2
1940 175 2005 216 29

1192 238 1304 274 Latini
1315 238 1401 278 filius
1411 236 1625 272 Wenceslaus
1635 259 1647 277 ‚
1670 235 1762 279 cujus
1784 239 1905 285 ignava
1918 240 2072 285 improbi.

250 307 359 331 nrum
368 295 403 329 in
416 296 509 329 Italia
536 307 574 330 ac
587 295 698 329 Sicilia
708 294 880 329 civitatum
898 292 1096 336 Episcopos‚
1108 290 1125 324 ὲ
1191 300 1240 325 tas
1252 288 1356 331 haeresr
1368 289 1531 329 Huffitica
1544 312 1555 328 ‚
1580 287 1733 323 omnium
1747 286 1980 326 hodiernorum
2006 305 2074 328 rna-

239 343 386 382 {ruffino
396 346 500 380 dictos
527 344 786 384 suburbicarios,
812 343 985 382 Romanus
997 343 1127 386 Episco-

1189 340 1299 375 lorum
1309 340 1439 385 origine
1447 364 1460 383 ‚
1484 338 1612 374 faedavit
1624 337 1837 377 Germaniam
1848 363 1861 379 ‚
1885 343 2076 388 prodiglos&

232 407 309 441 {pus
319 397 518 431 consecraret
530 420 537 428 .
564 394 675 430 Sicilia
688 394 777 430 urbis
786 392 923 428 vicario
945 402 1125 436 numquam
1190 390 1315 424 minxit
1326 384 1361 430 in
1375 384 1610 430 sacrosanssum
1622 388 1763 423 fontem.
1790 387 1926 424 Etenim
1939 391 1973 424 &
1986 392 2075 436 apud.

245 448 371 490 paruit:
400 447 468 482 Cur
482 446 643 480 Romanae
667 443 841 489 metropoli
863 443 987 489 adjessa
1009 442 1126 490 fuerit?

229 495 313 533 ‘huc
325 499 424 541 usque
438 498 559 541 ignoro
568 520 578 528 .
773 495 776 497 “

292 546 458 583 Romanae
469 546 569 590 igitur
580 546 729 586 Ecclefiae
740 545 855 582 volens
868 556 926 589 pro
935 542 1059 578 viribus
1070 554 1128 577 no-

243 607 317 632 cere
325 598 397 632 Leo
405 596 531 636 isaurus
543 598 682 637 mutavit
695 597 854 632 violenter
864 594 933 630 haec
945 595 1059 630 omnia
1071 618 1081 634 ‚
1090 593 1125 626 &

243 658 314 680 non
327 646 791 691 tantummodolllyricianam
805 647 977 681 Dioecefim
989 669 1000 686 ,
1027 644 1081 679 sed
1093 644 1128 677 &

239 697 393 735 Siciliam
417 709 458 732 ac
465 708 568 738 omne
578 696 679 738 hodie
691 698 847 744 Regnum
865 696 1126 740 Neapolitanum

241 746 409 789 transtulit
428 748 466 788 in
483 748 680 792 potestatem
700 745 954 791 Patriarchicam
979 746 1028 780 sui
1040 744 1126 779 Ana-

241 796 326 836 stafii
336 797 492 842 Episcopi
517 797 887 842 Constantinopolitani
898 821 907 830 .
936 795 1126 840 Vigefimus

232 849 377 886 uostavns
402 847 522 881 Canon
549 847 828 887 Chalcedonensis
853 857 970 880 omnes
991 844 1128 878 Patriar-

241 896 359 935 chatui
367 895 748 939 Qnstantinopolitano
763 895 919 938 subjestos
927 892 1129 937 Metropoli-

239 955 291 981 tas
315 945 452 986 mandat
476 945 714 989 ,consecrandos
737 945 779 979 ad
793 943 986 985 Parriarchae
1011 953 1128 978 manus

238 995 412 1036 accedere?
439 992 533 1029 Hinc
544 994 787 1038 Syracusanum
796 996 833 1031 in
844 995 956 1031 Sicilia
967 1018 979 1036 ,
991 1005 1030 1029 ac
1042 993 1126 1028 alios

235 1045 277 1080 in
301 1044 385 1080 diua
409 1045 507 1087 ltalia
532 1045 714 1090 Episcopos
739 1046 866 1090 plures,
890 1045 961 1088 quo
984 1045 1127 1089 Regiam

237 1094 355 1130 urbem
365 1093 578 1137 consectandi
603 1104 660 1130 aut
671 1096 734 1131 alia
759 1096 859 1138 asturi
881 1098 1068 1140 frequenter
1078 1106 1127 1129 ac-

237 1144 354 1180 cedere
364 1170 376 1186 ,
398 1144 588 1190 ibidemque
599 1145 825 1190 obedientiam
837 1145 982 1191 profiteri
999 1146 1103 1179 consti
1114 1169 1126 1186 ‚

236 1194 257 1229 ὲ
267 1194 423 1230 Romana
434 1195 577 1237 Ecclefia
587 1195 766 1240 plenissime
780 1206 999 1239 averterentur
1011 1219 1023 1235 ,
1041 1197 1127 1230 suos-

235 1255 302 1290 que
310 1245 616 1290 Comprovinciales
627 1257 828 1289 averterent,
855 1247 945 1282 idem
965 1246 1038 1281 Leo
1060 1257 1124 1281 ere-

235 1295 288 1330 xit
299 1295 334 1330 in
347 1295 603 1339 Metropolitas.
629 1297 801 1344 roirca
812 1296 1042 1338 panormitani
1065 1293 1124 1330 Ar·

235 1344 520 1390 ehi-Episcopatus
546 1345 722 1390 antiquitas
747 1346 794 1381 est
822 1348 931 1381 fumus
955 1347 991 1380 ἀ
1013 1346 1123 1389 palea:

234 1394 296 1430 Est
321 1406 405 1439 opus
428 1392 721 1434 Nortmannorum
748 1419 760 1435 ,
787 1396 846 1438 qui
870 1397 978 1438 ejectis
1003 1395 1124 1433 Graecis

230 1443 518 1487 Metropoliticam
530 1443 728 1489 dignitatem
738 1445 901 1489 Syracufis
917 1444 1122 1486 Panormun}

231 1491 468 1528 transtulerunt
484 1516 494 1526 .
763 1495 765 1497 ’

405 1763 937 1831 ςΑΡῌΤΙκ

335 1938 590 2014 Exponuritur
613 1963 748 1992 errores
771 1964 818 1992 ac
831 1945 1015 2010 facinora,

436 2012 666 2076 Constantini
688 2019 911 2082 Copronymi

542 2082 798 2150 Imperatoris.

305 2240 497 2288 Estilentia,
523 2251 613 2277 terrae
633 2243 781 2283 motibus
794 2268 805 2284 ,
829 2246 916 2279 fame
931 2268 942 2284 ‚
968 2241 1117 2280 rebellio-

328 2292 425 2327 nibus
447 2317 459 2339 ἒ
485 2292 630 2328 cladibus
643 2293 900 2329 infeliciffimum
920 2293 981 2332 fuit
992 2292 1116 2328 Leonis

227 2342 329 2376 Isauri
355 2342 533 2386 Imperium
548 2368 555 2375 .
581 2347 735 2387 Regnavit
757 2348 839 2386 Leo,
865 2344 974 2387 inquit
1000 2343 1118 2378 The0÷

229 2392 375 2435 phanes,
399 2392 438 2425 ab
450 2393 553 2433 ollam
562 2395 702 2427 calendas
717 2397 829 2436 Aprilis
854 2400 968 2437 quintae
993 2396 1114 2427 decima.-

231 2442 401 2475 indebitonis
412 2442 501 2486 usque
512 2445 556 2477 ad
566 2454 709 2485 quartum
733 2446 877 2482 decimum
896 2445 1037 2482 calendas
1052 2448 1115 2489 Ju-

230 2493 265 2524 111
275 2503 360 2526 nonae
369 2494 540 2531 indicium:
554 2519 564 2534 ,
590 2495 653 2527 ciam
663 2496 805 2540 regnasti-t
816 2501 906 2528 annis
916 2501 1031 2539 viginti
1042 2506 1116 2536 qua-

231 2551 299 2575 tuor
325 2565 336 2581 ,
361 2541 502 2586 menfibus
529 2543 640 2577 duobus
667 2569 679 2586 ‚
705 2545 808 2582 diebus
834 2550 945 2589 viginti
971 2570 979 2578 .
1017 2543 1115 2581 Adeo

231 2603 303 2626 non
317 2593 449 2637 pertigit
460 2593 501 2627 ad
511 2604 642 2631 centum
658 2595 786 2637 imperii
799 2607 928 2634 annm,
953 2595 972 2631 a
997 2595 1114 2628 venefi-

230 2642 280 2676 cis
296 2641 445 2681 Hebraeis
458 2643 647 2687 promissos.
675 2645 787 2679 Falsos
810 2655 921 2685 vates,
947 2643 1114 2679 Hulidum

229 2692 466 2732 Saracenorum
491 2692 676 2738 Principem
702 2695 871 2736 imitatus,
896 2695 1039 2730 omnino
1059 2694 1113 2729 de-

229 2740 343 2777 buerat
352 2741 394 2777 de
405 2743 470 2782 vita
481 2743 597 2777 tollere
610 2745 767 2786 successor
791 2746 825 2780 δε
846 2745 933 2779 filius
947 2758 958 2778 .·
985 2743 1112 2780 Verum

230 2790 467 2836 Coptonymus
492 2794 547 2833 seu
558 2794 765 2836 Stercoreus,
792 2794 985 2830 Caballinus
1004 2820 1015 2836 ,
1041 2794 1115 2830 Mae

228 2839 393 2883 nichaeus,
421 2843 575 2889 Judaeus,
600 2844 779 2892 Cayphas‚
807 2845 979 2886 Herodes,
1006 2845 1112 2886 Nero,

230 2890 330 2932 syrus
355 2914 367 2930 ,
400 2892 616 2930 Nestorianus
642 2893 658 2936 ‚'
690 2894 913 2937 Anti-Christi
937 2897 1111 2945 praecursor

234 2938 352 2974 merito
363 2940 408 2974 est
427 2942 482 2980 ille
493 2943 614 2981 diQus.

282 2989 404 3024 Prioris
413 2993 559 3030 nominis
570 2995 698 3029 causam
709 2995 810 3031 edicit
820 2993 1045 3040 Theophanes
1069 2995 1110 3034 ad.

230 3049 383 3083 quartum
393 3049 516 3079 annum
526 3042 650 3082 Leonis
660 3044 759 3080 Isauri
774 3072 781 3079 .
809 3048 886 3080 Cum
893 3048 1026 3081 Sanctus
1037 3049 1107 3079 Ger-

230 3101 341 3123 manus
352 3089 537 3130 patriarcha
561 3092 952 3140 Constantinopolitanus
972 3096 1112 3137 constan-

230 3143 329 3173 tinum
341 3139 535 3181 baptizaret,
560 3142 659 3179 dirum
669 3147 831 3188 quidquam
857 3149 892 3180 ab·
909 3146 1111 3189 foedumpar-

230 3190 322 3223 vulus
347 3188 557 3230 Constantinus
582 3191 717 3231 exhibuit
742 3206 948 3239 argumentum
969 3221 980 3236 ‚
998 3197 1110 3236 stercus

230 3244 368 3273 emittens
396 3246 429 3273 in
448 3238 588 3283 sanc‘l'um>
612 3241 795 3283 lavacrum,'
814 3247 860 3283 itci
886 3254 920 3277 ut
945 3249 1111 3282 Germanus

231 3288 403 3331 prophetice
428 3291 538 3324 diceret
564 3303 571 3323 ε
607 3291 844 3329 CONSTAT
870 3294 1113 3328 CHRISTlA-

235 3338 310 3372 NIS
338 3339 406 3372 ET
433 3340 679 3379 ECCLESIAE
705 3367 716 3382 ,
753 3342 992 3383 MAXLMI
1019 3345 1109 3383 PER

233 3386 350 3422 EUM
375 3389 499 3424 MALI
535 3390 898 3431 EFFICIENDI
934 3394 1038 3428 HOC
1064 3395 1111 3430 SI-

233 3435 390 3476 GNUM
414 3438 537 3477 ESSE.
564 3439 614 3476 lta
636 3442 748 3478 Caroli
773 3444 879 3489 quarti
907 3443 1112 3489 Imperatoris

1189 442 1320 476 Graecos
1339 440 1423 474 olim
1449 439 1485 474 δε
1509 439 1597 484 apud
1610 439 1750 473 Latinos
1759 436 1864 473 adulti
1889 440 2077 484 intrabant,

1190 491 1314 534 parvuli
1340 490 1531 531 naturaliter
1557 489 1641 523 nudi
1666 489 1755 530 fonti
1779 488 1890 529 eidem
1926 491 2077 535 impone-

1190 541 1328 577 bantur.
1976 536 1980 540 ”

1239 591 1379 627 Secundi
1407 589 1555 626 nominis
1579 589 1710 623 causam
1735 590 1876 629 edifferit
1886 588 2079 627 Theosteri-

1190 643 1257 676 stus
1267 643 1300 676 in
1316 642 1454 681 Niceta.
1480 640 1694 681 constantinus
1721 642 1874 681 tantopere
1879 641 2013 683 sordium
2037 644 2075 682 ts·

1188 694 1385 734 impuriffimae
1394 691 1532 735 cujusque
1541 697 1586 726 rei
1594 692 1673 724 malo
1684 691 1770 723 odore
1790 690 1993 725 delec‘labatur
2005 718 2017 734 ‚
2044 700 2079 727 ut

1189 744 1365 776 animalium
1380 743 1534 783 brutorum
1549 741 1723 782 stercoribus
1731 739 1766 784 fir
1783 741 1909 775 illiniret
1919 767 1930 783 ,
1960 749 1995 777 i&
2005 755 2052 777 eos
2065 766 2080 785 ‚

1188 799 1312 834 quicum
1323 791 1385 836 ipso
1397 801 1486 826 erant
1496 816 1508 831 ,
1534 794 1571 825 id
1573 791 1672 833 facere
1674 792 1795 833 juberet
1806 815 1818 831 ,
1843 803 1915 833 quos
1930 794 2056 827 amabat
2067 816 2080 837 ‚

1190 842 1225 875 ob
1245 844 1335 885 idque
1360 843 1484 887 benigne
1495 842 1676 885 excipiebat,
1710 840 1936 885 Theophanes
1963 843 2081 886 specia-

1189 892 1251 926 tim
1261 891 1427 926 caballino
1447 892 1587 928 stercore
1612 894 1648 927 δε
1673 892 1760 927 lotio
1772 892 1970 927 delectatum
1995 894 2082 927 affir-
2112 913 2117 918 κ

1188 951 1273 982 τηατ,
1298 942 1739 990 Qare=Michae1Glycas‚
1764 943 1880 978 volens
1905 942 1924 982 a
1948 942 2078 981 Cabala

1187 992 1324 1027 civitate
1334 993 1458 1027 dictum
1484 993 1708 1034 Cabalinum,
1733 992 1956 1028 hallucinatur
1967 1019 1974 1027 .

1239 1043 1313 1077 Nec
1323 1044 1392 1079 fine
1402 1044 1496 1078 causa
1507 1043 1612 1078 didus
1623 1044 1669 1078 est
1684 1044 1785 1086 Syrus
1795 1067 1803 1075 .
1833 1043 1966 1077 Etenim
1978 1045 2080 1086 Syros

1187 1092 1446 1138 Monophyfitas
1455 1118 1468 1135 ,
1494 1103 1646 1138 potentes
1656 1093 1836 1138 impietatis
1854 1093 1918 1127 suae
1930 1095 2079 1138 pugiles,

1188 1142 1320 1186 induxit
1331 1144 1367 1178 in
1378 1143 1643 1185 Patriarchatum
1652 1142 2076 1186 Constantinopolitanum.

1186 1193 1382 1241 Qamvere
1392 1194 1609 1236 Nestorianus
1619 1194 1725 1229 distus
1735 1194 1798 1234 fit,
1824 1195 1951 1237 aperuit
1980 1192 2078 1227 Pseu-

1186 1242 1430 1285 do-Patriarcha
1443 1245 1631 1287 Anastafius
1642 1268 1653 1285 ,
1677 1244 1759 1279 dum
1775 1243 1965 1284 Artabasdo
1977 1267 1989 1284 ‚
2015 1244 2082 1279 im-

1186 1294 1233 1338 pii
1242 1293 1405 1340 Principis
1414 1296 1549 1331 Sororio
1560 1320 1573 1337 ,
1592 1296 1667 1337 viro
1679 1292 1847 1336 catholico
1857 1319 1869 1334 ‚
1882 1292 1929 1332 ast
1940 1293 2074 1336 imperii

1186 1344 1355 1385 invasori,
1380 1347 1515 1387 favens,
1544 1357 1584 1381 ac
1609 1346 1807 1380 saerosanrsta
1833 1342 1954 1377 Crucis
1978 1344 2074 1387 signa

1185 1400 1300 1433 tenens
1309 1395 1344 1427 in
1355 1405 1454 1428 manu
1465 1394 1552 1428 dixit
1570 1407 1613 1428 ex
1625 1395 1771 1428 ambone
1796 1393 1836 1428 ad
1857 1393 1973 1437 Regiae
1996 1393 2077 1426 civi-

1188 1442 1266 1475 tatis
1276 1441 1455 1485 populum:
1482 1447 1574 1476 Dixit
1597 1443 1676 1476 mihi
1693 1444 1910 1483 Constantinus
1924 1466 1935 1482 ,
1960 1453 1999 1475 ne
2016 1447 2082 1476 exi-

1178 1490 1282 1531 stimes
1288 1491 1388 1534 filium
1398 1496 1458 1526 Dei
1467 1493 1520 1535 effe
1530 1504 1617 1535 quem
1625 1498 1732 1537 genuit
1745 1496 1848 1526 Maria
1858 1515 1870 1532 ‚
1894 1498 2003 1535 quique
2029 1494 2076 1526 dn·-

1183 1545 1260 1575 citur
1269 1541 1428 1583 Christus,
1448 1541 1626 1586 sedpurum
1648 1542 1818 1586 hominem3
1847 1546 1950 1575 Maria
1976 1550 2076 1576 autem

1183 1602 1248 1631 eum
1252 1599 1370 1633 peperit
1378 1617 1390 1634 ,
1409 1591 1540 1633 fioutme
1548 1597 1669 1635 peperit
1679 1596 1803 1632 Maria,
1826 1594 1870 1626 fic
1886 1591 2079 1633 vocabatur,

1185 1650 1281 1675 mater
1290 1653 1358 1676 mea
1371 1667 1378 1674 .
1404 1642 1519 1688 Qare
1531 1653 1600 1677 non
1624 1641 1836 1682 solummodo
1852 1641 2073 1677 Nestorianus

1184 1690 1250 1726 fuit
1274 1715 1286 1732 ‚
1323 1691 1379 1727 sed
1406 1692 1537 1735 insuper
1561 1691 1747 1726 Hebionita
1774 1716 1786 1733 ‚
1810 1691 1845 1725 ὃς
1873 1692 2072 1726 saracenus:

1187 1740 1290 1775 Haud
1325 1739 1425 1783 dubie
1461 1740 1625 1783 foeditates
1659 1740 1734 1782 istas
1765 1741 1902 1781 edoctus
1936 1742 1956 1776 a
1982 1740 2078 1780 Patre

1185 1792 1316 1828 Leone!
2063 1821 2066 1822 γ

1233 1840 1360 1880 inflista
1382 1853 1438 1885 per
1450 1841 1672 1877 Artabasdum
1693 1843 1861 1879 calamitas
1886 1854 1954 1878 non
1966 1843 2072 1878 reddi·

1183 1890 1233 1926 dit
1244 1892 1417 1926 meliorem
1430 1918 1437 1925 .
1465 1893 1598 1927 Etenim
1611 1893 1653 1928 de
1664 1893 1811 1929 restituto
1831 1895 1866 1928 in
1902 1895 2077 1938 imperium

1184 1942 1289 1986 pergit
1300 1940 1525 1986 Theophanes
1541 1968 1548 1975 .
1572 1948 1741 1986 Imperator
1752 1969 1764 1984 ,
1789 1943 1919 1985 accerfito
1933 1945 2074 1983 Constan-

1183 1998 1267 2031 tino,
1294 2003 1394 2035 quem
1419 1992 1589 2027 Anastafio
1612 1993 1658 2027 ob
1685 1994 1860 2036 praestitum
1887 1992 2074 2029 Artabasdo

1183 2041 1346 2076 auxilium
1366 2042 1467 2086 ejecto
1481 2042 1712 2078 subintruserat
1728 2068 1739 2084 ,
1765 2044 1946 2081 Patriarcha
1958 2070 1968 2084 ,
2001 2046 2075 2078 dicit

1182 2096 1230 2126 ei:
1258 2093 1345 2125 Modo
1368 2099 1419 2135 qui
1439 2104 1494 2126 vos
1519 2095 1667 2133 hedeni,
1686 2092 1716 2135 fi
1734 2096 1898 2128 dixerimus
1914 2094 2074 2128 Theotocon

1183 2141 1378 2183 christotocon
1389 2143 1463 2186 effe?
1488 2147 1529 2177 At
1541 2145 1592 2177 ille
1602 2143 1679 2178 hunc
1690 2146 1857 2186 complexus
1884 2152 1931 2177 ait
1950 2158 1961 2178 .·
1988 2144 2076 2188 Mise-

1183 2203 1248 2226 rere
1261 2196 1410 2233 Domine,
1436 2204 1473 2227 ne
1483 2195 1528 2228 ad
1537 2199 1735 2239 contagionem
1745 2204 1828 2228 tuam
1849 2202 1953 2229 veniat
1974 2194 2074 2238 sermo

1181 2242 1247 2284 iste.
1275 2245 1386 2277 Nonne
1397 2245 1509 2284 vides,
1538 2246 1668 2286 qualiter
1690 2246 1862 2289 divulgetur
1888 2248 1923 2280 <⁸5
1947 2245 2074 2279 anathe-

1180 2299 1342 2327 matizetur
1353 2299 1389 2327 N
1391 2292 1507 2334 estorius
1518 2299 1550 2327 in
1563 2304 1625 2328 tota
1637 2293 1762 2336 Ecclefia
1776 2296 1788 2327 ?
1817 2299 1881 2340 ‚Qui
1891 2293 2074 2338 respondens

1180 2349 1244 2376 ait:
1272 2348 1340 2388 Ego
1363 2342 1470 2387 discere
1488 2346 1592 2378 volens
1617 2351 1820 2389 interrogav13
1849 2347 1956 2379 verum
1981 2344 2072 2389 usque

1179 2393 1379 2437 adtesermo,
1403 2394 1498 2428 Solus
1522 2393 1703 2429 orthodoxi
1732 2395 1845 2439 populi
1873 2405 1979 2430 metus
2007 2397 2073 2429 sus-

1180 2444 1293 2487 pendit
1303 2443 1397 2478 illum
1407 2443 1449 2478 ab
1461 2443 1560 2487 impia
1572 2445 1815 2488 praedicatione.
1846 2445 1952 2485 Addit
1967 2445 2070 2480 Geor-

1178 2494 1252 2537 gius
1270 2493 1458 2529 Cedrenus.
1486 2494 1699 2535 Constantinus
1724 2502 1826 2529 certior
1845 2496 1951 2537 fae‘lus
1973 2520 1984 2536 ‚
2010 2498 2071 2529 Pa·

1178 2543 1341 2577 triarcham
1350 2546 1454 2578 multis
1464 2543 1629 2584 bominibus
1638 2554 1697 2587 pro
1711 2554 1788 2580 certo
1794 2542 1959 2589 persuaffffe
1972 2570 1982 2586 ,
2008 2550 2071 2578 Im-

1174 2593 1398 2636 peratoremfibi
1407 2596 1511 2638 dixisse
1521 2618 1532 2634 ,
1552 2594 1587 2639 se
1600 2595 1750 2636 Christum
1757 2605 1815 2638 pro
1832 2600 1896 2630 Deo
1909 2621 1919 2636 ‚
1947 2599 1981 2630 (05
1995 2604 2068 2637 pro·

1177 2645 1247 2681 inde
1258 2654 1385 2679 matrem
1411 2647 1477 2686 ejus
1500 2654 1556 2687 pro
1566 2649 1701 2688 Deipara
1727 2658 1914 2689 nequaquam
1933 2645 2068 2687 babere,

1174 2694 1279 2735 furore
1288 2696 1438 2729 adversus
1447 2707 1514 2730 eum
1531 2721 1540 2736 ‚
1560 2705 1593 2728 ut
1604 2702 1656 2739 qui
1661 2694 1806 2740 secretum
1818 2696 1902 2738 ipfius
1910 2695 2067 2737 publicum

1176 2746 1374 2789 traduxisset,
1401 2744 1535 2791 incensus
1562 2745 1618 2791 est.
1646 2747 1734 2781 Eum
1762 2747 1849 2790 juffit
1874 2745 2035 2780 verberari
2052 2769 2067 2787 ,

1176 2794 1211 2828 in
1236 2794 1440 2842 triumphum
1466 2797 1565 2836 duci,
1593 2798 1733 2840 raptari,
1760 2796 1896 2839 conspui
1921 2819 1932 2835 ‚
1957 2807 2067 2831 carce·

1177 2846 1262 2888 rari,
1288 2857 1412 2883 errores
1426 2846 1642 2885 Nestorianos
1666 2859 1704 2881 ac
1714 2845 1971 2886 Iconoclasticos
1991 2857 2068 2889 pro-1.

1175 2896 1257 2930 fiteri
1267 2921 1278 2937 ,
1303 2907 1400 2940 atque
1413 2897 1456 2931 ita
1467 2898 1502 2931 in
1513 2897 1622 2931 anima
1632 2906 1798 2930 mortuum
1807 2897 1909 2931 etiam
1923 2907 2024 2940 corpo
2031 2907 2065 2931 re

1177 2947 1332 2981 trucidari
1358 2948 1548 2982 mntilatum
1574 2946 1702 2990 capite,
1728 2959 1765 2980 ac
1787 2945 1900 2990 projici
1923 2947 1957 2980 in
1972 2946 2063 2982 Pela-

1180 2998 1295 3040 gium,
1320 2995 1386 3032 hoc
1411 2998 1479 3038 est,
1506 2997 1540 3030 in
1568 2996 1761 3031 destrustam
1787 2997 1905 3031 Sane'tae
1919 2997 2063 3042 Pelagiae

1179 3046 1354 3081 Ecclesiam
1378 3071 1389 3088 ,
1425 3048 1627 3081 demutatam
1652 3047 1687 3082 in
1715 3045 1921 3091 sepulchrum
1956 3047 2062 3092 capite

1179 3099 1407 3135 damnatorum
1427 3121 1435 3130 .

1223 3146 1317 3194 Qd
1329 3146 1371 3186 de
1385 3147 1576 3184 Sanctorum
1596 3148 1809 3185 invocatione
1819 3147 2059 3185 Constantinus

1178 3197 1331 3236 senserit,
1356 3196 1457 3230 edicit
1479 3196 1627 3231 laudatus
1646 3197 1893 3237 Theosterirstus
1917 3198 2062 3238 Constan-

1177 3253 1259 3279 tinur
1271 3245 1374 3279 babitu
1384 3255 1449 3279 erat
1462 3245 1647 3288 Christianus
1657 3270 1667 3286 ‚
1677 3259 1775 3288 mente
1778 3252 1812 3295 J
1813 3250 1924 3283 udaeus.
1955 3252 2065 3292 ,Quam

1179 3303 1257 3334 enim
1267 3295 1399 3341 christus
1404 3296 1460 3338 fibi
1471 3301 1503 3333 in
1513 3299 1689 3337 domicilium
1699 3298 1808 3343 delegit
1816 3324 1826 3340 ‚
1832 3297 2057 3344 gloriififfimam

1173 3345 1262 3388 suam
1272 3355 1421 3386 matrem,
1444 3348 1579 3382 omnibus
1605 3350 1672 3381 alus
1693 3349 1779 3382 rebus
1791 3354 1901 3383 creatis
1927 3348 2058 3390 superio-

1176 3409 1238 3430 rem
1249 3419 1259 3435 ‚
1267 3402 1397 3430 omnium
1406 3397 1557 3433 bominum
1559 3396 1689 3441 salutem
1700 3422 1711 3440 ,
1731 3401 1834 3433 mundi
1842 3398 2056 3440 patrocinium,

1181 3459 1246 3490 quae
1266 3455 1391 3491 propter
1415 3453 1602 3492 virginitatis
1634 3447 1699 3494 suae
1719 3448 1940 3528 praestantianss
1960 3445 2056 3487 impl

1940 3505 2006 3530 eum
