2340 3762
617 175 1020 230 Sc30111sg0tr
1052 167 1248 219 Νοτις
1281 179 1664 220 arumna-11.
1898 188 1993 233 153

503 407 583 493 'C
626 407 727 494 ΓΑ
784 412 880 497 N
938 409 1027 491 O
1082 407 1182 490 N
1296 402 1794 492 LXXXV.

304 629 356 679 N
388 624 558 675 duobus
593 626 664 681 vel
698 625 834 679 tribus
870 622 1047 675 testibus
1081 620 1327 676 confirmari
1360 635 1492 675 omne
1525 619 1710 674 verbum
1755 639 1808 670 ex
1842 623 2063 691 Scriptura

338 699 632 764 accepimus.
685 699 836 746 Servos
871 694 976 758 ergo
1002 731 1016 754 ,
1049 694 1128 760 qui
1163 690 1189 740 ὲ
1225 690 1307 740 suis
1342 689 1550 743 Dominis
1587 692 1951 741 manumittuntur
1986 694 2064 745 sub

236 765 378 817 tribus
425 766 604 816 testibus
639 801 652 828 ,
697 783 751 816 eo
784 766 868 819 frui
916 766 1079 815 honore
1111 759 1380 811 decernimus
1399 789 1401 791 ·
1422 797 1436 822 ,
1483 764 1561 827 qui
1597 759 1825 829 praesentes
1868 761 2064 814 libertati

237 838 433 889 vires&
466 835 718 888 firmitatem
753 835 949 891 adferent
978 871 993 895 ,
1027 838 1080 895 δε,
1104 847 1154 886 ut
1188 834 1243 885 iis
1266 867 1280 892 ‚
1315 849 1412 901 quae
1446 830 1546 902 ipfis
1582 830 1769 885 testibus
1795 829 1907 885 faeta
1943 831 2067 895 sunt,

235 904 344 955 fides
379 902 590 954 habeatur
613 939 627 965 ‚
661 903 879 959 efficient.
937 936 940 938 -
2004 939 2007 941 -

467 1305 542 1390 C
603 1305 685 1396 A
742 1311 842 1412 N
897 1312 992 1394 o
1044 1310 1143 1391 N
1269 1305 1830 1438 LXXXVI.

337 1523 403 1567 Os
430 1553 445 1579 ‚
481 1520 560 1585 qui
596 1519 653 1568 ad
688 1521 928 1569 animarum
961 1519 1108 1588 lapsus
1139 1522 1389 1569 meretrices
1425 1536 1592 1583 cogunt
1629 1524 1672 1569 δε
1708 1520 1830 1570 alunt
1865 1526 1878 1582 ’,
1914 1519 1946 1569 si
1980 1520 2064 1570 fint

288 1627 337 1654 Α
370 1586 550 1656 quidem
585 1591 789 1652 Clerici,
823 1589 1033 1654 segregari
1066 1607 1119 1640 ae
1154 1590 1315 1658 deponi
1348 1612 1362 1650 3
1397 1590 1429 1639 fi
1463 1590 1570 1640 vero
1606 1591 1744 1651 laici,
1779 1589 2015 1654 segregari.

491 1977 568 2061 C
625 1981 712 2063 A
768 1983 867 2063 N
924 1982 1013 2064 O
1072 1981 1172 2062 N
1286 1978 1794 2065 LXXXVII.
1867 2018 1869 2020 ·

356 2197 436 2244 Uae
471 2193 674 2242 maritum
709 2194 886 2261 reliquit
911 2230 925 2255 ,
960 2194 1021 2244 est
1055 2190 1275 2254 adultera,
1314 2193 1346 2242 fi
1381 2195 1550 2243 venerit
1584 2191 1642 2242 ad
1678 2195 1840 2256 alium,
1878 2212 1928 2245 ut
1965 2198 2060 2246 vult

230 2195 547 2340 QSacer,
583 2268 626 2313 &
657 2262 831 2314 divinus
867 2265 1042 2314 Basilius
1066 2302 1079 2327 ,
1115 2267 1194 2332 qui
1229 2282 1281 2313 ex
1316 2265 1537 2313 Hieremia
1565 2265 1784 2331 Propheta
1819 2267 1905 2323 hoc
1941 2271 2060 2334 opti-

438 2334 509 2382 me
545 2335 718 2398 colligit
745 2355 756 2384 :
792 2334 906 2401 Qod
929 2336 970 2399 fi
1003 2334 1071 2382 alii
1106 2354 1204 2383 uxor
1226 2335 1350 2400 fuerit
1377 2371 1389 2395 ,
1425 2333 1477 2381 ad
1511 2339 1692 2389 maritum
1717 2334 1836 2401 fisum
1872 2356 1938 2385 non
1974 2358 2059 2385 con-

226 2419 393 2450 vertetur
417 2439 429 2463 ,
457 2402 529 2468 fid
572 2403 721 2472 polluta
751 2404 936 2472 polluetur
962 2442 975 2453 .
1027 2408 1085 2454 Et
1120 2405 1263 2454 rursus
1299 2424 1312 2452 ε
1362 2408 1443 2470 Qz'
1469 2420 1600 2452 autem
1636 2404 1768 2452 detinet
1803 2406 2017 2454 adulteram
2041 2445 2056 2467 ,

226 2472 276 2535 est
310 2471 475 2539 infipiens
508 2478 567 2520 <9⁴
601 2478 734 2542 impius
773 2511 786 2523 .
839 2477 881 2523 Si
916 2475 1022 2538 ergo
1056 2490 1209 2543 praeter
1246 2476 1461 2523 rationem
1497 2472 1523 2523 ὲ
1560 2477 1720 2526 marito
1755 2475 1955 2526 receffiffe
1991 2482 2056 2527 vi-

226 2540 270 2589 sa
306 2541 357 2590 fit
382 2578 394 2602 ,
430 2543 708 2610 illicquidem
743 2548 872 2595 venia
907 2544 1082 2594 dabitur
1101 2582 1114 2606 ,
1157 2560 1205 2594 ut
1241 2543 1438 2594 Ecclefiae
1472 2547 1767 2596 communicet
1787 2580 1802 2595 .
1854 2546 1935 2595 Sed
1970 2552 2011 2597 ei
2040 2587 2054 2610 ,

225 2612 304 2677 qui
329 2612 533 2674 ‘legitime
569 2613 647 2662 fibi
681 2613 830 2663 datam
866 2633 1040 2665 uxorem
1075 2617 1283 2682 relinquit
1316 2651 1329 2675 ,
1364 2619 1407 2663 &
1440 2610 1571 2663 aliam
1606 2614 1730 2668 ducit
1753 2653 1767 2677 ,
1795 2615 1827 2665 ’ὲ
1864 2621 2053 2667 Domini

222 2679 435 2730 sententia
470 2683 530 2731 est
564 2682 764 2732 adulterii
798 2684 963 2751 judicio
1008 2685 1219 2735 obnoxius
1244 2722 1256 2734 .
1303 2686 1591 2740 A⁴Patribus⁴
1621 2688 1743 2735 'enim
1781 2685 1931 2734 nostris
1968 2688 2050 2741 sta÷

223 2765 368 2805 tutum
403 2751 463 2801 est
487 2789 500 2812 ,
535 2769 584 2801 ut
618 2757 696 2821 qui
731 2753 826 2803 sunt
861 2754 1069 2821 ejusmodi
1099 2794 1113 2818 ‚
1148 2773 1308 2806 annum
1342 2754 1529 2811 defleant
1555 2792 1568 2817 ‚
1621 2755 1797 2806 biennio
1831 2756 2011 2806 audiant
2033 2793 2047 2818 ,

225 2823 413 2870 triennio
459 2821 772 2874 substernantur
807 2861 820 2886 ‚
872 2831 915 2875 &
965 2826 1149 2895 septimo
1194 2844 1294 2875 cum
1340 2825 1536 2876 fidelibus
1584 2826 1810 2876 confistant
1846 2862 1859 2886 ‚
1912 2831 1954 2881 δε
1990 2828 2047 2882 fic

224 2886 446 2941 oblatione
479 2892 602 2957 digni
638 2894 900 2945 habeantur.

2019 3003 2023 3020 ξ
2028 2998 2042 3027 “J

407 3103 434 3148 S
469 3119 497 3148 C
531 3120 561 3150 Η
596 3123 627 3153 0
662 3125 686 3154 L
720 3124 737 3155 1
774 3125 805 3156 0
840 3128 871 3158 N
884 3144 896 3157 ‚
1160 3108 1234 3144 lstIc
1244 3109 1431 3150 memoratis
1443 3108 1634 3144 criminibus
1644 3109 1835 3154 permittens
1847 3101 2041 3154 repudium,

1126 3203 1127 3206 Ἴ
1162 3160 1389 3202 faemi-namque
1410 3160 1502 3193 aliter
1513 3159 1737 3202 repudiantem
1760 3159 1838 3194 dote
1849 3162 1978 3205 privans
2001 3172 2040 3196 ac

1160 3210 1318 3245 mandans
1327 3210 1483 3251 deportari
1497 3234 1508 3249 ‚
1534 3210 1636 3243 virum
1650 3221 1758 3245 autem
1779 3212 1880 3245 etia'm
1900 3212 2039 3255 graviter

317 3249 511 3287 Ivortiorurn
540 3276 551 3292 ,
588 3253 797 3296 repudiorum
821 3280 832 3296 ‚
868 3267 1093 3301 novorumque
1161 3260 1268 3303 puniri
1292 3286 1298 3291 .
1326 3259 1499 3293 Honorius
1525 3284 1537 3301 ,
1561 3259 1791 3301 Theodosius,
1816 3260 1850 3295 &
1873 3262 2038 3297 Constan-
2052 3261 2123 3298 Cap.
2141 3268 2169 3288 2·

339 3301 569 3346 conjugiorum
585 3303 670 3347 apud
691 3306 1010 3349 gentileskomanos
1030 3308 1094 3341 fuit
1160 3310 1225 3343 tius
1239 3307 1382 3352 Augusti
1393 3309 1557 3343 faeminam
1568 3309 1735 3355 legitime,
1760 3311 1859 3346 etiam
1876 3310 1920 3345 ob
1933 3311 2037 3355 publi-

217 3349 342 3383 summa
352 3362 388 3385 ac
401 3351 480 3385 faeda
491 3352 641 3387 libertas.
669 3354 815 3389 Fraenare
825 3357 925 3400 coepit
936 3356 1096 3392 Constan-
1161 3367 1236 3392 cum
1248 3359 1309 3391 viri
1320 3359 1442 3393 crimen
1453 3381 1464 3399 ‚
1487 3358 1711 3403 repudiantem
1723 3361 1741 3394 a
1755 3362 1850 3395 novis
1863 3362 1983 3403 nuptiis
1993 3357 2033 3391 ad

45 3393 199 3432 L3.tit·16.
219 3397 307 3432 tinus
317 3401 508 3444 Magnusin
522 3403 593 3447 lege
613 3403 654 3438 ad
668 3403 871 3447 Ablavium,
897 3406 1091 3441 exstantein
1160 3408 1443 3451 quinquennium,
1468 3410 1692 3453 repudiantem
1719 3410 1796 3445 vero
1806 3413 1851 3444 ob
1862 3410 1942 3443 solas
1966 3420 2035 3441 mo-

47 3441 72 3463 C·
96 3444 120 3464 1·

222 3446 346 3484 Codice
358 3449 616 3495 Theodofiano,
645 3465 711 3487 non
727 3455 782 3488 nisi
795 3455 838 3490 ob
851 3466 951 3490 unum
963 3455 981 3490 ὲ
992 3456 1094 3491 tribus
1159 3468 1229 3493 rum
1240 3459 1350 3501 culpas
1370 3458 1566 3504 suspendunt
1588 3459 1760 3505 perpetuo:
1788 3461 1868 3506 Qo
1892 3458 2033 3500 repudiis

316 3497 420 3540 chrm.
435 3504 515 3544 Lupi
526 3507 612 3545 oper.
628 3506 705 3537 Tom.
718 3508 772 3538 111.
1568 3509 1604 3544 V
1905 3507 1984 3542 novi
