2340 3762
118 990 215 1021 Nicet-

115 1027 217 1069 Paphi.

65 1442 138 1482 Cap·
158 1454 202 1481 1-7-

58 1824 134 1862 Cap.
153 1833 198 1861 1-5.

57 1940 130 1979 Cap.
146 1944 193 1972 26.

42 2776 181 2813 L5·c.5.

690 133 757 167 ne
791 133 1027 167 octava
1062 119 1306 168 samono
1339 117 1679 170 Gai-mmm.
1949 142 2040 188 353

437 241 783 326 c'APur
859 279 973 326 v1.

266 407 482 481 Exponitur
494 413 619 465 Photii
641 414 660 466 ὲ
674 413 830 465 Throno
841 415 1140 488 Constantinopffi

332 482 450 536 lirano
474 486 639 553 expulfio
664 523 678 549 ,
710 506 756 535 ac
780 485 912 533 Sanft'i
934 489 1072 554 [gnatii

390 555 640 611 patriarchae
662 557 836 623 restitutio
851 592 865 616 ‚
880 556 1002 622 fab-la

476 641 547 694 per
577 626 762 692 Dffilium
787 630 920 694 Augu.-

583 723 587 728 .
627 698 763 764 stum,

256 801 435 889 ANno
446 804 591 841 Domini·
599 807 869 854 ostingenteflmo
887 808 1084 853 sexagesimo
1094 807 1139 842 se-

376 855 484 897 ptimo
496 880 507 895 ,
533 855 665 890 decimo
687 859 855 892 &ultimo
869 857 1006 891 Nicolai
1026 857 1138 891 Ponti-

255 901 329 934 ficis
351 924 363 940 ,
388 903 511 945 primus
524 902 619 946 hujus
634 905 822 940 facinorosae
846 906 1002 951 tragaediae
1027 909 1137 942 audior

254 948 376 984 Bardas
387 952 494 987 Caesar
506 953 541 987 in
555 954 684 990 somnio
695 955 778 990 vidit
788 957 910 991 flexum
922 968 1029 1002 genua
1040 958 1132 1003 Igna-

253 999 339 1035 tium
350 1000 467 1038 Sancto
476 1002 574 1038 Petro
586 1004 750 1049 Apostolo
757 1007 932 1050 supplicare
944 1007 978 1041 in
990 1005 1059 1042 haec
1068 1019 1135 1042 ver-

253 1047 295 1083 ba
311 1063 323 1083 .·
350 1053 491 1097 elaevtger
500 1053 616 1094 coeleffls
626 1062 732 1100 regni,
757 1058 794 1091 tit
803 1059 897 1090 Petra
908 1081 919 1097 ,
933 1055 1031 1100 supra'
1041 1063 1133 1101 quam

251 1098 387 1142 cbristus
411 1106 494 1137 Deus
515 1105 672 1147 Ecclefiam
693 1105 780 1149 suam
797 1106 938 1149 firmavit
957 1132 969 1149 ‚
988 1106 1132 1151 fiquidem

249 1149 309 1182 eibi
323 1156 455 1195 ignotum
466 1165 522 1187 non
532 1155 572 1196 est
583 1179 595 1196 ,
619 1166 710 1199 quam
720 1157 820 1199 inique*
832 1168 940 1190 mecum
961 1157 1060 1191 atium
1072 1158 1110 1200 est
1120 1183 1131 1199 ,

245 1196 343 1243 solare
363 1202 586 1244 adflioffiffimam
602 1205 784 1250 seneHutem
797 1218 909 1241 memn.
939 1207 984 1242 Et
999 1209 1131 1244 interlo-

247 1251 363 1293 quenti
375 1251 540 1297 Apostolo
552 1281 564 1298 ‚
589 1253 711 1297 ostende
721 1265 894 1292 vexatorem
905 1266 990 1291 tuum
999 1284 1010 1301 ‚
1036 1258 1130 1304 Igna-

245 1297 314 1334 tius
332 1300 475 1338 ostendit
485 1304 625 1341 Bardam
635 1313 711 1341 cum
730 1307 844 1354 elogio
858 1322 869 1342 .-
895 1310 951 1341 Hic
955 1309 1029 1351 plus
1041 1315 1129 1344 omni-

244 1348 304 1384 bus
325 1363 373 1386 me
394 1352 528 1396 afflixit.
554 1354 648 1390 Hinc
667 1357 831 1391 adsistenti
854 1357 1005 1392 ministro
1025 1360 1128 1404 edixit

244 1398 431 1444 Apostolus
444 1418 455 1437 .·
482 1408 569 1439 Hunc
591 1405 722 1448 invisum
734 1410 796 1439 Deo
807 1408 947 1439 Bardam
952 1408 1106 1449 prebende
1116 1433 1128 1449 ,

241 1449 365 1490 &siris
374 1456 409 1485 in
419 1459 499 1486 atrio
513 1453 618 1494 statim
627 1456 743 1489 concide
755 1480 762 1487 .
790 1455 872 1489 Non
893 1456 1016 1499 semper
1044 1467 1126 1491 vana

240 1498 321 1533 sunt
332 1499 517 1537 istiusmodi
528 1503 654 1539 somnia
669 1530 676 1538 .
703 1504 838 1538 Etenim
862 1504 897 1538 in
913 1504 999 1540 libro
1020 1505 1063 1541 de
1076 1518 1125 1541 ve-

241 1547 353 1583 landis
364 1549 561 1596 Virginibus
584 1554 694 1589 scribit
703 1553 954 1588 Tertullianus:
980 1557 1125 1590 Dominus

241 1604 336 1632 etiam
356 1602 587 1635 revelationibus
609 1605 771 1637 velaminis
789 1601 896 1645 spacia
917 1610 1047 1638 metatus
1066 1605 1122 1646 est.

241 1651 331 1682 Nam
340 1651 458 1683 cuidam
462 1650 556 1694 sorori
567 1652 670 1693 nostrae
684 1654 811 1697 Angelus
821 1651 978 1696 insomnis
992 1660 1119 1689 cervices

239 1697 328 1740 quast
346 1701 544 1742 applauderet
569 1703 732 1737 verberans
758 1727 770 1744 ,
808 1702 964 1737 ELEGA
972 1704 1099 1740 NTES
1111 1730 1122 1746 ‚

238 1752 361 1791 inquit,
388 1749 645 1793 CERVICES,
666 1753 734 1787 ET
746 1752 942 1787 MERITO
961 1754 1119 1789 NUDAE

233 1795 285 1830 Et
307 1797 344 1831 in
355 1799 440 1834 libro
459 1800 502 1836 de
514 1800 719 1837 idololatria:
746 1804 807 1836 scio
810 1802 946 1844 fratrem
960 1811 1018 1844 per
1040 1802 1119 1845 vifio-

235 1856 306 1879 nem
315 1848 397 1882 nolle
406 1850 579 1894 castigatum
584 1858 726 1895 graviter
735 1877 746 1893 ‚
773 1853 853 1895 quod
854 1853 987 1892 januam
998 1853 1062 1892 eJus
1068 1849 1119 1894 su·

233 1894 297 1928 bito
317 1902 509 1932 annuncians
523 1902 648 1943 gaudiis
664 1901 792 1943 publicis
798 1901 886 1944 servi
907 1901 971 1936 ritu
987 1912 1115 1945 pagano

230 1947 411 1990 coronaffent
428 1973 450 1985 .,
463 1949 507 1983 Et
528 1951 563 1983 in
583 1948 668 1984 libro
688 1951 731 1985 de
750 1951 938 1994 spectaculis
960 1963 967 1983 ε
997 1950 1117 1990 Constat

231 1996 353 2029 mulieri
371 1998 496 2030 linteum
515 1997 665 2041 insomnis
679 1999 818 2042 ostensum
842 2003 911 2041 ejus
924 2002 984 2034 diei
1009 2002 1089 2034 nodie
1105 2026 1115 2042 ‚

231 2054 294 2086 qua
303 2047 483 2090 Tragaedum
492 2048 633 2081 audierat
643 2073 654 2089 ,
678 2060 744 2082 cum
757 2049 963 2091 exprobatione
977 2056 1111 2084 nomina·

230 2099 290 2127 tim
299 2097 429 2139 tragaedi
435 2112 446 2137 t
479 2108 531 2130 nec
550 2099 630 2130 ultra
640 2103 776 2141 quintum
787 2099 865 2132 diem
876 2109 943 2132 eam
963 2101 1114 2134 mulierem

229 2141 488 2189 insaeculofuiffb.
516 2147 559 2181 Et
571 2146 700 2182 cuidam
712 2147 910 2182 moribundo
922 2160 960 2182 ac
973 2159 1112 2184 mortem

229 2192 416 2237 deprecanti
438 2196 775 2241 Episcopo-adstitisse
799 2196 969 2242 Angelum
991 2222 1001 2238 ,
1030 2199 1113 2234 indi-

226 2253 434 2289 gnatumque
444 2245 579 2288 dixiffe,
608 2248 683 2280 Pati
692 2252 803 2281 timetis
813 2270 823 2287 ‚
848 2253 923 2282 mori
937 2259 995 2281 non
1005 2250 1112 2292 vultis,

228 2295 308 2336 quid
306 2293 426 2335 faciam
444 2295 549 2338 vobis,
578 2298 672 2331 refert
691 2299 726 2331 in
740 2298 889 2332 sermone
908 2295 949 2330 de
960 2298 1106 2334 Mortali-

226 2351 295 2377 tate
305 2344 440 2379 sanetus
453 2345 638 2389 Cyprianus
650 2371 660 2387 ,
687 2357 825 2391 eamque
838 2347 997 2382 visionem
1007 2349 1023 2382 a
1037 2360 1106 2384 mo-

226 2390 371 2428 ribundo
382 2394 501 2429 Saneio
518 2395 707 2441 Augustino
724 2398 817 2431 fuisse
831 2408 1046 2433 memoratam
1060 2408 1108 2433 at-

225 2451 289 2484 que
299 2441 464 2478 laudatam
485 2447 618 2481 testatur
640 2446 673 2482 in
687 2446 754 2491 ejus
776 2447 839 2481 vita
851 2449 985 2482 Sanstus
1006 2447 1103 2483 Pom-

225 2490 300 2526 dius
310 2491 486 2537 Episcopus
498 2495 697 2531 Calamenfis
706 2521 713 2528 .
743 2497 786 2530 Et
798 2498 975 2532 somnianti
987 2499 1104 2533 Sanc'to

1209 204 1411 239 Genicorum
1421 203 1611 251 Logotheta
1634 207 1722 243 dedit
1734 208 1955 247 Christianum
1976 214 2079 249 confi-

1208 255 1307 289 lium:
1337 257 1431 288 Parce
1457 280 1468 295 ,
1494 258 1620 290 Domine
1637 280 1649 296 ‚
1674 257 1854 300 infelictffimo
1869 261 1958 305 sent,
1984 266 2018 297 εγ
2032 265 2079 298 aa

1207 309 1263 338 Dei
1276 304 1412 339 tribunal
1426 303 1582 348 respiciens
1592 330 1604 348 ‚
1629 317 1695 340 eum
1704 317 1792 349 neque
1809 313 1874 349 jure
1883 323 1976 355 neque
1998 316 2077 354 inju.

1204 360 1251 388 ria
1272 355 1387 388 ladas.
1415 354 1541 390 Verum
1559 355 1600 390 ad
1620 357 1756 391 secretas
1774 358 1880 391 cordis
1899 374 1988 397 aures
2006 373 2077 397 non

1204 405 1410 440 fuitlocutus
1430 405 1601 440 Dominus
1615 406 1730 448 Deus,
1757 406 1896 451 ideoque
1905 414 2020 451 quaevis
2041 414 2078 448 &⁶

1202 466 1259 500 per
1269 453 1422 489 homines
1438 456 1472 489 ὅς
1483 466 1537 499 per
1548 455 1682 491 Sanaos
1693 456 1842 501 Angelos
1852 458 1999 503 suggesta
2009 473 2079 496 mo·

1204 505 1274 540 nita
1283 505 1405 539 Bardas
1424 515 1590 549 tamquam
1604 507 1826 549 praevaricator
1846 511 1987 553 accepit.
2015 512 2078 542 sta·
2094 514 2185 544 Nicer.
2197 517 2248 545 Pa-

1202 561 1260 588 tim
1269 557 1399 599 quippe,
1425 553 1485 597 ipso
1499 553 1631 598 solennis
1645 558 1761 597 jeJ'unit
1784 559 1928 598 exordio,
1952 562 2078 594 Leonem
2092 551 2191 591 phlag-

1201 606 1285 638 illum
1305 628 1317 644 ‚
1339 614 1523 650 cognomento
1542 607 1725 639 Pitaolemen
1746 630 1757 646 ‚
1782 617 1936 650 cognatum
1955 608 2075 650 Pharii,

1200 665 1266 688 cum
1273 655 1412 698 satellitio
1422 660 1455 689 in
1465 653 1592 699 insulam
1604 655 1678 698 misit
1691 680 1703 696 ,
1729 657 1858 699 adeoque
1867 658 1950 692 arae
1958 658 2077 699 custodi-

1200 710 1228 737 ri
1232 706 1312 746 juffit
1320 708 1470 749 Ignatium
1481 730 1493 747 ‚
1518 715 1553 740 ut
1563 717 1600 740 ne
1604 704 1702 749 sacris
1714 706 1833 748 quidem
1842 714 1957 749 operari
1964 710 2071 752 posset,

1199 765 1290 797 neque
1309 761 1445 798 cuiquam
1464 761 1547 797 copia
1569 755 1652 799 fieret
1668 757 1751 790 illius
1774 760 1966 791 conveniendi
1986 783 1996 799 ‚
2023 770 2074 793 nec

1197 803 1254 845 ipsi
1260 807 1388 839 exeundi
1399 829 1406 838 .
1434 805 1484 839 Ita
1496 803 1667 841 Photianis
1679 805 1869 841 custodibus
1878 832 1889 848 ‚
1908 817 2075 852 tamquam

1199 851 1378 897 Leopardis
1398 880 1409 896 ,
1435 855 1491 890 ille
1518 855 1765 891 circumcinetus
1789 857 1908 892 mansit
1934 868 1990 900 per
2008 866 2074 892 tres

1198 905 1323 938 menses
1334 907 1434 949 usque
1446 906 1485 941 ad
1497 906 1629 942 Festum
1639 906 1846 942 Pentecostes
1859 931 1871 948 ,
1897 916 1994 951 atque
2003 918 2075 942 tum

1198 954 1332 988 Sanstus
1353 954 1466 989 Petrus
1488 956 1666 999 Apostolus
1687 959 1781 992 suum
1800 957 1842 992 de
1869 957 1973 992 Barda
1994 957 2075 1000 judi-

1198 1003 1288 1039 cium
1300 1005 1344 1039 est
1354 1005 1471 1049 exequi
1486 1006 1576 1040 orsus
1586 1031 1593 1038 .
1622 1007 1756 1051 Etenim
1767 1008 1801 1041 in
1813 1018 1943 1052 captam
1960 1007 1978 1040 a
1987 1008 2073 1042 Sara-

1197 1054 1288 1088 cenis
1297 1053 1430 1089 Cretam
1442 1054 1581 1089 insulam
1598 1066 1734 1090 movens
1747 1055 1916 1101 Augustus
1927 1056 2073 1091 Michael

1196 1103 1330 1148 proditae
1350 1104 1445 1139 illum
1466 1104 1640 1149 majestatis
1659 1104 1840 1149 suspectum
1860 1103 1995 1146 habuit,
2020 1117 2074 1149 per

1195 1155 1341 1199 proprios
1361 1155 1484 1190 milites
1506 1154 1703 1190 trucidatum
1715 1155 1802 1199 juffit
1812 1154 2019 1190 membratim
2032 1157 2074 1190 se-

1192 1206 1258 1240 cari
1268 1229 1281 1246 ‚
1305 1206 1341 1239 dc
1352 1204 1394 1240 ad
1405 1206 1470 1240 fixa
1482 1203 1581 1241 hastis
1590 1205 1733 1240 membra
1752 1216 1808 1249 per
1818 1204 1917 1240 castra
1938 1205 2072 1240 circum-

1193 1255 1268 1289 ferri
1283 1280 1291 1288 .
1318 1255 1505 1299 Symbatius
1514 1255 1580 1299 ejus
1589 1266 1689 1301 gener
1700 1279 1713 1296 ,
1737 1254 1860 1290 Dromi
1872 1254 2072 1300 Logotheta‚

1193 1304 1325 1348 praebuit
1335 1306 1473 1342 facinori
1497 1305 1671 1341 ducatum.
1699 1305 1836 1340 Modica
1848 1307 1953 1340 fuerat
1973 1305 2070 1349 suspi-

1193 1355 1297 1389 cionis
1318 1357 1435 1391 eausa.-
1463 1356 1652 1391 Palatinum
1675 1356 1847 1395 officium,
1873 1356 1907 1388 in
1919 1354 2071 1389 Thraciae

1191 1405 1315 1447 campis
1325 1405 1424 1439 castra
1445 1414 1573 1440 metans
1585 1429 1597 1445 ‚
1622 1405 1765 1449 Augusti
1777 1405 1811 1439 in
1824 1405 1925 1447 plano
1937 1428 1949 1444 ,
1959 1404 2071 1438 Bardae

1193 1454 1373 1487 tentorium
1388 1454 1422 1487 in
1436 1454 1522 1488 colle
1534 1465 1576 1488 ex
1587 1454 1695 1488 nescio
1708 1464 1771 1496 qua
1793 1453 1918 1486 incuria
1938 1453 2068 1487 fixerat.

1190 1501 1233 1536 Et
1248 1502 1323 1536 vide
1335 1501 1449 1537 Photii
1464 1514 1518 1547 per
1530 1503 1637 1547 ipsum
1645 1503 1681 1537 in
1701 1502 1808 1537 sedem
1819 1501 2068 1537 Patriarchalem

1189 1552 1299 1585 intrusi
1322 1552 1486 1596 ingratam
1508 1563 1653 1586 mentem
1675 1565 1686 1585 .·
1713 1552 1881 1586 Defuncto
1903 1562 2069 1594 tamquam

1187 1599 1352 1643 justiffime
1364 1600 1527 1639 trucidato
1536 1626 1547 1642 ‚
1561 1599 1734 1638 homicidae-
1745 1601 1892 1646 Principi
1905 1602 2070 1643 adulatus,

1186 1649 1355 1686 insultavit
1368 1661 1466 1696 atque
1478 1650 1650 1686 maledixit
1663 1677 1671 1685 .

1235 1699 1634 1745 Improlis‚.·Reipub1icae
1656 1701 1787 1746 ignarus
1804 1726 1814 1742 ‚
1840 1702 1921 1737 vino
1941 1701 2067 1736 dumta-

1184 1748 1242 1784 xat
1265 1751 1301 1784 dc
1322 1751 1441 1785 somno
1462 1750 1590 1785 deditus
1609 1760 1676 1784 erat
1701 1750 1871 1794 Augustus
1896 1750 2041 1786 Michael
2058 1778 2069 1793 ‚

1184 1797 1326 1840 ideoque
1348 1799 1459 1833 relista
1482 1800 1518 1832 in
1544 1800 1720 1833 Saracenos
1740 1798 1950 1843 expeditione
1978 1802 2067 1837 Cor:

1182 1845 1436 1891 stantinopolim
1460 1859 1539 1882 mox
1561 1849 1714 1893 regressus
1735 1849 1780 1883 est
1801 1875 1812 1891 ‚
1838 1852 2002 1895 pergitque
2025 1851 2066 1886 de

1182 1895 1252 1939 ipso
1263 1895 1401 1932 Nicetas
1412 1896 1583 1942 Paphlago
1596 1912 1608 1931 .·
1634 1903 1715 1931 Erat
1729 1901 1907 1941 Pentecostes
1920 1927 1930 1942 ,
1955 1903 1988 1935 <5-
2002 1904 2066 1933 Ba>-

1176 1944 1275 1987 ffllum
1289 1949 1454 1979 Patricium
1466 1971 1476 1987 ,
1498 1946 1578 1990 sacri
1596 1948 1716 1981 cubiculi
1727 1950 1908 1990 Praefec‘ium
1920 1976 1929 1990 ‚
1958 1952 2061 1994 Caesa-

1180 2007 1244 2030 rem
1252 1995 1380 2038 impost‘to
1401 1997 1572 2030 diademate
1594 2004 1745 2032 renunciat
1758 2023 1765 2031 .
1796 1999 1947 2034 Basilium
1968 2003 2063 2037 fuiffe

1180 2045 1354 2081 nativitate
1379 2046 1602 2082 Macedonem
1621 2073 1632 2088 ,
1660 2050 1787 2094 origine
1813 2060 1923 2084 autem
1947 2051 2061 2086 Arme-

1181 2096 1272 2130 n1um
1284 2107 1326 2130 ex
1339 2096 1445 2141 Regia
1458 2097 1529 2131 istic
1551 2098 1583 2131 δε
1594 2098 1810 2141 antiquiffima
1830 2101 2059 2136 Arsacidarum

1178 2146 1302 2180 familia
1312 2162 1331 2186 ,·
1353 2147 1487 2180 Divinis
1508 2146 1632 2190 pridem
1655 2148 1790 2183 ostentis
1804 2149 1946 2195 Imperio
1966 2151 2060 2185 desti-

1178 2206 1313 2237 natum,
1339 2207 1377 2230 ac
1398 2197 1415 2230 a
1440 2196 1606 2231 Michaele
1633 2196 1784 2243 Augusto
1806 2200 1994 2243 adoptatum
2023 2203 2056 2236 in

1174 2245 1280 2280 filium
1302 2246 1451 2280 adfirmat
1473 2247 1658 2282 &ostendit
1678 2249 1841 2293 Georgius
1865 2250 2053 2293 Cedoenus,

1174 2295 1331 2339 additque
1353 2309 1359 2328 :
1387 2299 1468 2329 Eum
1499 2296 1627 2331 Michael
1652 2301 1856 2340 Imperatoriis
1876 2299 2052 2340 bonoribus,

1172 2344 1331 2390 infijgnibus
1345 2368 1355 2384 ‚
1378 2354 1466 2388 atque
1476 2346 1579 2389 opibus
1594 2371 1604 2388 ,
1618 2358 1744 2382 exornat
1757 2373 1766 2390 ,
1787 2350 1950 2394 progressus
1962 2350 2052 2393 hujus

1172 2401 1215 2429 rei
1239 2394 1328 2438 causa
1347 2402 1380 2427 in
1393 2396 1486 2430 nobile
1510 2400 1634 2431 Divinae
1658 2401 1818 2440 Sapientiae
1830 2402 1972 2442 templum
1984 2426 1993 2441 ‚
2019 2413 2053 2433 ae

1170 2446 1215 2478 illi
1224 2457 1356 2479 coronam
1367 2447 1490 2490 Regiam
1501 2453 1627 2488 imponit
1638 2473 1649 2489 ‚
1675 2448 1736 2491 ipso
1742 2448 1859 2491 sanllae
1874 2451 2050 2490 Pentecostes

1162 2490 1238 2536 festo
1248 2497 1295 2529 die
1307 2521 1317 2535 ,
1347 2502 1398 2537 qui
1410 2496 1478 2537 fuit
1488 2500 1566 2529 Maii
1591 2493 1718 2531 decimus
1725 2497 1831 2541 sextus
1845 2524 1855 2539 ‚
1882 2501 2050 2533 indic‘lionis

223 2541 567 2587 Hieronymoinflista
579 2556 634 2589 per
646 2547 797 2591 Angelos
808 2546 908 2593 flagra
932 2559 1000 2581 non
1012 2549 1104 2583 fuisse
1168 2547 1291 2579 decime
1317 2554 1460 2588 quartae.
1502 2546 1625 2581 Eadem
1656 2548 1831 2582 indiffione
1869 2548 1902 2583 id
1929 2552 2047 2584 fastum

222 2592 421 2636 imaginaria
432 2594 531 2628 relifli
554 2594 673 2630 vibices
685 2595 868 2632 docuerunt
878 2622 885 2629 .
913 2597 957 2631 Et
969 2597 1010 2632 de
1026 2599 1103 2633 San-

221 2643 277 2676 ἃο
286 2641 427 2678 Tetrico
439 2644 640 2689 Lingonensi
653 2645 817 2690 Episcopo
829 2671 839 2686 ,
866 2646 995 2690 ejusque
1007 2648 1096 2692 peffi-

218 2701 280 2726 mo
303 2692 480 2728 successore
491 2693 640 2738 Pappolo
651 2696 760 2730 scribit
781 2697 814 2730 in
826 2697 1027 2732 Francorum
1040 2699 1102 2732 Hi-

219 2741 321 2776 storia
341 2743 476 2777 Saralius
496 2744 673 2789 Gregorius
687 2746 865 2790 Episcopus
876 2746 1098 2782 Turonensis:

218 2796 388 2826 Dormis-mn·
421 2795 551 2836 Pappolo
573 2795 705 2837 quadam
729 2795 808 2829 noe‘le
829 2801 971 2838 apparuit
992 2797 1099 2831 beatus

1167 2595 1237 2628 vult
1260 2596 1401 2638 Joannes
1424 2597 1637 2640 Curopalates
1657 2623 1662 2629 .
1692 2597 1817 2632 Verum
1844 2600 1935 2633 fuisse
1957 2602 2046 2634 deci-

1166 2656 1256 2679 mam
1266 2646 1415 2688 quintam
1430 2670 1441 2686 ,
1466 2658 1504 2680 ac
1516 2648 1658 2680 Domini
1679 2659 1800 2682 annum
1820 2649 2048 2693 odingentesi-

1164 2704 1255 2729 mum
1282 2695 1513 2740 sexagefimum
1540 2697 1711 2740 septimum
1737 2722 1747 2737 ‚
1782 2698 1905 2732 evincit
1933 2700 2041 2734 Sanc'ti

1162 2743 1333 2779 pontificis
1344 2745 1479 2780 Nicolai
1493 2747 1638 2790 Epistola
1653 2747 1692 2781 ad
1706 2747 1895 2781 Gallicanos
1909 2747 2042 2791 Episco·
2062 2744 2195 2784 Epist-70·

1162 2805 1221 2838 pos
1232 2820 1242 2836 ,
1264 2795 1414 2829 adversus
1425 2795 1626 2830 Michaelem
1641 2795 1826 2840 Augustum
1840 2797 1872 2829 &
1886 2797 2039 2833 Basilium

216 2845 358 2876 Tetricm
369 2843 455 2876 vultu
465 2850 575 2877 minaci
585 2869 596 2885 ‚
621 2856 658 2878 ac
670 2846 713 2877 itai
735 2851 834 2887 inquit
843 2858 857 2887 ;
885 2845 1006 2895 QIID
1017 2847 1095 2882 TU
1162 2844 1318 2879 Caesarem
1330 2847 1444 2889 scripta
1455 2846 1597 2889 ejusdem
1615 2846 1693 2880 anni
1705 2844 1884 2881 indistione
1911 2848 2012 2891 prima
2028 2874 2039 2890 ,

211 2891 319 2926 HIC
344 2889 566 2930 PAPPOL
579 2894 606 2927 E
626 2920 637 2936 ,
666 2894 753 2929 UT
780 2895 910 2942 QUID
935 2897 1095 2931 SEDEM
1160 2895 1214 2929 die
1224 2894 1355 2931 decimo
1369 2895 1530 2930 Calendas
1549 2894 1769 2931 Novembres.
1797 2897 1853 2930 Est
1868 2898 2036 2934 novissima

214 2940 369 2977 MEAM
379 2939 606 2979 POLLUIS?
632 2944 759 2979 CEDE
773 2944 903 2980 LOCO
916 2970 926 2986 ‚
938 2946 1094 2980 RELlN-

214 2991 317 3040 Qus
338 2990 500 3025 SEDEM
512 3018 523 3033 ,
549 2993 764 3028 ABSCEDE
776 2994 942 3030 LONGE
963 2995 995 3030 A
1019 2996 1094 3031 RE-

212 3039 369 3077 GIONE
383 3065 390 3073 .
416 3043 461 3072 Et
473 3041 535 3076 haec
548 3044 649 3078 dicens
662 3066 673 3083 ‚
698 3050 818 3089 virgam
829 3070 838 3086 ‚
864 3057 955 3088 quam
966 3045 1094 3079 habebat

211 3097 244 3125 in
254 3103 348 3126 manu
359 3115 371 3132 ,
382 3091 494 3133 pedion
505 3094 570 3132 eJ‘us
587 3103 651 3125 cum
661 3093 720 3127 iliu
733 3095 835 3127 valido
845 3097 963 3137 impulit
977 3120 984 3128 .
1011 3096 1092 3130 Gra-

210 3154 283 3177 vem
294 3140 415 3177 exinde
437 3141 588 3176 morbum
611 3144 763 3188 concepit
774 3144 939 3188 Pappolus
952 3169 962 3185 ‚
989 3146 1023 3179 &
1036 3146 1090 3180 die

208 3193 302 3227 tertia
328 3191 505 3237 exspiravit
523 3217 530 3224 .
559 3192 733 3227 Innumera
755 3193 912 3236 ejusmodi
935 3193 1090 3229 habemus

208 3242 397 3278 authentica
406 3241 557 3285 exempla
568 3266 575 3273 .

259 3293 369 3327 Etiam
381 3294 399 3326 ὲ
412 3292 547 3328 somnio
559 3292 617 3325 suo
640 3293 811 3327 concussus
823 3292 1002 3328 admodum
1024 3296 1087 3330 fuit

207 3341 327 3386 impius
339 3343 458 3378 Bardas
469 3368 479 3383 ‚
504 3341 614 3376 statim
626 3342 764 3376 condito
776 3343 970 3378 testamento
982 3344 1086 3390 dispo·

205 3392 272 3429 suit
295 3392 410 3427 domui
433 3395 511 3434 suae,
540 3393 575 3426 &
595 3392 700 3435 ipsum
726 3394 867 3429 narranti
890 3393 1085 3431 philotheus

308 3441 415 3484 christ.
429 3448 510 3487 Lupi
522 3447 610 3488 oper.
624 3444 760 3476 Tom.111.

1158 2944 1342 2980 sanaiffimi
1382 2945 1553 2980 Pontificis
1580 2946 1727 2988 Epistola
1752 2970 1763 2987 ‚
1804 2958 1902 2989 quem
1931 2949 2036 2985 idibus

1158 2994 1403 3030 Novembribus
1424 2995 1536 3037 objiffe
1561 2994 1745 3030 Anastasius
1759 2996 2035 3033 Bibliothecarius

1158 3044 1305 3079 testatur.
1334 3045 1459 3079 Eodem
1481 3055 1626 3087 tempore
1640 3046 1864 3090 imaginariam
1886 3048 1975 3082 suam
1998 3049 2033 3082 in

1157 3094 1308 3128 eumdem
1318 3093 1515 3128 Pontificem
1526 3094 1697 3138 Synodum
1709 3095 1850 3130 Photius
1860 3122 1869 3137 ‚
1897 3098 2033 3132 inferna-

1154 3142 1199 3177 les
1212 3144 1246 3176 in
1258 3144 1410 3178 Sanstum
1423 3144 1587 3188 ignatium
1601 3146 1738 3188 picturas
1749 3147 1892 3181 confecit
1905 3148 2031 3192 Grego-

1155 3194 1220 3227 rius
1230 3195 1472 3236 syracusanus,
1498 3195 1531 3228 in
1543 3194 1636 3230 Italia
1647 3206 1755 3230 autem
1779 3197 1819 3230 ad
1836 3195 2026 3231 Roman-um

1155 3243 1313 3286 populum
1339 3254 1376 3276 ac
1401 3244 1608 3279 Ludovicum
1637 3244 1812 3280 secundum
1840 3247 2024 3290 Augustum

1153 3303 1278 3336 portare
1298 3292 1369 3335 juffi
1391 3294 1466 3327 sunt
1495 3293 1669 3330 Zacharias
1694 3295 1831 3339 Cophus
1845 3296 2023 3328 Chalcedo-

1156 3343 1257 3377 nenfis
1267 3343 1300 3376 &
1316 3341 1515 3377 Theodorus
1526 3345 1739 3388 Metropolim
1748 3342 1951 3380 Laodicensis
1964 3366 1971 3374 .

1203 3391 1315 3438 Pergit
1335 3392 1471 3429 Nicetas
1495 3392 1684 3440 Paphlago.
1711 3400 1777 3431 Nec
1800 3396 1845 3427 irc?
1855 3392 2021 3487 multospost

1583 3444 1617 3479 Y
1641 3456 1666 3488 y
1911 3447 1942 3485 ip
1955 3452 1970 3475 e
