2340 3762
41 1570 116 1599 Part·
138 1578 161 1596 Y-

38 1605 206 1639 Conachal·

41 1647 127 1686 Epist·
138 1657 152 1676 2
159 1658 171 1677 Χ
177 1664 185 1674 ι

643 137 709 168 DE
745 137 974 167 OCTAVA
1010 121 1249 166 SYNono
1285 119 1615 167 GENERArr.

1865 137 1951 184 361

223 209 294 252 ejus
302 208 484 244 constantia
497 208 667 244 adversum
679 209 850 244 violentias
863 209 973 243 Bardae
994 209 1097 242 Caesa-
1111 235 1114 246 ι
1157 215 1246 241 vione
1256 218 1366 249 quoquo
1378 208 1461 240 modo
1466 206 1637 250 saucientur
1650 235 1656 241 .
1685 214 1709 243 Α
1727 214 1838 253 planta
1853 216 1961 256 quippe
1979 222 2030 256 p,-

225 260 270 293 ris
290 258 508 293 &Michaelis
517 259 679 305 Augusti.
709 261 803 294 Hinc
823 259 902 302 quid
923 259 965 292 de
986 254 1115 321 imagi-2

1159 260 1227 299 dis,
1255 258 1344 291 atita
1356 257 1485 290 dixerim
1499 281 1509 297 ‚
1535 255 1677 301 usquead
1696 270 1836 296 verticem
1856 265 1922 303 ejus
1947 264 2030 296 nulla

223 308 314 342 naria
327 309 462 350 Synodo
476 335 485 350 ‚
513 323 550 345 ac
560 312 628 354 ejus
639 308 905 353 subscriptoribus
917 316 973 343 aut
983 319 1098 352 coope-
1111 331 1116 354 ¹
1156 307 1194 347 est
1214 313 1246 339 in
1268 318 1299 340 eo
1303 305 1422 349 sanitas
1439 332 1446 339 .
1475 307 1519 340 Et
1533 319 1588 351 per
1603 307 1796 343 Formosum
1818 311 2031 347 Portuensem

221 358 382 395 tatoribus
395 360 563 404 Episcopis
575 360 701 395 definiri
715 359 852 404 placeret
862 381 873 397 ,
900 358 1026 403 rogavit
1042 360 1100 400 Sy-

221 407 349 442 nodum
361 433 373 449 ,
399 411 461 444 sese
471 421 529 454 pro
539 409 611 454 lege
623 410 689 443 Dei
702 434 713 449 ,
741 408 881 454 paternis
891 408 1097 448 Canonibus,

221 457 400 503 privilegiis
419 460 620 503 Apostolicae
639 460 732 494 Sedis
747 483 758 499 ,
784 470 845 492 nec
866 469 935 492 non
961 457 1097 492 Nicolai

221 506 395 543 Pontificis
416 509 602 544 veneranda
622 510 781 544 memoria
814 519 912 552 atque
950 508 1098 542 Decretis

221 557 532 601 proserius-paratum
544 572 601 593 non
608 559 702 602 solum
723 564 813 593 varia
835 560 1015 591 incommoda
1032 566 1097 600 per-

216 614 282 648 peti
303 631 315 647 ,
341 610 443 641 verum
469 615 558 643 etiam
578 622 654 643 more
670 609 838 652 fundorum
859 609 1097 651 Praedccessorum

217 654 337 698 suorum
349 659 526 701 Pontificum
537 666 570 693 in
578 668 720 702 promptu
732 659 839 692 habere
851 683 862 699 ,
882 658 912 699 fi
928 657 1099 701 neceffefue·

219 711 282 747 rit,
309 714 414 742 mortis
440 708 578 752 sustinere
596 708 772 752 discrimen.
799 710 852 743 De
875 707 1036 742 Romanis
1049 708 1098 741 Se-

219 755 270 789 dis
281 755 476 800 Apostolicae
488 758 628 802 synodis
649 760 758 794 scribit
781 757 821 792 ad
836 756 998 800 Bythiniae
1021 757 1099 790 Pro-

219 806 334 840 vinciae
361 808 490 843 &urbis
503 809 879 853 Constantinopolitanae
895 808 1028 840 Clerum
1038 807 1098 839 Fe-

219 854 269 889 lix
281 857 394 891 tertius
405 872 417 892 .·
442 861 568 901 ,Quoties
587 864 669 892 intra
681 860 804 891 Italiam
822 864 944 898 propter
958 853 1098 895 Ecclefiae-

213 903 306 944 fiicas
326 906 431 948 caesas
448 929 459 944 ‚
479 908 628 948 praecipue*
645 907 722 948 fidei
743 930 754 945 ,
779 907 952 948 colliguntur
978 907 1096 936 Domini

218 954 390 988 Sacerdotes
403 979 413 995 ,
438 953 606 998 consuetudo
615 961 777 994 retinetur,
804 964 837 987 ut
857 954 994 996 Successor
1014 956 1097 986 Prae-

215 1002 316 1047 sulum
331 1004 496 1046 Apostolicae
515 1007 601 1039 Sedis
623 1017 660 1039 ex
675 1004 802 1048 persona
823 1003 988 1037 cunctorum
1007 1010 1096 1036 totius

219 1055 316 1087 Italia
338 1056 527 1090 sacerdotum
547 1056 653 1089 cunila
673 1055 826 1095 constituat
844 1079 854 1094 ,
881 1060 931 1096 qui
952 1062 1038 1096 caput
1060 1053 1097 1094 est

216 1109 349 1136 omnium
359 1129 366 1136 .
395 1105 470 1139 Hac
486 1105 645 1149 potestate
656 1129 666 1145 ‚
678 1105 766 1148 quod
778 1104 819 1138 de
831 1104 880 1137 sui
893 1103 990 1137 etiam
1001 1103 1098 1146 ipfius

219 1152 341 1196 injuria
361 1153 589 1189 vindicandam
600 1166 768 1201 ageretur,
794 1154 841 1188 uti
865 1154 973 1187 noluit
985 1152 1098 1186 Ponti·

215 1203 275 1236 fex
284 1225 296 1242 ,
325 1202 380 1236 sed
407 1204 606 1248 synodaliter
625 1205 839 1239 adsidentium
861 1204 1098 1247 Episcoporum

217 1252 253 1286 δε
274 1251 364 1286 Cleri
385 1252 546 1297 judicium
560 1255 797 1299 expostulavit.
825 1250 827 1252 ’

277 1299 405 1338 Verum
432 1305 584 1349 synodus
605 1306 772 1349 antiquam
795 1305 1066 1340 consuetudinem
1087 1328 1098 1344 ,

217 1351 252 1385 δι
262 1351 387 1388 avitam
402 1354 603 1399 Apostolicae
616 1354 782 1390 Cathedrae
792 1354 988 1401 dignitatem
998 1355 1098 1389 etiam

219 1402 257 1434 in
278 1399 344 1437 hoc
361 1403 500 1439 articulo
525 1405 623 1440 duxit
644 1405 844 1440 retinendam
866 1430 873 1436 .
902 1406 1032 1438 imitata
1053 1404 1096 1437 est

218 1450 372 1487 Sannum
391 1453 525 1489 Petrum
546 1453 814 1497 chrysologum,
841 1455 1005 1487 Ravennae
1026 1451 1098 1485 Me-

218 1501 435 1544 tropolitum,
463 1503 520 1546 qui
541 1503 583 1537 ab
609 1503 796 1546 Eutychete
819 1500 1035 1536 Haereliarcha
1059 1500 1099 1534 de

218 1559 298 1584 nata
310 1559 389 1586 tunc
401 1552 577 1594 quaestione
589 1552 749 1596 judicium
770 1562 902 1597 rogatus
911 1550 1077 1593 respondit
1090 1562 1097 1581 ε

218 1603 289 1633 Nos
297 1608 355 1643 pro
359 1602 458 1641 studio
463 1607 549 1643 pacis
575 1604 610 1635 &⁸
624 1602 719 1643 fidei,
745 1611 834 1634 extra
854 1599 1021 1643 consensum
1042 1603 1099 1631 Ro-

219 1660 323 1683 manae
344 1656 480 1684 civitatis
504 1649 645 1694 Episcopi
666 1676 677 1693 ‚
702 1650 805 1694 causas
818 1649 892 1692 fidei
915 1650 1019 1682 audire
1040 1659 1097 1681 non

215 1699 362 1742 pofficmus
374 1725 381 1732 .
410 1701 532 1736 Eadem
544 1698 730 1736 humilitate
740 1701 847 1736 noluit
868 1699 937 1734 haec
946 1698 1097 1740 synodus

217 1759 296 1784 ante
322 1751 472 1785 auditum
498 1751 696 1786 Pontificem
733 1751 911 1794 quidquam
945 1749 1095 1784 definire.

216 1798 299 1842 Ejus
311 1800 346 1834 in
365 1802 548 1836 Decefforis
572 1801 707 1836 Nicolai
729 1802 868 1835 Decreta
887 1798 1096 1834 observantiae

213 1848 284 1893 egit
307 1853 448 1894 gratim,
473 1851 514 1886 ab
536 1851 606 1895 ipso
618 1862 797 1887 memorata
825 1848 938 1883 Photii
959 1847 1094 1881 crimina

209 1900 387 1943 repetivit,
411 1901 668 1944 &supplicando
690 1901 863 1934 conclusit:
890 1903 1023 1932 oramus
1044 1902 1094 1936 te,

212 1951 340 1983 Domine
351 1950 518 1994 coangelice
531 1953 640 1992 Papa,
668 1958 701 1983 ut
718 1951 851 1983 eumdem
877 1948 989 1994 babens
1006 1945 1097 1990 spiri-

209 2007 278 2032 tum
291 2000 362 2042 fidei
376 2023 387 2038 ‚
411 2000 591 2040 eundemque
599 2001 693 2033 zelum
703 2006 830 2041 pietatis
843 2023 854 2039 ‚
879 2009 963 2041 quem
989 1999 1022 2031 (u
1038 1999 1094 2029 Pa·

210 2055 274 2080 tres
297 2054 340 2081 tui
356 2048 564 2090 ferventiffimi
579 2046 744 2090 Praesules,
771 2048 1006 2080 Conciliabulum
1028 2056 1093 2079 cum

209 2097 297 2142 gestis
317 2096 379 2141 suis
408 2099 454 2130 ita
474 2096 630 2140 sententiae
650 2097 755 2138 vestrae
761 2096 840 2138 falce
844 2095 1013 2139 succidatur
1025 2119 1036 2135 ,
1060 2104 1093 2127 ut

212 2147 329 2181 nullum
343 2149 379 2181 de
389 2159 421 2181 eo
432 2157 651 2181 monumentum
663 2171 674 2188 ,
700 2148 810 2180 nullum
830 2155 985 2179 remaneat
1003 2151 1092 2177 omni-

215 2200 255 2231 πὸ
277 2197 428 2242 vestigium
440 2221 451 2237 ‚
474 2197 530 2241 sed
553 2198 598 2230 ad
608 2195 659 2240 sui
675 2197 896 2230 damnationem
921 2195 971 2229 vel
979 2206 1092 2228 execra-

214 2253 326 2281 tionem
337 2248 514 2290 Ariminenfi
520 2249 627 2287 synodo
666 2248 719 2281 vel
727 2244 869 2289 prefino
889 2247 1038 2279 latrocinio
1053 2244 1091 2286 fit

211 2298 309 2331 modis
335 2297 466 2331 omnibus
490 2298 722 2340 comparandum
740 2322 747 2328 .
775 2297 822 2329 Illi
843 2298 914 2329 vero
933 2318 945 2334 ‚
969 2301 1020 2337 qui
1042 2297 1093 2328 vel

212 2346 376 2391 interfuisse
402 2347 454 2380 vel
461 2346 648 2391 subscripfflse
667 2352 700 2380 in
721 2350 752 2380 eo
774 2344 949 2389 noscuntur,
974 2355 1026 2377 nec
1035 2355 1091 2377 non

212 2398 281 2431 &ii
294 2422 305 2439 ‚
330 2403 382 2440 qui
403 2397 456 2430 vel
474 2396 560 2440 ipfius
582 2395 742 2440 conscripta
759 2395 885 2438 profani
910 2394 1090 2428 conciliabuli

208 2445 288 2490 gesta
310 2446 497 2488 defendunt,
523 2448 576 2482 vel
601 2458 711 2489 quoquo
731 2447 814 2479 modo
835 2447 928 2479 celare
948 2454 1090 2482 conatur,

211 2498 320 2529 iterato
346 2496 474 2530 vinculis
500 2496 706 2530 anathematis
728 2497 907 2529 innodentur
927 2519 938 2536 ‚
985 2496 1018 2528 (ν
1039 2494 1094 2535 m'fi

208 2552 334 2588 propria
356 2557 425 2579 voce
450 2549 484 2580 Θ
499 2545 709 2590 subscriptione
731 2547 783 2579 illa
807 2569 818 2585 ‚
842 2558 909 2588 quae
936 2551 968 2576 in
991 2546 1089 2577 eodem

213 2596 366 2629 latrocinio
371 2595 494 2637 faetidis
514 2598 530 2630 ἑ
539 2596 682 2638 faucibus
704 2596 834 2628 eructata
849 2593 943 2638 sunt,
969 2593 1087 2626 anathe-

207 2651 424 2685 matizaverint
437 2671 447 2686 ‚
475 2647 640 2680 nullatenus
647 2643 754 2688 saltem
767 2650 845 2678 inter
854 2646 942 2677 laicos
966 2655 1088 2677 commu·

208 2701 297 2730 mone
334 2695 494 2730 catholica
519 2704 607 2739 atque
640 2695 801 2738 Apostolicae
834 2691 965 2734 Ecclefiae
1000 2699 1086 2736 recipi

208 2753 380 2779 mereantur
393 2770 400 2777 .

261 2794 389 2836 Synodi
401 2795 435 2829 in
450 2794 477 2829 A
485 2796 678 2839 postolicam
688 2796 803 2831 Sedetn
814 2795 990 2830 reverentia
1000 2795 1084 2828 Pon·

209 2843 291 2879 tifici
304 2844 443 2887 placuit,
473 2846 612 2888 ideoque
627 2847 660 2880 in
674 2846 812 2880 secunda
825 2844 964 2879 Aetione
978 2844 1083 2878 adver-

210 2892 265 2928 sus
280 2893 571 2939 Constantinopoli
594 2895 729 2930 allatum
750 2896 947 2939 imaginariae
959 2894 1082 2936 Synodi

210 2941 361 2978 codicem
384 2946 613 2987 pronunciavit
632 2959 640 2978 :
667 2949 753 2989 ,Quia
774 2944 852 2978 nihil
869 2944 908 2977 ab
929 2949 1086 2978 Haeretico·

210 3005 280 3027 rum
306 2994 357 3027 vel
377 2993 626 3036 schismaticorum
641 3002 836 3038 pravitatum
853 3000 1022 3026 commentis
1044 3005 1074 3026 co

210 3044 271 3077 dex
291 3043 341 3083 isle
361 3043 486 3086 dtffi‘ntit
502 3068 512 3085 ,
538 3046 677 3078 nimirum
699 3050 748 3088 qui
784 3046 818 3078 (τ
838 3045 858 3075 ἃ
880 3040 1061 3085 schismatico
1073 3068 1083 3082 ‚

211 3091 378 3136 Dioftorum
401 3098 433 3126 in
453 3092 504 3126 hoe
524 3100 681 3135 imitante,
708 3097 743 3129 (5
763 3103 841 3127 totus
861 3095 1024 3127 mendaciis
1050 3094 1083 3126 Θ

206 3142 356 3187 perverfis
377 3143 560 3186 dogmatibus
578 3144 751 3185 fabricatus
763 3143 860 3180 exiliit
874 3167 884 3183 ‚
909 3143 977 3176 hinc
1000 3144 1083 3184 aeque

209 3201 246 3226 ut
255 3194 307 3225 illa
314 3200 454 3235 perpetuo
463 3192 651 3226 anathemati
664 3195 733 3226 duco
736 3191 922 3234 subdendum
934 3218 944 3233 ‚
970 3194 1005 3226 (τ
1021 3204 1082 3225 con-

207 3242 424 3284 templantibus
436 3242 546 3276 cunflis
558 3266 568 3282 ‚
593 3244 626 3276 (ετ
634 3243 784 3284 praecipue
800 3245 966 3274 Graecorum
988 3244 1081 3284 Lega-

209 3298 252 3324 tis
264 3317 275 3333 ,
302 3298 364 3336 igni
376 3294 521 3326 traditum
532 3298 563 3324 in
573 3298 682 3325 cineres
695 3302 807 3334 quoque
817 3293 934 3331 conjicio
954 3292 1083 3334 redigen-

210 3341 280 3374 dum
291 3367 302 3383 ,
329 3344 470 3385 quatenus
483 3353 533 3376 nec
537 3341 745 3385 fimpliciorum
749 3347 871 3382 puritas
892 3342 970 3373 illius
985 3350 1080 3373 conta·

205 3395 291 3434 grone
297 3393 467 3434 polluatur,
493 3404 542 3426 nec
550 3392 682 3434 fidelium
694 3400 804 3424 mentes
814 3388 978 3433 hujusmodi
998 3391 1081 3425 collu-

308 3442 416 3484 christ.
435 3447 515 3486 Lupi
526 3448 612 3485 Oper.
625 3444 772 3476 Tom.1H.

1160 356 1356 399 Episcopum
1390 356 1543 400 Synodus
1564 357 1703 400 reposuit
1727 370 1735 390 ι
1773 360 1831 390 Pia
1850 362 2031 403 consideratio

1155 405 1263 449 summi
1275 406 1445 449 Pontificis,
1468 407 1549 448 justa
1561 405 1715 450 sententia
1734 407 1915 451 universalis
1937 413 2031 445 Eccle-

1152 455 1205 498 fiae
1226 455 1368 500 Praesulis
1389 457 1520 490 omnibus
1538 459 1637 499 placet
1662 482 1672 499 ‚
1700 468 1798 490 omnes
1820 459 1867 491 itti
1886 460 2030 500 dicimus,

1160 509 1316 540 omnes'ita
1329 507 1463 540 volumus
1476 531 1485 546 ,
1513 518 1610 540 omnes
1623 507 1673 540 boc
1683 519 1818 551 rogamus
1829 533 1839 549 ,
1864 520 1961 542 omnes
1984 508 2033 541 hoc

1160 565 1230 589 totis
1244 558 1419 598 praecordiis
1430 554 1636 599 consentimus:
1664 557 1712 590 lta
1727 556 1828 591 faedus
1844 558 1902 592 iste
1915 557 2033 592 Codex

1161 607 1222 640 fuit
1234 605 1361 650 publice
1370 606 1518 639 exustus.
1545 605 1722 640 Michaelis
1734 607 1874 651 Augusti
1891 607 2036 651 blasphe-

1159 665 1226 689 mas
1246 657 1278 688 in
1292 656 1480 691 Romanam
1496 657 1671 690 Ecclesiam
1684 656 1825 698 litteras,
1852 669 1931 700 quas
1949 657 2034 702 igni-

1160 705 1219 738 bus
1227 706 1344 750 dignas
1353 706 1416 748 jam
1430 706 1553 749 pridem
1567 706 1726 740 Nicolaus
1739 706 1895 741 Pontifex
1913 708 2035 749 judica-

1161 767 1225 796 rat,
1251 758 1280 789 ei
1293 755 1383 789 fuisie
1394 756 1527 790 insertas
1539 780 1550 796 ‚
1570 767 1666 799 atque
1678 755 1722 788 ita
1733 755 1821 789 simul
1835 757 2031 798 combustas,

1161 816 1227 838 non
1243 816 1324 838 vane
1335 805 1531 847 conjefflurat
1552 805 1736 851 Cardinalis
1756 805 1932 840 Batonius.

1207 855 1246 887 ln
1260 856 1353 888 tertia
1363 854 1502 889 Actione
1515 853 1626 889 Photii
1635 856 1825 890 Romanum
1838 855 2034 899 Episcopum

1159 901 1313 937 damnare
1339 905 1371 937 ὃς
1393 903 1566 948 degradare
1589 906 1652 938 ausi
1679 905 1918 940 intolerabilem
1940 906 2036 940 auda-

1160 955 1244 987 ciam
1274 953 1453 987 admodum
1467 956 1674 1000 exaggeravit
1685 956 1860 997 Pontifex,
1888 957 1921 990 &
1941 957 2036 990 avitae

1160 1003 1309 1036 omniurn
1319 1002 1376 1036 sub
1389 1004 1472 1037 coelo
1484 1004 1695 1039 Ecclefiarum
1717 1006 1885 1040 traditioni
1913 1018 1950 1039 ac
1972 1006 2036 1049 pie-

1160 1054 1220 1087 tati
1231 1053 1395 1087 adversam
1407 1052 1547 1087 ostendit
1559 1063 1599 1086 ex
1613 1055 1714 1087 tribus
1727 1055 1842 1097 partim
1866 1057 2036 1090 austerita-

1160 1103 1247 1137 tibus
1268 1128 1278 1143 ,
1304 1103 1422 1146 partim
1443 1103 1601 1146 exemplis
1620 1128 1628 1135 .
1666 1102 1814 1138 Primum
1847 1104 2035 1147 exemplum

1160 1153 1380 1187 fuitHonorii
1396 1152 1569 1188 Pontificis
1585 1177 1596 1192 ,
1622 1164 1721 1196 quem
1744 1165 1814 1188 non
1837 1153 2036 1197 dogmatiza-

1162 1213 1201 1237 tae
1212 1227 1223 1244 ‚
1250 1201 1303 1238 sed
1314 1203 1519 1247 negligenter
1546 1201 1716 1238 dumtaxat
1728 1215 1797 1237 non
1818 1204 1967 1237 extinstae
1979 1202 2038 1237 hae-

1162 1253 1262 1287 reseos
1271 1253 1452 1288 accusatum
1464 1253 1572 1287 nullus
1584 1265 1729 1297 unquam
1742 1251 1926 1287 Patriarcha
1939 1277 1950 1293 ,
1976 1264 2038 1287 nec

1163 1303 1228 1346 ipsa
1240 1304 1325 1337 sexta
1338 1303 1493 1347 generalis
1505 1303 1659 1346 Synodus
1678 1303 1742 1346 jam
1761 1312 1928 1338 mortuum
1949 1302 2037 1336 dam·

1162 1364 1237 1387 nare
1250 1353 1505 1396 praesumpsisset,
1529 1352 1584 1393 nist
1604 1353 1734 1397 ejusdem
1740 1360 1850 1396 primae
1867 1351 1949 1395 sedis
1961 1354 2039 1391 Pon-¹

1162 1403 1246 1445 tificis
1258 1401 1407 1445 consensus
1416 1404 1590 1445 praeceffiffi’t
1603 1403 1764 1436 auc‘loritas
1777 1429 1782 1435 .
1809 1402 1961 1435 Alterum
1974 1402 2036 1436 fuit

1162 1449 1351 1494 Symmachi
1363 1452 1555 1489 Pontificis‚
1580 1463 1677 1495 quem
1690 1450 1899 1484 criminaliter
1911 1451 2038 1484 accusa·

1163 1511 1232 1534 tum
1243 1500 1397 1534 damnare
1411 1512 1477 1534 non
1489 1502 1684 1544 praesumpfit
1698 1502 1800 1534 totius
1810 1499 1909 1533 Italiae
1933 1511 1972 1533 ac
1992 1501 2036 1532 vi-

1161 1551 1308 1584 cinarum
1323 1549 1503 1583 Insularum
1524 1552 1700 1592 Synodus,
1726 1550 1860 1594 professa
1885 1550 1948 1583 sese
1969 1550 2035 1582 fine

1162 1597 1406 1632 suidiscn'mine
1416 1610 1484 1633 non
1498 1601 1585 1642 poffe
1607 1600 1641 1632 in
1654 1601 1821 1643 proprium
1843 1598 1951 1641 Caput
1971 1611 2037 1632 ma-

1162 1660 1223 1683 nus
1231 1648 1405 1683 extendere
1418 1673 1428 1688 ‚
1456 1648 1508 1682 sed
1530 1659 1661 1685 omnem
1683 1649 1750 1691 ejus
1764 1651 1891 1683 causam
1904 1649 2035 1683 Divino

1161 1697 1462 1741 reservavitjudicio
1478 1722 1488 1738 ,
1514 1699 1672 1741 quoniam
1683 1699 1784 1742 prima
1806 1698 1892 1732 sedes
1909 1697 1950 1732 ab
1976 1698 2037 1733 ho·

1160 1748 1288 1782 minum
1300 1747 1395 1782 nullo
1406 1773 1417 1789 ,
1444 1748 1495 1781 sed
1509 1747 1527 1780 a
1539 1749 1608 1781 solo
1620 1749 1690 1790 Jesu
1711 1747 1844 1781 Christo
1855 1747 2016 1788 judicatur
2026 1772 2033 1780 .

1158 1798 1314 1832 Tertium
1326 1797 1511 1837 exemplum
1524 1797 1586 1829 fuir
1600 1797 1735 1838 Joannis
1756 1790 1945 1830 Pa'itriarchae
1967 1798 2037 1831 An·

1157 1843 1303 1879 tiocheni
1318 1869 1327 1884 ‚
1357 1845 1397 1878 de
1409 1855 1474 1887 quo
1486 1845 1636 1878 Sannum
1651 1845 1815 1888 Cyrillum
1828 1845 2035 1882 Alexandriae

1157 1893 1378 1930 Patriarcham
1397 1895 1431 1928 in
1458 1894 1621 1938 Ephelino
1643 1897 1702 1930 suo
1716 1896 1952 1930 conventiculo
1978 1896 2034 1931 de·

1156 1943 1289 1990 gradare
1310 1944 1387 1977 auso
1413 1943 1533 1986 scripsit
1554 1944 1594 1977 ad
1619 1945 1821 1978 Celestinum
1837 1945 2034 1981 Pontificem

1158 1996 1259 2028 saneta
1270 1990 1428 2036 Ephelina
1440 1992 1591 2035 Synodus
1605 2006 1611 2026 :
1638 1996 1812 2037 Indignetur
1840 2004 1893 2028 tua
1909 1998 2033 2039 Religio·

1149 2043 1226 2086 fitas
1237 2051 1427 2086 competenter
1436 2052 1492 2086 pro
1502 2043 1549 2076 bis
1565 2068 1575 2084 ,
1602 2043 1766 2086 quaefabla
1783 2043 1872 2088 sunt.
1899 2048 1931 2078 Si
1953 2052 2032 2079 enim

1153 2096 1228 2128 data
1234 2095 1331 2136 fuerit
1343 2093 1506 2128 volentibus
1518 2095 1639 2128 licentia
1664 2096 1831 2136 &maiores
1852 2095 1940 2139 sedes
1953 2099 2035 2138 injic-

1153 2151 1199 2178 ria
1223 2146 1333 2186 afficere
1360 2146 1392 2178 Θ
1415 2153 1516 2176 contra
1539 2149 1674 2178 Canones
1693 2145 1826 2186 proferre
1841 2145 2007 2189 sententias
2020 2172 2031 2186 ,

1153 2194 1234 2227 ibunt
1243 2195 1286 2227 ad
1301 2196 1436 2229 ultimam
1447 2193 1634 2235 confufionem
1645 2194 1774 2236 Ecclefiae
1786 2209 1831 2229 res
1845 2220 1852 2227 .
1882 2196 1912 2229 A
1926 2195 2034 2229 mino·

1155 2245 1181 2278 ri
1194 2243 1233 2278 ad
1246 2244 1349 2287 majus
1360 2243 1557 2278 ratiocinans
1578 2243 1733 2279 Pontifex
1756 2247 1800 2279 ait
1826 2246 1892 2280 line
1912 2246 2031 2291 grandi

1156 2295 1297 2328 facinore
1310 2294 1482 2327 secundam
1498 2294 1602 2327 sedem
1622 2296 1878 2329 Alexandrinam
1893 2294 2030 2337 judicari

1155 2357 1220 2379 uon
1234 2343 1398 2388 potuisse&
1413 2345 1507 2378 tertia
1535 2343 1766 2384 Antiochena‚
1792 2344 1937 2389 adeoque
1959 2346 2030 2379 lon·

1154 2394 1194 2438 ge
1217 2393 1324 2428 minus
1350 2394 1483 2436 primam
1513 2392 1531 2426 ὲ
1555 2393 1714 2435 secunda,
1741 2406 1796 2428 aut
1817 2396 1931 2438 quavis
1946 2395 2030 2429 alia:

1153 2444 1254 2491 Qod
1266 2443 1335 2476 istic
1349 2444 1435 2477 solus
1447 2444 1601 2478 Nicaenus
1611 2466 1622 2483 ,
1647 2443 1701 2478 hic
1713 2445 1789 2479 vero
1803 2444 1945 2479 Divinus
1968 2444 2030 2480 Ca-

1155 2505 1221 2527 non
1241 2518 1252 2534 ‚
1280 2494 1446 2536 ipsumque
1469 2493 1612 2527 faustum
1636 2495 1704 2538 jesu
1729 2494 1849 2528 Christi
1879 2493 2028 2538 Evange-

1154 2546 1233 2577 lium
1247 2542 1400 2577 laedantur
1425 2545 1722 2578 &conculcentur.
1752 2542 1878 2577 Exinde
1899 2545 2028 2588 rogavit

1153 2594 1307 2628 Pontifex
1319 2604 1373 2635 per
1392 2592 1562 2635 Synodum
1572 2594 1688 2628 adduci
1715 2594 1749 2627 δε
1762 2595 1823 2628 alia
1834 2596 1980 2636 exempla
1994 2619 2001 2624 .

1202 2644 1359 2685 Reposuit
1383 2642 1438 2676 illa
1460 2643 1556 2677 nullis
1580 2643 1633 2677 hic
1653 2654 1735 2687 opus
1760 2646 1821 2677 esse
1835 2643 2026 2678 Canonibus

1151 2704 1205 2727 aut
1218 2693 1374 2735 exemplis
1387 2716 1398 2733 ‚
1425 2693 1512 2736 quod
1535 2694 1590 2736 qui
1612 2693 1706 2727 istam
1729 2691 1841 2727 Photii
1866 2692 2026 2726 temerita-

1151 2754 1216 2777 tem
1240 2754 1308 2776 non
1332 2751 1473 2777 extrema
1493 2742 1705 2778 damnatione
1729 2743 1864 2787 dignam
1886 2741 2025 2784 judicet,

1152 2805 1211 2827 nec
1225 2787 1444 2837 Evangelium
1464 2793 1601 2837 legerit,
1627 2804 1686 2826 nec
1719 2790 1916 2834 Apostolum
1939 2799 2025 2835 pror-

1148 2842 1200 2877 sus
1216 2841 1394 2877 audiverit.
1423 2842 1556 2877 Etenim
1570 2843 1737 2877 Dominus
1759 2841 1954 2884 discipulum
1977 2843 2023 2875 di-

1149 2892 1225 2927 serte
1236 2893 1339 2926 asserit
1351 2903 1417 2926 non
1429 2894 1492 2927 else
1505 2894 1594 2934 supra
1615 2891 1802 2935 magistrum
1817 2915 1827 2931 ,
1852 2890 1886 2924 &
1910 2891 2023 2927 omnia

1149 2941 1324 2977 secundum
1335 2942 1484 2979 ordinem
1501 2941 1568 2976 fieri
1585 2941 1762 2983 Apostolus
1786 2942 1925 2985 praecipit
1941 2965 1951 2980 ,
1977 2951 2021 2976 at·

1147 3004 1208 3037 que
1233 2993 1276 3025 ita
1297 2991 1395 3027 ambo
1405 2992 1588 3025 adseverant
1609 2991 1799 3026 Romanum
1818 2991 2020 3035 Episcopum

1145 3043 1162 3076 ὲ.
1183 3043 1315 3076 nemine
1340 3043 1426 3085 poffe
1445 3041 1579 3084 iudicari
1602 3065 1609 3072 .

1147 3093 1322 3126 Canonum
1342 3091 1458 3125 codice
1471 3090 1643 3124 habemus:
1671 3089 1874 3134 Unusquisque
1896 3091 2020 3131 nostrum

1145 3143 1274 3174 ordinem
1279 3139 1332 3181 fibi
1345 3141 1490 3174 decretum
1503 3141 1523 3173 a*
1537 3144 1598 3174 Deo
1607 3140 1754 3185 cognoscat
1766 3163 1777 3180 ‚
1801 3150 1834 3173 ut
1849 3140 2018 3180 Posteriores

1147 3191 1343 3225 Anterioribus
1364 3188 1500 3230 deferant
1527 3214 1538 3230 ‚
1565 3201 1617 3223 nec
1641 3196 1684 3224 eis
1710 3189 1878 3233 inconsultis
1905 3191 2022 3231 aliqurd

1145 3253 1227 3283 agere
1236 3238 1427 3282 praesumant.
1455 3239 1507 3273 Ex
1519 3238 1579 3273 hac
1591 3239 1717 3284 Regula
1732 3243 1864 3276 Sanctus
1876 3241 1938 3282 Cy:
1947 3241 2019 3271 illus

1148 3289 1391 3323 Alexandrinus
1405 3288 1553 3323 adfirmat
1573 3291 1605 3323 se
1615 3289 1751 3332 judicari
1776 3302 1842 3324 non
1856 3289 1987 3332 poruiise
2000 3288 2018 3320 ὲ

1146 3341 1268 3382 Joanne
1281 3337 1464 3371 Patriarcha
1476 3337 1690 3373 Antiocheno
1704 3364 1712 3372 .
1739 3339 1794 3373 Ex
1804 3342 1912 3372 eadem
1936 3337 2019 3368 Dio—

1149 3392 1273 3424 scorum
1298 3387 1558 3423 Alexandrinum
1579 3412 1591 3428 ,
1617 3391 1730 3424 ausum
1752 3390 1863 3424 latrare
1883 3386 1916 3468 idi
1941 3385 2021 3418 San-

1539 3437 1569 3471 Z
1593 3449 1612 3472 z
1914 3443 1969 3468 um

1645 3040 1778 3075 Deinde
1800 3040 1843 3078 in,
1860 3041 2021 3076 Africano
2038 3055 2110 3091 039.
2124 3061 2169 3089 53,
