2340 3762
618 167 927 224 Senotus,
963 180 1025 211 ετ
1060 163 1252 210 Νοτιε
1287 178 1678 212 utusrnarr.
1924 186 1987 225 91

238 259 327 320 eJ‘us
360 237 557 300 civitatis
590 248 768 310 Praesul,
806 247 1035 316 postquam
1068 244 1291 296 ordinatus
1329 246 1484 309 fuerit,
1522 245 1641 296 suum
1673 249 1879 300 thronum
1903 268 2063 319 appreae,

237 322 448 382 hendere,
485 325 529 372 &
564 321 610 369 in
645 337 698 369 eo
732 321 778 369 in
812 315 1064 370 sacerdotali
1097 317 1404 367 constitutione
1437 318 1668 379 collocari,
1703 322 1747 368 &
1781 320 1837 367 fic
1873 339 1953 387 pro
1984 336 2060 381 ea,

235 412 336 461 quae
369 393 578 452 invaluit,
612 385 920 440 consuetudine
955 386 1248 439 ordinationes
1282 393 1325 436 &
1359 391 1532 449 omnia,
1571 407 1668 456 quae
1703 387 1760 438 ad
1796 389 2058 456 Episcopum

236 466 483 533 pertinent,
518 479 642 524 agere
677 465 720 511 &
755 462 964 517 tra&are;
1014 462 1073 507 Et
1106 475 1185 506 nos
1222 458 1431 509 honorem
1473 476 1525 506 ac
1561 461 1889 511 venerationem
1923 457 2059 511 sacer-

239 533 368 585 dotio
401 532 642 592 servantes,
677 535 721 581 &
755 527 959 594 gentilem
995 530 1195 595 injuriam
1229 544 1508 596 nequaquam
1555 528 1613 579 ad
1660 529 2057 582 Ecclesiasticorum

236 607 394 671 jurium
429 605 666 671 perniciem
701 600 886 651 exerceri
921 599 1142 659 volentes,
1177 600 1262 659 eis,
1297 602 1375 666 qui
1411 597 1468 647 fic
1503 596 1695 647 ordinati
1731 599 1850 660 sunt,
1885 605 1928 650 &
1956 617 2059 667 pro-

219 690 335 743 -pter
366 672 611 742 praedicam
647 669 815 724 causam
850 671 896 718 in
929 667 1014 721 suis
1049 670 1216 719 thronis
1251 687 1341 722 non
1374 666 1471 717 sunt
1504 668 1755 729 constituti,
1814 685 1863 719 ut
1898 668 2060 737 absque

237 746 330 794 ullo
363 762 416 793 ex
450 761 501 793 ea
535 761 580 793 re
613 741 862 810 praejudicio
908 737 1204 800 conservetur,
1253 738 1551 799 decrevimus,
1600 754 1650 791 ut
1698 742 1742 788 &
1788 737 2058 788 diversorum

236 815 506 864 Clericorum
540 811 836 868 ordinationes
870 809 1094 862 Canonice
1131 808 1294 858 faciant
1309 846 1323 869 ,
1369 813 1412 857 &
1458 809 1752 880 praecedentiae
1798 811 2058 859 auetoritate

235 882 468 934 secundum
505 883 725 948 proprium
761 881 916 934 statum
950 894 1155 940 utantur,
1191 883 1235 928 &
1269 878 1321 928 fit
1355 877 1479 927 firma
1512 897 1564 931 ac
1577 880 1801 942 legitima,
1837 896 2059 946 quaecum-

236 970 324 1024 que
358 951 416 1000 ab
449 954 511 1000 eis
544 949 769 1019 procedit,
803 949 1142 999 administratio.
1195 953 1305 998 Non
1340 951 1458 997 enim
1492 950 1517 997 ἃ
1566 966 1763 1018 tempore
1798 949 2057 999 necesfitatis

235 1026 382 1074 exacta
416 1024 520 1086 juris
555 1020 853 1074 observatione
886 1018 1212 1087 circumscripta
1247 1017 1575 1089 dispensationis
1612 1022 1822 1073 terminus
1869 1022 2054 1071 circum-

236 1091 472 1144 scribetur.

1164 1267 2042 1282 Q——u-—n—-W——v—w-——q

461 1389 537 1471 C
592 1392 679 1472 A
735 1392 835 1470 N
890 1391 980 1472 O
1038 1391 1137 1470 N
1248 1388 1833 1475 XXXVIII.

231 1624 235 1626 “
370 1608 593 1663 Anonem,
621 1604 699 1672 qui
723 1600 750 1652 a
774 1601 972 1652 Patribus
1010 1601 1142 1651 ῑαᾶιιε
1183 1602 1245 1651 est
1259 1638 1273 1661 ,
1310 1619 1388 1652 nos
1426 1620 1605 1670 quoque
1640 1603 1942 1668 observamus,
1978 1611 2058 1675 qui

405 1672 461 1721 fic
484 1671 639 1723 edicit:
676 1675 719 1723 Si
743 1689 831 1740 qua
861 1674 1019 1722 civitas
1042 1672 1101 1722 ab
1134 1674 1351 1740 imperiali
1374 1673 1588 1740 potestate
1624 1674 1837 1726 innovata
1862 1677 1948 1738 est,
1984 1680 2057 1728 vel

230 1744 378 1794 rursus
403 1744 611 1791 innovata
636 1741 790 1803 fuerit,
824 1744 975 1793 civiles
1001 1760 1052 1793 ac
1081 1742 1283 1813 publicos
1308 1757 1442 1812 typos
1468 1742 1857 1797 Ecclesiasticarurn
1870 1766 2053 1818 quoque

228 1816 378 1876 inum
407 1810 517 1863 ordo
539 1810 849 1881 consequatur.

516 2099 889 2187 CAN
946 2107 1034 2189 O
1092 2111 1192 2191 N
1303 2042 1767 2198 XXXIX.

226 2314 230 2332 ³
365 2319 454 2384 Um
487 2316 617 2384 frater
644 2323 687 2370 δε
709 2321 1014 2380 Comminister
1044 2323 1184 2374 noster
1197 2331 1394 2391 Joannes
1431 2325 1578 2375 Insulae
1602 2330 1749 2396 Cypri
1777 2327 1927 2378 Praesul
1964 2329 2051 2380 una

226 2418 233 2425 ·
303 2417 305 2419 ·
375 2406 498 2437 ⁴cum
522 2388 600 2438 suo
622 2394 790 2459 populo
822 2394 870 2441 in
894 2392 1261 2462 Hellesponticam
1299 2398 1572 2445 Provinciam
1597 2402 1641 2447 &
1677 2415 1856 2467 propter
1895 2399 2050 2449 barba-

225 2459 344 2518 ricasv
363 2459 644 2521 incursiones,
680 2466 724 2511 &
745 2477 793 2511 ut
821 2460 848 2510 ὲ
872 2465 1103 2525 gentilium
1126 2464 1332 2515 servitute
1362 2465 1673 2529 liberarentur,
1711 2473 1754 2518 &
1773 2468 2048 2519 Christianis-

226 2524 339 2579 fimae
362 2526 770 2598 Potentiaesceptris
795 2532 899 2599 pure
925 2531 1257 2601 subjicerentur,
1291 2534 1318 2585 a
1344 2536 1545 2603 praedk‘ka
1575 2537 1715 2587 Insula
1740 2542 2044 2602 emigraverit,

224 2596 455 2646 clementis
485 2602 573 2648 Dei
599 2600 900 2667 providentia,
937 2608 979 2652 δε
1039 2607 1073 2669 ii⁴
1094 2609 1270 2674 Deique
1299 2609 1484 2655 amantis
1511 2612 1788 2676 Imperatoris
1825 2610 1955 2661 nostri
1981 2611 2044 2660 la-

228 2665 357 2726 bore,
393 2668 719 2730 constituimus,
755 2687 803 2720 ut
825 2673 936 2720 citra
965 2675 1096 2723 ulam
1122 2678 1446 2727 innovationem
1471 2675 1714 2739 serventur,
1751 2698 1847 2747 quae
1874 2678 1899 2728 a
1927 2678 2042 2729 divi-

225 2738 293 2784 nis
324 2737 547 2799 Patribus,
583 2743 661 2807 qui
687 2741 842 2809 Ephesi
864 2744 1052 2810 primum
1079 2762 1403 2807 convenerunt,
1441 2746 1630 2816 praedieti
1657 2752 1741 2800 viri
1774 2750 1932 2798 throno
1952 2752 2040 2820 pri-

225 2806 385 2869 vilegia
410 2806 601 2857 concessa
615 2808 734 2870 sunt,
770 2826 818 2860 ut
839 2811 952 2862 nova
963 2812 1324 2885 Justinianopolis
1352 2818 1760 2887 Constantinopolis
1774 2824 1840 2882 J'us
1852 2819 2039 2880 habeat,

225 2877 270 2922 &
296 2878 373 2941 qui
400 2880 446 2927 in
470 2896 521 2927 ea
546 2880 819 2947 constituitur
844 2885 939 2949 pius
953 2940 963 2946 ,.
981 2902 1031 2933 ac
1067 2887 1392 2949 religiofiffimus
1416 2887 1651 2956 Episcopus
1674 2888 1813 2956 praefit
1837 2889 2038 2939 omnibus

225 2944 644 3011 Hellesponticorum,
669 2953 908 3012 P'rovinciae
932 2939 1181 3023 Episcopis,
1215 2956 1314 3016 &aa
1337 2957 1422 3008 suis
1438 2957 1661 3026 Episcopis
1686 2959 1870 3020 eligatur
1898 2977 1950 3008 ex
1963 2977 2040 3008 an-

224 3014 353 3079 tiqua
376 3016 705 3070 consuetudine.
743 3027 887 3071 Mores
918 3028 1061 3085 enim,
1096 3028 1175 3092 qui
1200 3025 1295 3076 sunt
1336 3030 1381 3076 in
1425 3044 1682 3094 unaquaque
1719 3028 1934 3089 Ecclesia,
1970 3028 2037 3078 di-

223 3084 318 3131 vini
357 3086 490 3133 etiam
526 3088 657 3138 nostri
696 3094 843 3141 Patres
882 3091 1110 3144 servandos
1147 3095 1426 3158 censuerunt,
1461 3099 1786 3163 Cyzicenorum
1841 3101 2036 3149 civitatis

221 3151 441 3221 Episcopo
465 3155 633 3206 Praesuli
661 3158 782 3209 dierae
796 3162 1193 3233 Justinianopoleos
1232 3165 1421 3233 subje&o
1458 3166 1685 3227 existente,
1722 3167 1779 3216 ad
1819 3170 2034 3219 imitatio-

216 3239 322 3292 nem
345 3224 609 3291 reliquorum
638 3233 831 3278 omnium
857 3232 1194 3301 Episcoporum,
1230 3239 1308 3303 qui
1327 3235 1503 3285 subsunt
1529 3235 1731 3305 praedisto
1775 3241 1861 3288 Dei
1886 3257 2035 3290 aman-

217 3291 733 3362 tiffimoPraesul'iJoanni
748 3335 761 3358 ,
795 3298 822 3348 a
845 3305 1094 3367 quo',·³cj}m
1117 3303 1212 3353 usus
1236 3306 1516 3374 postulaverit
1531 3343 1545 3368 ,
1580 3309 1871 3377 etiam»ipfius
1895 3313 2034 3380 Cyzi-

216 3371 428 3427 &enorum
451 3366 647 3416 civitatis
669 3367 908 3439 Episcopus
930 3372 1227 3424 ordinabitur·
1337 3382 1339 3386 ’
1414 3382 1438 3397 ”
1642 3383 1670 3410 ’·
1725 3388 1730 3397 ·’

297 3483 425 3525 ,εόνζθ.
439 3489 517 3531 Lupi
529 3478 616 3529 oper.
627 3491 702 3523 Tom-
716 3492 771 3524 111.
1462 3498 1505 3534 M
1553 3509 1577 3535 ι
1838 3499 1981 3534 SCHO„
