2340 3762
46 2007 107 2044 ιώ.
124 2015 170 2048 ω
177 2015 202 2049 5·

666 156 734 189 De
771 159 1004 190 OCTAVA
1033 145 1285 189 *SYNODo
1318 140 1652 192 Gemma.

252 233 365 267 nantia
380 230 537 266 Photium
549 256 560 272 ,
585 232 617 266 ὃς
628 231 695 274 ejus
705 233 955 266 Consecratores
967 230 1131 265 dimitten-

250 283 295 316 tia
331 283 419 325 impu
426 294 479 322 nes
491 306 503 322 ‚
529 284 591 317 ess‘e
612 276 843 321 Ecclefiaslicae
862 281 1000 327 ,Reguiae
1022 282 1128 325 palam

247 333 503 377 *praevaricatoria
517 358 527 373 ‚
550 333 588 371 ,ὃς
600 331 652 366 sibi
666 333 739 375 ipfis
750 344 818 366 non
830 332 988 366 cohaerere
1000 352 1007 363 .

301 381 489 425 Respondet
502 382 577 420 vero
591 382 678 416 Elias
690 381 846 422 Phoiium
860 381 1013 416 Maximo
1027 380 1130 424 Cyni·
1166 403 1168 405 -

1166 448 1168 450 >
1190 431 1347 472 lampium
1358 425 1596 471 ‚Apameensem
1611 430 1807 473 Episcopum
1817 431 1836 464 a
1849 430 1990 466 Nicolao
2004 436 2062 475 pri-

247 442 311 472 eo,
341 431 375 465 in
388 431 493 466 sedern
507 432 911 477 Constantinopolitanam
926 435 1007 465 olim
1028 431 1127 465 etiam

246 481 395 522 intruso,
420 494 458 516 ac
471 494 524 525 per
539 484 675 529 primam
695 483 867 526 Synodum
891 482 1127 517 Constantino-

245 532 428 575 politanam
453 532 610 567 damnato
631 557 643 574 ,
671 535 733 567 effe
754 544 809 577 per
831 534 945 566 omnia
966 532 1103 565 similem
1117 555 1127 571 ,
1145 569 1146 575 ἵ

246 579 387 624 ideoque
411 581 447 615 <Sc
466 582 633 625 *utriusque
654 584 894 622 consecratores
916 584 949 616 in
969 583 1126 623 omnibus

241 631 453 675 aquiparari.
482 635 658 673 Maximus,
684 634 817 676 inquit,
842 637 990 673 Cynicus,
1016 634 1050 667 &
1067 643 1113 664 om
1163 662 1165 665 ⁴

243 685 292 714 nis
303 691 410 714 manus
421 683 489 722 eJ‘us
496 680 640 725 impositio
649 681 766 726 repulsa
780 683 819 724 est
830 707 841 724 ‚
868 689 919 726 qui
943 692 1043 716 autem
1059 691 1126 724 pro-

240 737 339 764 movit
351 743 417 765 eum
426 733 471 765 ad
481 731 677 776 Praesulatum
687 733 819 774 dejuras
834 744 892 766 non
902 733 939 773 est
952 735 972 765 ἃ
980 732 1061 776 [αντε
1067 730 1123 774 sua

241 780 412 815 Timotheus
432 783 702 816 Alexandrinorum
731 781 913 826 Episcopus.
941 788 1015 816 Non
1031 781 1125 825 solum

241 838 342 865 autem
362 829 423 875 ipse
447 835 569 866 minime*
593 833 631 870 est
641 832 792 875 repulsus,
812 831 872 879 fid
895 843 946 865 nec
967 832 1124 874 quisquam

241 881 453 924 Epist-oporam
476 881 637 920 Timothei,
661 889 716 923 ,qui
733 887 849 922 pariter
870 879 1016 918 inventi,
1037 881 1071 913 (9⁶
1091 885 1123 912 in

240 932 373 962 Maximi
381 931 606 968 ordinationem
618 930 869 970 &promotionem
879 934 1022 971 cooperati
1036 928 1121 972 sunt,

238 979 407 1016 damnatus
419 977 457 1018 est
472 1002 483 1018 ,
507 985 579 1021 quin
597 979 698 1020 potius
713 979 833 1013 honores
860 981 895 1013 &
910 985 1040 1022 praemia
1063 991 1122 1013 me·

239 1037 363 1062 ruerunt
389 1053 400 1068 ‚
434 1035 575 1070 quoniam
613 1029 782 1063 Timotheus
804 1034 921 1071 primus
950 1029 1058 1071 fat‘lus
1084 1029 1122 1070 est

239 1078 617 1121 Constantinopolitanae
638 1077 754 1121 sandiae
791 1081 894 1119 synoda·
921 1079 1088 1122 Praefidens
1111 1104 1121 1120 ‚

237 1130 339 1170 utpote
353 1129 543 1162 Alexandrus
555 1128 752 1163 patriarcba.
780 1130 873 1164 Hinc
886 1131 1000 1164 intulit
1022 1130 1120 1165 etiam

237 1178 450 1221 Eulampium
479 1190 516 1213 ac
539 1178 671 1215 Petrum
695 1191 765 1219 non
781 1179 924 1215 debuisse
946 1180 1117 1221 damnari,

237 1227 354 1271 utpote
363 1228 404 1262 ad
417 1229 582 1274 Gregorio
592 1230 834 1274 cooperandum
850 1230 1011 1269 violenter
1023 1231 1039 1265 a
1052 1230 1118 1264 Mi-

234 1275 350 1313 ,chaele
370 1277 521 1324 Augusto
541 1280 749 1324 compulsos,
777 1280 976 1325 proindeque
999 1280 1119 1320 Timo·

232 1325 315 1365 theo
326 1328 578 1371 Alexandrino,
605 1331 660 1375 qui
677 1325 807 1375 proprio
817 1341 910 1366 motu
932 1332 1012 1365 citra
1050 1330 1116 1365 vim

229 1388 383 1423 ,operatus
392 1379 518 1420 fuerat,
544 1380 644 1425 longe
653 1380 817 1424 justiores.
846 1381 959 1426 Pergit
977 1380 1019 1416 de
1029 1381 1109 1416 Gre-

228 1429 328 1474 gorio
339 1430 563 1473 Syracusano:
589 1433 641 1464 lile
662 1430 760 1477 folus,
787 1437 839 1473 qui
860 1433 950 1464 antea
975 1430 1117 1473 depaefitus

228 1479 268 1512 ἐν
276 1479 553 1512 anathematizatus
564 1480 603 1516 est
614 1503 624 1518 ,
651 1482 807 1522 Gregorius
819 1479 1011 1522 Syracusanus
1032 1482 1118 1514 dam-

230 1537 324 1561 natus
353 1527 537 1570 &depositus
549 1528 602 1569 est.
633 1527 744 1563 Docet
761 1529 961 1575 Gregorium
983 1541 1051 1565 non
1071 1530 1116 1564 ob

231 1577 334 1611 solam
371 1579 405 1611 δε
431 1579 555 1611 nudam
581 1578 695 1616 Photii
720 1580 996 1613 consecrationem
1018 1579 1114 1613 fuiffe

229 1626 442 1667 damnatum,
469 1627 522 1660 sed
537 1626 626 1671 quod
635 1638 706 1660 eam
720 1630 904 1668 attentasset
914 1628 978 1670 jam
995 1629 1040 1662 ob
1050 1629 1112 1667 alia

228 1676 369 1711 crimina
390 1677 550 1715 canonice
569 1676 762 1721 degradatus
780 1703 791 1719 ,
818 1690 915 1722 atque
937 1678 982 1712 ita
1008 1679 1114 1722 palam

227 1723 412 1771 impegisset
423 1727 457 1760 in
471 1737 621 1769 quartum
633 1728 806 1761 Canonem
827 1723 1087 1766 Antiochenum.

281 1776 406 1810 Verum
427 1778 518 1811 enim
543 1777 620 1812 vero
643 1779 850 1813 manifestum
874 1778 919 1812 est
941 1779 1048 1812 Eliam
1079 1780 1113 1812 in

225 1826 420 1869 *quibusdam
442 1827 535 1862 fuisse
559 1827 800 1863 hallucinatum
829 1854 836 1861 .
864 1828 978 1866 Primo
999 1828 1111 1861 falsum

225 1874 273 1908 est
284 1899 294 1914 ‚
322 1876 412 1919 quod
424 1877 547 1914 vitiosae
571 1879 625 1916 seu
639 1878 823 1923 irregularis
837 1880 978 1922 personae
988 1878 1022 1910 in
1037 1876 1112 1920 Epi-

225 1924 362 1968 scopum
374 1925 625 1963 Consecratores
639 1928 693 1959 seu
706 1922 881 1965 intrusore's
892 1939 959 1963 non
971 1926 1111 1960 debeant

220 1973 463 2019 degradatione
489 1975 597 2017 puniri
621 2000 628 2007 .
657 1975 794 2010 Etenim
820 1986 881 2011 tres
909 1976 1110 2020 Episcopos‚

220 2023 407 2062 :Novatiani
429 2022 465 2055 in
489 2021 679 2059 Romanam
692 2024 889 2059 cathedram
913 2027 1109 2065 intrusores,

223 2073 318 2108 fuisse
340 2071 556 2116 degradatos,
582 2071 616 2109 ἀ
636 2082 750 2106 eorum
773 2085 877 2107 unum
894 2075 1107 2116 poenirentem

222 2123 261 2158 in
270 2122 386 2157 laicam
397 2121 566 2157 dumtaxat
579 2123 849 2157 communionem
861 2134 1023 2167 receptum
1034 2125 1108 2158 scri-

225 2172 277 2207 bit
293 2172 379 2216 apud
406 2171 583 2205 Eusebium
595 2171 828 2209 Caesareensem
840 2175 973 2207 Sanetus
984 2175 1105 2209 Corne-

222 2222 286 2256 lius
299 2222 385 2266 Papa
398 2247 405 2255 .
434 2222 477 2258 Et
489 2221 530 2255 ad
549 2222 720 2264 Synodum
733 2222 934 2259 Toletanam
946 2223 1107 2259 Innocen-

221 2273 287 2311 tius
307 2273 429 2316 primus
442 2285 452 2305 .·
479 2270 610 2315 ,Quipost
634 2271 697 2305 haec
710 2274 861 2306 adversus
882 2272 1000 2315 formas
1011 2278 1106 2307 Cano-

221 2334 295 2358 num
314 2323 367 2357 vel
391 2324 434 2355 ad
444 2321 825 2365 Ecclefiasticum'ordinem
837 2348 848 2364 ‚
876 2324 927 2357 vel
945 2325 991 2357 ad
1008 2323 1104 2366 ipsum

222 2374 423 2407 Sacerdotium
436 2376 537 2405 venire
549 2378 715 2407 tentaverit
728 2397 739 2413 ‚
764 2376 826 2406 una
837 2384 900 2406 cum
912 2375 1103 2410 Creator-ibus

217 2421 377 2467 suisipfir,
405 2428 503 2465 inquo
523 2427 640 2455 inventi
657 2422 780 2463 fuertnt
793 2447 803 2463 ,
829 2424 931 2456 ordine
951 2425 985 2457 (τ
997 2423 1102 2460 honore

216 2478 381 2514 priventur
401 2497 408 2503 .
434 2473 477 2509 Et
501 2472 542 2506 de
563 2472 866 2516 Pseudo-Episcopo
895 2474 1037 2509 Daniele
1059 2475 1099 2509 ad

221 2522 419 2556 Viennensis
441 2533 478 2558 ac
489 2521 707 2560 Narbonensis
728 2523 908 2559 Provinciae
920 2524 1099 2567 Episcopos

219 2571 331 2606 scribit
355 2571 539 2605 Celestinus
560 2573 681 2614 primus
703 2584 710 2608 ;
739 2573 872 2610 Facilius
887 2574 925 2614 est
938 2597 949 2612 ‚
975 2583 1009 2606 ut
1020 2573 1098 2609 hano

219 2623 397 2665 dignitatem
408 2621 464 2654 tali
479 2623 578 2654 dando
590 2621 723 2665 amiserit
735 2621 796 2664 ipse
806 2624 963 2658 Ordinator
972 2646 983 2662 ,
1008 2635 1098 2665 quam

218 2683 287 2707 eam
308 2671 437 2706 obtineat
450 2672 617 2705 ordinatus
631 2697 638 2703 .
664 2677 723 2704 Cui
743 2675 895 2710 convic‘lus
915 2672 1076 2716 sociabitur
1088 2697 1098 2716 ‚

217 2728 271 2763 qui
280 2733 348 2756 eum
352 2721 409 2763 fibi
419 2723 546 2758 credidit
555 2722 709 2766 largiendo
723 2723 908 2764 Pontificium
915 2722 1094 2766 sociandum.

219 2770 278 2804 Est
290 2772 380 2815 supra
394 2770 542 2805 laudatus
553 2772 671 2806 Canon
684 2771 895 2815 Apostolicus
904 2798 915 2814 ,
937 2773 1095 2808 definiens

217 2830 353 2854 omnem
374 2822 595 2865 Episcopum,
622 2822 680 2866 qui
701 2822 841 2866 indigno
863 2833 978 2856 manus
992 2823 1096 2867 impo-

218 2869 271 2902 nit
282 2893 292 2908 ,
320 2871 428 2913 quoad
439 2871 567 2917 culpam
585 2872 618 2905 &
630 2882 758 2917 poenam
769 2874 1015 2907 communicare
1025 2885 1095 2921 pec-

218 2919 302 2957 catis
313 2920 427 2954 alienis
439 2946 446 2955 .

267 2969 419 3007 Secundo
431 2970 546 3004 falsum
568 2972 613 3007 est
627 2971 814 3007 Maximum
826 2972 991 3015 Cynicum
1004 2972 1021 3006 ὲ
1032 2972 1091 3007 Ti-

216 3018 355 3057 motheo
374 3019 560 3055 Patriarcha
574 3021 799 3056 Alexandrino
821 3023 913 3057 fuisse
925 3024 1090 3057 consecra-

215 3078 288 3103 tum
303 3095 310 3101 .
337 3069 553 3106 Consecratus
573 3070 636 3104 fuit
660 3070 678 3103 ὲ
700 3072 937 3110 frumentariis,
965 3073 999 3106 id
1020 3072 1065 3106 est
1079 3097 1089 3115 ,

214 3119 371 3165 vectigale
384 3118 526 3165 AEgypti
548 3121 746 3157 frumentum
764 3122 1086 3166 Constantinopolim

211 3167 461 3213 deportantibus
482 3168 693 3214 AEgyptiacae
712 3172 885 3208 dioeceseos
898 3173 1086 3216 Episcopis,

214 3227 285 3253 non
296 3216 471 3253 Timothei
481 3218 561 3262 juffu
573 3246 582 3261 ,
612 3218 666 3255 sed
677 3222 819 3264 proximi
829 3221 895 3266 ejus
907 3222 1086 3256 Decefforis

212 3266 302 3305 Petri
322 3294 332 3308 ,
356 3281 452 3313 quem
474 3269 540 3312 jam
559 3269 751 3305 defunctum
769 3271 923 3307 damnare
944 3272 1084 3306 omnino

212 3319 366 3360 potuisset
386 3319 753 3364 Constantinopolitana
774 3321 946 3364 SynoduS‚
972 3321 1082 3356 verum

213 3367 449 3413 Episcopoxum
462 3370 495 3403 in
508 3370 652 3405 Ecclefiae
668 3382 746 3414 pace
758 3371 984 3409 defunctorum
996 3370 1081 3407 dam-

210 3416 306 3464 natio
323 3426 405 3457 ,tune
416 3419 555 3456 necdum
575 3431 643 3456 erat
661 3422 695 3455 in
708 3421 920 3457 Ecelefiarum
942 3422 1000 3457 usu
1012 3446 1024 3463 ,
1049 3421 1081 3455 ὃ(

1190 229 1303 263 Petrus
1325 229 1426 262 fuerat
1448 239 1644 273 magnorum
1660 232 1846 268 meritorum
1858 233 2034 280 Episcopus
2045 261 2058 278 ‚

1189 289 1284 324 atque
1298 278 1339 312 ἰπὶ
1352 281 1468 311 unicus
1478 277 1533 312 hic
1544 279 1689 313 excessus
1709 281 1743 312 iu
1755 283 1823 324 ipso
1834 295 1900 319 erat
1912 291 2006 320 venia
2026 288 2062 324 βε

1189 329 1508 372 οὺΙὶνὶοοερἰηυε.
1765 326 1767 329 ’

1242 379 1274 411 Τ
1278 380 1359 412 ertio
1381 380 1496 412 saltum
1513 378 1562 415 est
1587 378 1724 417 ,Petrum
1742 379 1928 418 Sardensem
1948 397 1986 419 ac
1999 386 2064 422 Eua

1190 491 1246 513 mo
1258 478 1425 518 ,pontifice
1436 490 1504 511 non
1514 479 1608 519 fuisse
1617 479 1807 517 damnatos.
1835 481 1927 515 Dum
1941 480 2064 525 Grego-

1189 531 1270 563 rium
1293 529 1454 571 Syracusa:
1480 527 1791 572 Archi-Episcopum
1812 552 1823 568 ,
1846 529 2064 574 Principalem

1189 579 1300 614 Photis
1311 580 1569 618 ,consecrato-rem
1582 603 1593 619 ,
1608 579 1642 611 N
1645 580 1766 618 icolatus
1776 581 1966 621 damnavit,
1977 582 2065 616 dam·

1190 631 1278 662 navit
1300 628 1442 663 omnino
1461 629 1576 672 &ejus
1597 628 1783 667 adsistentes
1802 642 1901 674 atque
1911 642 2063 676 coopera-

1188 687 1272 712 tores
1282 702 1293 718 ,
1307 679 1382 719 licet
1394 690 1461 713 non
1474 680 1662 717 nominatos
1675 703 1683 711 .
1694 678 1797 717 [Istum
1808 681 1912 718 solum
1926 682 1958 713 in
1973 683 2064 715 dam-

1190 729 1334 762 nationis
1346 730 1501 763 sententia
1513 729 1692 772 exprimere
1703 728 1749 762 est
1759 732 1890 772 antiqua
1917 730 2063 766 Ecclesia

1188 779 1411 812 consuetudo.
1439 778 1486 812 Ιεὲ
1508 778 1714 819 Donatistae,
1740 779 1908 814 Caeciliani
1929 781 2063 816 Cartha·

1187 828 1330 871 ginenfis
1344 827 1611 872 Archi-Episcopi
1635 829 1912 863 consecrationem
1932 841 1974 863 ex
1983 842 2063 865 con-

1164 904 1166 907 .
1188 878 1380 917 sectantium
1402 878 1506 912 scabie
1529 879 1691 913 maculare
1711 880 1845 920 conati,
1871 881 2063 914 accusarunt

1187 925 1293 965 solum
1307 928 1514 971 principalem
1529 931 1802 971 consecratorem,
1830 930 1972 964 Felicem
1985 930 2064 974 Epi-i

1186 976 1319 1019 scopum
1333 975 1581 1022 Aptungensem
1599 1004 1605 1011 .
1635 978 1764 1013 Eisdem
1775 980 1809 1013 in
1824 980 2062 1025 Carthaginen-

1185 1026 1207 1058 fi
1221 1026 1401 1060 collatione
1420 1025 1460 1061 de
1472 1029 1590 1067 Sanno
1613 1029 1800 1072 Augustino
1825 1032 2061 1074 quaerentibus,

1185 1079 1274 1117 Aquo
1298 1077 1456 1109 ordinatus
1476 1076 1540 1117 est,
1564 1078 1708 1121 reposuit
1730 1077 1932 1122 Augustinus
1956 1081 2063 1114 solum

1182 1125 1371 1170 Megalium
1388 1125 1613 1161 Calamensem
1636 1127 1836 1174 Episcopum
1851 1151 1860 1167 ‚
1892 1138 1972 1162 tunc
1993 1129 2064 1162 Nu-

1184 1176 1293 1210 midiae
1305 1175 1484 1211 Primatem
1498 1201 1504 1209 .
1532 1175 1577 1210 Et
1590 1176 1630 1210 de
1641 1177 1736 1219 primi
1749 1177 1944 1221 Anti-Papae
1955 1179 2066 1214 Nova·

1184 1225 1286 1265 tiani,
1312 1237 1408 1269 quem
1432 1224 1567 1260 {tribus
1592 1226 1759 1270 Episcopis
1776 1228 1965 1262 ordinatum
1986 1240 2065 1263 con·-

1183 1275 1243 1310 stat
1256 1300 1267 1316 ,
1297 1276 1474 1311 intrusione
1484 1287 1585 1321 agens
1612 1278 1644 1310 in
1659 1277 1762 1311 Sancti
1775 1277 1926 1314 Cornelii
1951 1279 2064 1313 vitali·

1184 1324 1239 1360 ber
1253 1324 1460 1367 pontificalis
1469 1321 1619 1362 nominat
1630 1326 1838 1365 ,solummodo
1850 1339 1952 1361 unum
1965 1341 1972 1360 :
1999 1334 2062 1362 No·

1183 1385 1274 1408 vatus
1287 1380 1496 1411 Novatiaenum
1507 1386 1597 1411 extra
1609 1376 1766 1418 Ecclefiam
1777 1379 1933 1411 ordinavit
1944 1404 1951 1410 .
1965 1379 2062 1413 Eam·

1182 1426 1257 1461 dem
1270 1427 1395 1460 secutus
1408 1428 1556 1471 regulam
1576 1429 1709 1462 Sanctus
1719 1426 1874 1460 Pontifex
1899 1426 2062 1462 Nicolaus

1182 1474 1214 1506 in
1245 1471 1413 1508 photianae
1451 1477 1682 1510 ordinationis
1707 1475 1918 1510 damnatione
1956 1478 2062 1512 solum

1183 1524 1379 1567 Gregorium
1394 1526 1628 1568 syracufimum
1642 1526 1791 1568 exprcffit
1805 1551 1811 1558 .
2059 1567 2062 1570 ι

1232 1573 1361 1607 Exinde
1374 1573 1414 1607 ad
1427 1578 1588 1617 praesentes
1612 1575 1794 1609 Photianos
1815 1575 1992 1619 Episcopos
2003 1577 2062 1613 Ba·

1180 1623 1267 1658 filius
1279 1625 1446 1669 Augustus
1459 1624 1503 1658 est
1520 1624 1751 1658 interlocutus:
1783 1628 1855 1658 Ecce
1866 1626 1987 1666 audistis
1994 1626 2061 1670 fin·

1174 1672 1242 1719 fiam
1266 1674 1513 1712 Patrjarcharum
1527 1700 1537 1716 ‚
1562 1685 1627 1708 tam
1650 1680 1796 1712 Romani,
1826 1677 1918 1718 quam
1931 1677 2061 1720 Hierosoe

1176 1724 1311 1763 rlymitani
1332 1726 1367 1761 1&
1382 1725 1553 1764 Antiocheni
1561 1749 1571 1764 ,
1595 1728 1672 1768 quid
1680 1725 1764 1759 vobis
1777 1727 1898 1757 videtur
1909 1727 1955 1758 ad
1965 1725 2029 1759 haec
2043 1728 2060 1759 3

1179 1774 1247 1807 Eos
1258 1797 1270 1812 ‚
1295 1774 1385 1815 quod
1401 1777 1471 1809 suas
1482 1775 1689 1812 latrocinales
1701 1771 1952 1819 Synodos'quafi
1964 1774 2058 1810 coele‚

1177 1823 1236 1858 flia
1255 1822 1436 1855 confistoria
1449 1823 1659 1865 praedicarent
1670 1848 1680 1864 ‚
1705 1824 1740 1859 ,ἀ
1754 1823 1838 1857 hanc
1852 1824 1991 1859 nostram
2006 1836 2059 1860 ve·

1182 1872 1294 1906 raciter
1305 1872 1543 1906 oecumenicam
1566 1875 1768 1916 spernerent,
1793 1875 1828 1911 ἀ
1850 1875 2056 1916 praesentibus

1175 1930 1313 1963 quatuor
1333 1919 1605 1958 Patriarchalibus
1628 1922 1753 1957 sedibus
1774 1933 1841 1956 non
1867 1926 2055 1965 crederent,

1174 1969 1254 2004 dure
1276 1969 1455 2015 increpavit
1476 1995 1482 2002 .
1511 1970 1695 2014 Respondit
1738 1971 1814 2005 vero
1836 1970 2014 2008 Zacharias
2033 1975 2052 2009 ὲ

1175 2018 1298 2054 Photio
1310 2019 1511 2053 consecratus
1525 2021 1740 2063 Metropolita
1755 2021 2029 2058 Chalcedonensis
2041 2028 2052 2061 ξ

1173 2073 1218 2106 Et
1232 2073 1326 2111 Papae
1346 2072 1465 2102 Nicolai
1487 2070 1520 2103 (ν
1532 2072 1970 2105 caeterorum.Patrtmbarum
1994 2078 2052 2107 θαι

1172 2132 1230 2153 non
1247 2126 1385 2163 princeps
1400 2119 1438 2162 est
1449 2142 1459 2158 ‚
1484 2119 1681 2167 &strandum
1703 2121 1787 2155 illum
1807 2133 1926 2166 agentes
1937 2124 2050 2165 nonfa»

1168 2176 1248 2204 ciunt
1259 2172 1294 2202 id
1304 2193 1314 2210 ‚
1340 2171 1421 2211 quod
1429 2172 1519 2205 extra
1530 2171 1645 2204 docetur
1657 2197 1664 2203 .
1692 2171 1768 2206 cum
1781 2175 1850 2209 vero
1873 2182 1961 2209 extra
1971 2173 2048 2210 hune

1161 2220 1286 2262 faciunt
1298 2243 1309 2259 ‚
1331 2218 1391 2260 five
1414 2222 1501 2261 Papa
1517 2222 1681 2261 Nicolaus,
1701 2221 1765 2263 sive
1777 2229 1842 2264 quis
1862 2224 1961 2261 alius,
1989 2234 2048 2259 non

1168 2269 1387 2313 acquiescimus.
1415 2268 1571 2304 Canones
1585 2272 1647 2304 effe
1658 2270 1739 2306 dicit
1754 2271 1837 2315 Papa
1862 2273 1894 2306 ὅ(
1909 2272 2046 2308 patriar.

1166 2320 1236 2355 chis
1249 2320 1423 2363 superiores
1436 2345 1445 2359 ,
1471 2319 1617 2355 &hosce
1629 2320 1767 2365 obligari
1790 2320 1830 2355 ad
1842 2321 1976 2356 istorum
1989 2322 2046 2357 οἰκ

1165 2371 1358 2404 servantiam
1383 2394 1395 2410 ,
1429 2368 1566 2414 ideoque
1594 2372 1735 2416 ipsorum
1765 2370 1813 2405 his
1838 2372 2041 2408 adversantia

1162 2420 1352 2455 Constituta
1376 2419 1438 2455 effe
1461 2419 1630 2461 habenda,
1660 2432 1724 2454 non
1751 2431 1786 2457 ut
1809 2421 2041 2457 patriarchalia

1160 2480 1215 2507 aut
1227 2470 1359 2513 Papalia
1375 2469 1510 2503 Decreta
1525 2495 1535 2510 ‚
1562 2471 1615 2507 sed
1632 2481 1797 2518 tamquam
1823 2474 2041 2517 pravaricatoe

1161 2521 1206 2555 ria
1220 2530 1396 2555 attentata.
1429 2519 1470 2554 Et
1493 2521 1640 2563 probavit
1661 2522 1837 2564 exemplis
1867 2523 2040 2556 Marcellum

1163 2574 1341 2608 Ancyranum
1345 2570 1454 2614 Julius
1465 2573 1614 2604 Romanus
1634 2569 1782 2613 sasivit,
1814 2572 2038 2612 &sardicensis

1157 2621 1285 2659 synodus
1310 2629 1452 2653 trecentos
1465 2620 1628 2663 ⁴Episcopos
1639 2620 1931 2662 habensjuh‘tfiravir
1942 2633 2007 2653 eum
2018 2634 2035 2662 ;

1155 2669 1213 2715 fid
1224 2669 1312 2714 usque
1322 2676 1353 2702 in
1364 2668 1496 2716 praesens
1507 2679 1540 2703 ut
1550 2671 1703 2704 baereticus
1721 2669 1907 2703 anathemati
1914 2669 2035 2712 subjici·>

1156 2728 1203 2752 tur
1223 2745 1231 2752 .
1260 2724 1305 2753 Et
1323 2721 1480 2764 lugendum
1493 2720 1842 2761 apiariumjustificarum
1855 2720 1875 2750 ἰι
1886 2723 2030 2756 Romanis

1157 2768 1336 2813 Praesulihus
1349 2769 1488 2815 Africana
1499 2773 1624 2809 synodus
1638 2769 1895 2810 nonjuffificavit,
1918 2769 1978 2812 sed
1986 2782 2028 2805 re-.

1149 2821 1230 2864 pulit
1246 2844 1256 2859 ‚
1281 2825 1404 2854 mittens
1430 2828 1465 2857 ut
1481 2825 1605 2863 propria
1624 2830 1739 2852 curaret
1752 2844 1761 2857 ,
1788 2821 1822 2852 (ν
1843 2829 1931 2851 extra
1947 2820 2028 2862 fines

1147 2869 1217 2916 suos
1231 2882 1288 2906 non
1298 2872 1451 2907 excederet
1459 2894 1466 2902 .
1493 2874 1523 2907 E
1526 2881 1540 2904 t
1551 2871 1611 2902 alia
1621 2871 1699 2903 dena
1708 2869 1801 2902 millia
1810 2873 2029 2916 paradigmata

1152 2920 1294 2954 habemus
1308 2918 1473 2963 hujusmodl
1483 2944 1490 2951 .

1201 2969 1400 3013 Hujusmodi
1435 2972 1497 3005 elie
1521 2969 1605 3004 dixit
1632 2969 1764 3004 Nicolai
1792 2970 1964 3004 Pontificis
1990 2972 2027 3006 iu

1152 3018 1308 3054 Photium
1330 3031 1366 3055 ac
1378 3019 1561 3055 Photianos
1574 3019 1711 3056 Decreta
1724 3045 1734 3060 ,
1759 3020 1800 3054 ad
1813 3020 1934 3065 lingula
1953 3020 2027 3055 ino<

1150 3080 1221 3106 rum
1241 3069 1453 3105 fundamenta
1474 3069 1664 3114 respondere
1685 3080 1822 3105 conatus
1842 3074 1849 3103 '.
1877 3071 2025 3108 Primum

1147 3130 1260 3155 eorum
1279 3119 1529 3156 fundamentum
1547 3130 1614 3153 erat
1627 3120 1744 3156 Canon
1761 3120 1952 3158 Sardicenfis
1970 3132 2022 3157 ve-

1146 3180 1218 3203 tans
1231 3181 1272 3202 ex
1284 3169 1373 3203 laicis
1386 3169 1493 3204 statim
1518 3171 1615 3203 creari
1631 3170 1828 3215 Episcopos‚
1854 3170 2021 3213 respondit

1146 3219 1220 3253 vero
1232 3217 1425 3255 Zacharias:
1452 3218 1662 3265 Consecrantes
1674 3226 1701 3253 is
1719 3225 1825 3254 Canon
1844 3229 1944 3256 cautos
1957 3221 2019 3252 red—

1142 3270 1188 3303 dit
1200 3293 1210 3309 ‚
1234 3267 1429 3312 consecratum
1439 3276 1537 3303 autem
1562 3281 1620 3305 non
1630 3271 1759 3306 damnat
1768 3295 1777 3310 ,
1802 3272 1837 3304 ὁ·
1847 3268 2015 3312 consuetudo

1140 3320 1223 3353 illum
1235 3318 1439 3363 exsuperavit.
1475 3320 1611 3357 Etenim
1636 3320 1767 3358 Sant‘lus
1788 3318 1940 3358 Tharafi'us
1953 3316 2012 3349 Pa·

1139 3368 1276 3403 triarcha
1288 3369 1675 3413 constantinopolitanus
1686 3372 1731 3404 itt?
1749 3369 1928 3412 consecratus
1950 3364 2007 3405 est,

1139 3419 1171 3455 δε
1193 3419 1378 3464 Nicephorus
1401 3420 1573 3466 proximus
1592 3418 1678 3455 illius
1699 3420 1850 3499 success}
1864 3439 1874 3453 ‚
1894 3417 1934 3474 ῥ’
1946 3418 2011 3451 Ne⁴

1853 3475 1935 3497 arius
1948 3487 1960 3508 μ
