2340 3762
636 166 941 222 Scironis,
980 178 1045 210 ετ
1077 161 1683 210 Νοτιεμιιιυετκᾼτι.
1900 183 1997 228 149

250 255 512 300 usnrftu‘ltffmae
536 255 641 297 vestrae
657 256 805 301 sapentia
822 255 997 302 fiandalum
1014 263 1122 298 parere
1140 288 1142 291 ,
1174 254 1352 304 rEpiscopo
1378 253 1432 286 seu
1445 251 1628 287 Patriarcha
1653 252 1747 297 petiit
1758 253 1917 290 Pontifex
1940 257 2068 302 Grego'·
2079 247 2215 289 Ῐ.8·ΕΡ·ἰ·

243 300 346 349 φακῆς,
364 302 493 349 suspicio
505 306 607 348 istaest
619 330 628 340 .
653 307 852 351 Quaesumus,
877 318 916 341 ne
925 314 958 341 m
976 306 1029 341 hoc
1036 303 1125 348 offen-
1141 311 1148 350 ᾖ
1189 306 1253 338 rius
1265 304 1420 347 septimus
1438 327 1445 335 .
1470 304 1666 337 Prudenttam
1689 314 1772 338 tuam
1792 305 1947 340 charitans
1960 305 2068 346 affiHu

248 349 384 388 R'amtnt.
403 360 490 389 Nam
501 367 610 392 crucem
621 356 863 402 adieciffiesufflit
884 358 931 390 ad
938 358 1016 390 illius
1026 355 1126 389 huma-
1188 354 1423 388 commonen'dam
1433 351 1596 398 censuimus
1608 378 1618 392 ,
1643 362 1679 386 ut
1702 347 1860 398 clauficlam
1874 379 1885 393 ‚
1908 368 1998 398 quam
2021 357 2067 399 illi

249 411 385 439 nitatem
400 430 416 448 ,A
439 419 529 450 quam
547 417 645 442 mente
667 414 871 450 concipimus,
895 407 1125 449 explacandam,
1188 405 1271 438 lauda
1293 401 1474 447 subjungitis
1488 428 1497 442 ‚
1523 402 1755 440 SANCTUS
1778 403 1931 444 DEUS,
1957 405 2063 439 SAN-

247 464 340 498 ‘atque
348 458 393 491 ad
400 455 588 500 servandum
610 470 663 491 nos
675 459 714 491 ab
725 464 809 492 amnt
824 457 959 501 paffionis
971 460 1127 492 Divinita-
1191 454 1258 489 CT
1263 454 1324 489 Us
1344 452 1537 493 FORTIS,
1564 452 1791 488 SANCTUS
1813 452 2069 488 IMMORTA-

249 509 290 538 τί]
301 511 433 548 opinione
452 510 595 541 remotim.
621 509 696 541 Ticm
714 509 896 552 particulam
909 503 1128 552 ETsuperad-
1189 504 1258 539 LIS
1280 529 1291 545 ,
1318 502 1402 544 istam
1430 503 1562 536 videlicet
1585 525 1597 542 ‚
1634 503 1747 551 QUI
1773 503 2070 539 CRUCIFIXUS

249 557 349 589 dimus
360 557 406 589 ad
414 557 639 599 compqst'tionem
650 557 1010 601 orationisperficlendaem
1019 583 1027 590 .
1056 562 1127 593 Ete-

250 611 314 638 m'm
328 606 416 640 dimo
439 608 515 647 illa,
539 607 767 644 SANCTUS
780 632 792 649 ,
814 613 848 641 in
871 606 962 649 nqllro
986 609 1127 649 idrontate

249 653 462 697 brevzffmaest
485 660 520 692 δ’
539 656 748 701 monosyllaba,
774 669 826 693 nec
833 659 961 700 proinde
981 669 1048 690 cum
1067 658 1128 690 alla

248 704 379 739 difflone
396 706 486 748 potest
514 706 548 751 se
561 707 626 751 sola
644 710 790 748 adverti,
813 708 1060 752 quemssdmodu'cm
1076 716 1123 740 ve-

243 753 341 797 strum
352 756 494 790 AGIOS
506 782 513 789 .
541 762 691 792 Caeterum
710 758 791 802 quod
811 759 883 802 ergd
896 757 1042 797 Christum
1056 755 1095 798 fit
1107 756 1128 787 ἃ

246 804 334 838 mbis
347 806 502 849 Trt'fizglon
510 808 752 847 decantandum,
769 807 854 848 testes
866 819 920 841 vot
928 805 1007 850 ipsos
1030 806 1128 839 addu-

242 860 343 889 «τίθημι-
355 879 362 887 .
381 856 517 895 Exstant
527 861 607 890 enlm
614 861 648 889 in
659 857 784 891 urbtbus
796 855 983 900 Damascena
1006 858 1040 888 θ
1057 857 1127 886 Ma·

246 904 388 944 vestuena
397 903 468 937 libri
488 906 634 946 quidam,
661 905 765 944 vestris
791 905 904 939 litteris
924 910 1068 944 exarati,
1094 909 1128 937 in

244 952 354 995 qulbus
365 960 413 986 ter
418 951 542 996 sandes
564 954 612 988 bic
621 954 743 995 hymnusv
753 955 800 988 itti
807 952 938 998 scriptus
958 957 1104 996 reperitur
1115 966 1127 988 .·

245 1000 469 1050 SANCTUS
490 1003 623 1039 DEUS
645 1029 656 1045 ,
682 1003 911 1040 SANCTUS
932 1004 1127 1044 FORTIS,

244 1050 468 1087 SANCTUS
487 1053 892 1101 1MMORTAL1SQ11
914 1053 1128 1089 CRUCIFI-

245 1099 348 1136 XUS
371 1101 426 1136 Es
445 1102 558 1138 PRO
579 1103 719 1140 NOBIS
739 1129 751 1146 ,
774 1103 1018 1140 MISERERE
1043 1103 1128 1138 No-

244 1150 377 1186 STRI.
403 1155 508 1196 ‚Quare
517 1153 737 1197 hocpaaaeam
746 1157 936 1189 cantandum
956 1154 1040 1188 baud
1061 1153 1127 1196 1in-

242 1209 306 1235 met
315 1207 547 1246 excogitavimus
557 1227 569 1245 ‚
591 1203 647 1249 sed
657 1208 678 1239 ἃ
692 1205 778 1240 vobis
789 1217 843 1239 nos
854 1207 901 1239 itti
912 1205 1040 1248 didicffe
1053 1215 1128 1238 com-

238 1254 376 1293 perimus
387 1277 395 1286 .
422 1254 527 1297 ,Quam
548 1264 650 1289 autem
669 1256 705 1289 ob
714 1254 834 1299 causam
844 1257 959 1289 deinde
977 1254 1055 1288 banc
1067 1257 1128 1289 Pa-

241 1307 324 1334 rrum
332 1303 529 1337 traditionem
542 1310 575 1338 in
587 1305 884 1349 minimisposueritis
896 1329 908 1346 ,
934 1311 1104 1349 ignoramus
1118 1328 1126 1336 .

242 1349 366 1385 Errant
374 1352 557 1397 graviffime
568 1353 655 1389 Petri
667 1354 818 1400 Cnaphei
831 1356 1002 1389 audaciam
1022 1353 1127 1397 appel·

240 1397 345 1433 lando
353 1398 490 1436 Parrum
511 1402 724 1437 traditionem
737 1429 744 1435 .
763 1403 967 1450 Qinimmo
988 1404 1022 1436 <Sc
1035 1404 1125 1445 pueri

240 1446 607 1493 constantinopolitani
629 1451 799 1485 historiam
819 1475 831 1491 ,
858 1461 911 1485 tot
929 1449 1126 1485 authenticis

238 1496 440 1533 testimoniis
451 1498 657 1541 roboratam,
682 1499 807 1535 audent
830 1500 949 1535 fabulis
970 1500 1126 1534 adnume-

240 1558 329 1581 rare.
354 1546 401 1582 Et
424 1549 649 1584 concludunt.
676 1552 762 1594 ,Quia
780 1558 920 1593 optamus·
931 1551 1125 1584 Dilec‘lionem

238 1588 369 1637 ustam
375 1600 529 1633 conciliare
540 1624 552 1641 ‚
574 1601 752 1643 proceffimus
768 1626 779 1641 ‚
805 1603 839 1634 (ς’
842 1601 920 1642 justo
922 1600 1000 1644 sane?
1012 1602 1095 1633 modo
1109 1625 1122 1642 ,

239 1647 286 1679 ad
302 1648 480 1682 medendum
502 1654 536 1682 in
556 1649 612 1684 bac'
619 1658 711 1690 parte
729 1650 776 1692 isti
790 1650 929 1692 fratrum
944 1650 1102 1694 suspicioni
1113 1675 1124 1691 ‚

240 1697 288 1728 ita
309 1701 342 1730 in
356 1696 504 1738 posterum
529 1710 599 1743 erga
609 1699 758 1739 christum
777 1709 918 1734 canentes
935 1699 1121 1744 Trisagium:

239 1743 474 1782 SANCTUS
496 1748 642 1789 DEUS,
668 1749 900 1785 SANCTUS
926 1750 992 1785 ET
1016 1750 1126 1785 FOR-

240 1793 318 1831 TIS
327 1818 340 1835 ,
366 1793 595 1833 SANCTUS
608 1798 676 1833 ET
687 1798 999 1844 IMMORTALIS
1009 1825 1020 1841 ,
1029 1799 1122 1846 QJI

239 1840 573 1882 lNCARNATUs
594 1847 661 1881 ET
683 1849 754 1882 CR
765 1849 968 1884 UCIFIX
978 1850 1015 1885 U
1027 1850 1048 1883 S
1071 1849 1123 1883 Es

240 1893 340 1930 PRO
351 1895 490 1930 NOBIS
500 1916 511 1938 ,-
537 1896 779 1932 MISERERE
791 1899 969 1935 NOSTRI
982 1923 988 1931 .
1016 1901 1062 1933 sic
1074 1910 1123 1933 ve-

233 1944 307 1989 strae
320 1945 493 1981 charitatis
518 1953 613 1988 opinio
634 1949 725 1991 dirigi
740 1955 852 1991 poterit
864 1973 875 1990 ‚
901 1961 939 1984 ne
949 1951 1066 1983 additio
1088 1951 1122 1983 il-

239 1997 295 2036 lae,
316 1995 413 2043 QJI
432 1995 734 2033 CRUC1F1XUS
747 1999 826 2039 Es,
850 2004 883 2032 in
892 1998 990 2043 ipsam
1017 2001 1121 2033 videa-

240 2054 291 2078 tur
304 2047 484 2078 Trinitatem
494 2068 504 2084 ‚
529 2057 583 2080 aut
594 2053 629 2079 in
640 2047 789 2088 Christum
795 2047 955 2091 secundum
966 2053 1121 2082 Divinita-

238 2101 300 2127 tem
310 2101 457 2136 acceptum
467 2097 488 2127 ἂ
500 2094 584 2128 nobis
598 2095 722 2138 referri.
749 2097 855 2132 Gtaeci
867 2099 977 2142 itaque
996 2098 1121 2134 addita-

214 2168 216 2170 -
239 2151 412 2185 mentum,
437 2153 604 2188 tamquam
615 2146 860 2187 scandalosum,
886 2148 927 2183 de
937 2149 1120 2192 Eutychia-

237 2193 347 2229 nifino
372 2194 549 2237 suspectum
573 2218 585 2235 ‚
621 2195 813 2241 piarumque
838 2198 965 2233 aurium
992 2199 1119 2233 offenfi-

238 2253 318 2277 vum
328 2266 339 2283 ,
362 2243 481 2279 auferri
494 2245 669 2280 voluerunt
678 2272 689 2288 ,
713 2249 749 2282 ἀ
759 2245 924 2291 hymnum
936 2260 1004 2283 non
1018 2251 1054 2283 in
1070 2250 1118 2283 so-

237 2292 309 2328 lum
333 2292 499 2328 Christum
511 2296 698 2332 Dominum
708 2297 803 2342 dirigi
817 2321 829 2338 ,
855 2298 909 2332 sed
934 2300 969 2333 in
981 2310 1116 2334 omnem

237 2344 469 2378 sacrosanctam
481 2344 702 2381 Trinitatem.

287 2391 380 2427 Idem
400 2394 485 2429 circa
504 2395 619 2431 eadem
633 2405 780 2442 tempora
803 2397 846 2434 ab
860 2409 975 2434 eorum
997 2396 1115 2435 Archi·

499 2786 1174 2874 CJxN()N

1192 555 1242 589 Es
1268 553 1365 588 PRO
1390 551 1530 587 NOBIS
1551 575 1562 591 ,
1597 561 1736 594 quomam
1762 553 1849 587 nulla
1873 556 2072 588 orientalium

1185 613 1298 647 praeter
1309 603 1434 646 vestram
1446 627 1458 643 ,
1477 601 1596 647 sednec
1623 602 1719 642 nostra
1742 607 1878 638 Romana
1898 604 1991 639 babet
2010 609 2067 638 Ec-

1172 654 1272 697 'clefia
1298 678 1308 695 ,
1335 665 1389 687 vos
1415 660 1508 686 tonus
1531 650 1671 695 scandali
1695 652 1861 692 occafionem
1887 679 1897 695 ,
1920 663 2071 698 pravique

1177 674 1353 737 ¹intellee‘lus
1356 701 1551 748 suspicionem
1565 706 1697 734 vitantes
1708 726 1719 742 ,
1740 700 1942 744 superaddere
1968 708 2005 739 de
2018 718 2074 740 cae·

1191 763 1251 788 tero
1277 758 1443 786 omittatis.
1480 753 1513 784 si
1537 756 1617 785 enim
1642 763 1703 784 vas
1726 752 1874 785 eleffloms
1898 754 2071 795 beatiffimus

1192 805 1305 837 Paulus
1317 804 1355 836 de
1360 801 1513 845 sumendis
1523 800 1596 835 cib1's
1610 800 1773 842 melnzsfiba·
1794 803 1846 846 effe
1868 806 1924 835 non
1946 807 2076 839 mandu-

1189 864 1256 886 care
1280 863 1374 895 neque
1397 851 1515 891 bibere,
1540 862 1630 893 quam
1653 859 1687 884 ut
1702 850 1810 893 frater
1828 850 2074 896 scandalizetur,

1189 903 1326 946 afferuit,
1350 901 1526 944 confiderare
1547 900 1660 935 debens
1673 926 1683 942 ,
1708 913 1801 944 quam
1818 914 1918 947 grave
1944 905 1977 938 (5
1993 909 2075 947 peri-

1190 950 1374 996 culosicmffi,
1399 952 1449 985 ubi
1460 950 1575 995 sanio'ri
1587 951 1734 990 intellec‘lu
1756 958 1854 987 vitari
1872 952 1985 995 potest,
2003 953 2095 998 fra-⁴

1189 1002 1287 1037 tribus
1298 1004 1335 1037 de
1344 1001 1407 1044 fide
1411 1000 1587 1046 scandalum
1593 1013 1755 1044 generare.
1783 1003 1837 1037 Ex
1860 1014 1927 1048 quo
1950 1004 2075 1048 liquet,

1190 1051 1280 1096 quod
1303 1063 1421 1087 omnes
1447 1053 1638 1087 Graecorum
1667 1052 1836 1093 Ecclefiae,
1861 1065 1932 1096 quae
1953 1078 1965 1095 ‚
1991 1062 2028 1088 ut
2053 1054 2074 1087 a

1190 1104 1308 1138 sancto
1334 1103 1500 1137 Efreemio
1524 1102 1710 1137 audivimus
1736 1127 1748 1143 ‚
1783 1102 1946 1147 adjenum
1972 1114 2074 1147 pravo

1191 1153 1281 1187 sensu
1295 1152 1557 1188 additamentum
1574 1154 1660 1188 resto
1672 1153 1842 1188 intellectu
1862 1153 2050 1188 retinebant
2061 1176 2075 1195 ‚

1190 1203 1333 1246 praesenti
1345 1203 1478 1238 Canoni
1490 1203 1750 1249 obtemperantes
1762 1204 1868 1248 ipsum
1879 1203 2052 1247 abjecerint
2062 1226 2074 1243 ,

1189 1254 1413 1298 coeperintque
1424 1252 1590 1297 hymnum
1601 1266 1642 1288 ex
1657 1254 1813 1298 originali
1831 1255 1925 1289 sensu
1948 1255 1984 1289 in
2002 1265 2075 1288 om-

1190 1314 1266 1338 nem
1278 1305 1509 1339 sacrosanstam
1522 1304 1730 1339 Trinitatem
1741 1304 1888 1339 derivare
1899 1331 1907 1340 .
1935 1304 1983 1338 At
1995 1302 2074 1338 vero

1190 1352 1340 1387 Armenii
1351 1365 1520 1398 nunquam
1537 1353 1602 1389 huc
1620 1363 1798 1398 potuerunt
1810 1354 1932 1388 inficeti
1945 1379 1952 1386 .
1981 1353 2075 1388 Nam

1189 1402 1312 1437 dudum
1324 1404 1394 1444 post
1406 1405 1559 1446 Gregorii
1573 1404 1702 1447 septimi
1720 1412 1866 1447 tempora
1892 1403 2075 1448 Gregorius

1189 1450 1474 1493 Sisenfisipsorum
1495 1451 1703 1493 patriarcha,
1727 1453 1927 1496 Haytonem
1946 1465 1988 1486 ex
2010 1450 2078 1486 Re·

1188 1510 1229 1542 ge
1248 1500 1477 1535 sanstiffimum
1502 1500 1704 1536 monachum
1738 1502 1779 1537 ad
1802 1502 1962 1538 unionem
1996 1513 2075 1537 cum

1189 1550 1518 1585 universalirEcclefia
1530 1552 1714 1586 faciendam
1737 1552 1872 1587 tandem
1892 1552 2075 1597 aliquando

1190 1598 1368 1634 cohortans
1388 1625 1400 1641 ,
1426 1601 1539 1634 suadet
1553 1602 1679 1635 sacrum
1704 1600 1898 1646 Trifagium
1927 1613 1982 1636 aut
2008 1603 2074 1637 fine

1190 1650 1368 1693 appendice
1383 1649 1593 1694 dirigendum
1620 1652 1656 1685 in
1682 1651 1913 1686 sacrosanetaem
1925 1652 2076 1686 Trinita-

1189 1709 1256 1733 tem
1267 1724 1277 1740 ‚
1302 1709 1358 1734 aut
1368 1711 1444 1734 curn
1456 1701 1510 1735 illa
1522 1701 1556 1734 in
1571 1699 1734 1736 Christum
1750 1702 2074 1749 Dominumpsecun-

1188 1749 1267 1783 dum
1281 1748 1523 1784 humanitatem
1533 1760 1701 1795 acceptum
1714 1777 1721 1783 .
1751 1751 1853 1786 Unio
1876 1752 1917 1786 ad
1930 1753 2074 1786 Domini

1188 1811 1312 1833 annum
1325 1800 1534 1834 millesimum
1546 1802 1807 1835 trecentefimum
1818 1803 1991 1846 septimum
2004 1813 2074 1837 tan-

1186 1847 1260 1883 dem
1273 1851 1354 1883 fasta
1364 1850 1409 1884 est
1422 1861 1477 1892 per
1494 1851 1668 1894 Synodum
1679 1852 1835 1886 Siseusem
1849 1877 1859 1893 ,
1887 1863 1985 1896 atque
2015 1852 2074 1888 sta-

1186 1909 1295 1933 tutum
1315 1925 1325 1940 ‚
1351 1910 1387 1933 ut
1412 1899 1604 1945 Trisagium
1626 1927 1635 1941 ‚
1662 1900 1891 1938 SANCTUS
1917 1903 2071 1945 DEUS,

1184 1949 1473 1984 SANCTUS
1499 1951 1671 1986 FORTIS
1694 1977 1705 1993 ,
1744 1951 1976 1988 SANCTUS
2004 1954 2072 1988 ET

1183 1999 1496 2034 IMMORTALIS
1520 2025 1530 2039 ,
1556 2006 1603 2034 cui
1624 2003 1765 2034 additum
1793 2002 1846 2036 hoc
1870 2005 1926 2036 loco
1939 2004 2072 2046 fuerat,

1183 2049 1276 2095 QUI
1300 2048 1601 2084 CRUCIFIXUS
1639 2051 1691 2085 ES
1729 2051 1827 2088 PRO
1866 2052 1948 2088 ΝΟ
1961 2053 2071 2095 BIS,

1182 2098 1424 2134 MISERERE
1451 2100 1633 2135 NOSTRI
1655 2126 1666 2141 ,
1693 2102 1839 2136 dtreaeum
1865 2109 1898 2136 in
1912 2104 2011 2146 fillum
2030 2104 2072 2146 fic

1183 2151 1318 2191 deinceps
1344 2157 1514 2183 cantaretur
1538 2163 1545 2183 :
1583 2148 1647 2184 SA
1661 2150 1697 2184 N
1709 2151 1787 2185 CT
1802 2152 1875 2187 US
1914 2153 2068 2194 DEUS,

1182 2199 1411 2233 SANCTUS
1438 2199 1610 2234 FORTIS
1634 2226 1645 2242 ,
1678 2200 1973 2238 SANCTUS
2000 2204 2069 2237 ET

1180 2249 1507 2290 IMMORTALIS‚
1518 2250 1699 2285 CHRIST
1699 2251 1728 2286 E
1744 2252 1837 2299 QUI
1865 2253 2069 2287 CRUCIFI·

1179 2299 1277 2334 XUS
1304 2299 1357 2332 Es
1382 2299 1479 2335 PRO
1507 2300 1647 2335 NOBIS
1675 2325 1688 2342 ‚
1713 2301 1956 2337 MISERERE
1983 2302 2069 2337 No·

1178 2348 1304 2384 STRI.
1329 2348 1418 2383 Istud
1443 2350 1550 2393 ipsum
1562 2349 1627 2385 fuit
1653 2351 1796 2395 primum
1807 2352 1896 2387 Petri
1913 2351 2066 2397 Cnaphei

1177 2398 1439 2434 additamentum
1449 2424 1458 2432 .

1287 2790 1796 2878 LXXXII.v

302 3009 353 3056 N
385 3009 603 3059 nonnullis
636 3012 948 3063 venerabilium
994 3016 1238 3077 Imaginum
1279 3015 1456 3082 pietatis
1489 3051 1504 3076 ,
1552 3019 1704 3076 Agnus
1737 3048 1751 3073 ‚
1796 3013 1876 3080 qui
1909 3011 2052 3078 digito

337 3076 600 3127 Praecursoris
644 3079 955 3132 demonstratur
988 3120 1001 3144 ‚
1048 3083 1294 3152 depingitur
1338 3119 1354 3145 ,
1403 3087 1482 3150 qui
1531 3082 1588 3131 ad
1634 3084 1782 3146 gratiae
1828 3082 2050 3146 figuram...

235 3145 468 3214 assumptus
502 3147 565 3196 est
597 3185 611 3210 ‚
658 3168 809 3202 verum
855 3153 980 3202 nobis
1015 3160 1191 3218 Agnum
1240 3172 1316 3222 per
1350 3154 1488 3216 legem
1523 3153 1741 3202 Christum
1777 3157 1923 3203 Deum
1971 3172 2049 3205 no-

232 3214 363 3266 strum
398 3217 720 3285 praemonstrans
756 3257 769 3269 .

815 3225 1035 3291 Antiquas
1083 3224 1189 3287 ergo
1221 3224 1377 3287 figuras
1423 3227 1467 3272 δε
1501 3223 1673 3275 umbras
1705 3261 1720 3285 ‚
1766 3238 1816 3273 ut
1850 3227 2049 3275 veritatis

220 3284 350 3349 ,figna
383 3291 426 3337 δε
460 3287 722 3338 ςὴαταᾶετεε
756 3292 952 3341 Eeclefiae
984 3293 1170 3344 traditos
1203 3330 1217 3355 ,
1251 3294 1558 3360 ampleetentes
1590 3331 1604 3355 ‚
1637 3295 1821 3357 gratiam
1854 3299 1900 3344 δε
1934 3298 2047 3345 veri-

232 3369 372 3405 tatem
407 3361 693 3425 praeponimus
718 3396 732 3421 ‚
765 3377 860 3410 eam
894 3376 944 3410 ut
977 3363 1084 3427 legis
1118 3365 1446 3431 implementum
1479 3362 1756 3433 suscipientes
1792 3386 1804 3415 ι

1841 3369 1905 3415 [It
1940 3362 2045 3425 ergo

232 3425 353 3491 quod
384 3427 618 3497 persenam
653 3429 715 3479 est
748 3431 819 3481 vel
853 3432 1047 3483 colosum
1080 3433 1411 3502 expressionibus
1444 3436 1640 3485 omnium
1674 3436 1814 3485 oculis
1848 3433 2044 3497 subjicia-

1914 3511 1969 3541 ωῐῗ
1980 3525 1993 3543 ²
