2340 3762
814 72 837 89 N

639 154 947 210 Scuorns,
983 169 1050 197 Er
1083 152 1685 201 Norrsrtttisrnan.
1915 175 2010 213 291.

256 235 306 287 id
339 234 400 285 est
423 271 436 297 ,
472 236 618 304 palliis
654 237 1006 286 circumamidoes
1037 273 1051 296 ,
1104 250 1149 283 et
1184 251 1360 284 omnem
1397 233 1527 281 aliam
1563 234 1862 287 Pontificalem
1899 239 2079 289 indutos

255 305 409 355 stolam
433 344 445 367 ‚
482 310 560 374 qui
595 308 728 358 etiam
764 301 988 375 propfium
1023 307 1320 360 Patriarcharn
1355 301 1644 353 adscribentes
1681 322 1781 357 eum
1820 343 1833 367 ,
1881 310 1960 377 qui
1995 311 2080 359 ind

256 375 643 427 adinventionibus
687 377 816 426 risum
851 377 1129 425 moventibus
1166 377 1368 425 Praelatus
1418 390 1463 423 et
1501 377 1706 442 Princeps
1742 392 1835 426 erat
1871 398 1885 435 3
1932 395 1979 427 et
2010 381 2080 428 ina

257 444 477 499 sultabant
524 462 568 496 et
604 447 846 504 illudebant
881 446 1123 515 quibusque
1159 446 1323 498 divinis
1366 483 1379 506 ‚
1428 444 1564 494 modo
1599 444 1780 513 quidem
1815 448 2043 499 elefflones
2067 485 2081 507 ‚

257 521 560 585 promotiones
587 553 601 578 ,
636 535 682 568 et
717 517 1063 570 consecrationes
1086 555 1100 579 ,
1151 516 1284 567 modo
1320 532 1467 566 autem
1503 514 1630 568 acute
1666 517 1904 572 calumnias
1946 554 1960 579 ‚
2006 517 2084 567 da·-

257 591 502 637 mnationes
522 597 552 648 ”,
613 605 659 638 et
694 588 981 658 depositiones
1029 586 1341 657 Episcoporum
1374 615 1397 647 ,ι
1436 583 1562 653 quasi
1591 585 1648 634 ab
1683 588 1872 637 invicem
1927 603 1974 637 et
2009 607 2084 656 per

258 660 450 710 invicem.
499 657 796 715 miserabiliter
850 674 896 715 et
945 658 1291 728 praevaricatorie
1339 673 1516 721 agentes
1563 671 1609 710 et
1645 658 1863 723 patientes
1898 695 1912 709 ,
1963 660 2086 708 Talis

256 743 402 778 autem
438 733 551 780 aritio
597 749 677 779 nec
724 728 840 797 apud
875 746 1025 793 gentes
1075 727 1100 777 a
1136 727 1288 777 saeeulo
1324 745 1534 794 umquam
1583 726 1734 776 audita
1778 727 1840 776 est
1876 763 1890 788 ‚
1937 727 2000 778 ita
2037 747 2086 779 ut

255 803 424 867 pejores
471 816 517 850 et
554 800 881 855 miserabiliores
928 798 1172 848 infidelibus
1208 798 1456 852 nationibus
1490 796 1693 851 exhibeat
1746 812 1792 848 et
1827 796 2087 849 demonstret

254 868 336 920 hos
360 904 374 927 ,
410 886 522 933 quos
557 888 673 918 nunc
711 869 958 919 manifestos
994 866 1213 919 effecimus
1237 904 1250 927 ,
1287 885 1376 935 qua
1411 867 1467 916 de
1502 886 1548 920 re
1582 867 1725 917 sancta
1760 883 1806 918 et
1837 868 2087 922 universalis

252 935 454 1003 Synodus
489 936 689 988 definivit
725 954 771 988 et
806 939 1100 1006 promulgavit
1136 977 1151 1001 ,
1196 938 1296 987 illos
1332 937 1511 1004 quidem
1554 940 1732 988 malitiae
1766 942 1906 989 nixus
1945 942 2090 988 omni-

251 1004 314 1056 no
357 1020 406 1054 ut
448 1004 643 1058 scelestos
685 1007 964 1072 abominari,
1013 1010 1232 1062 neminem
1269 1023 1418 1062 autem
1455 1007 1650 1060 fidelium
1691 1047 1704 1069 ,
1752 1012 1831 1076 qui
1873 1010 2087 1077 Christiaf

253 1091 312 1123 na
343 1075 568 1127 censentur
616 1080 911 1146 appellatione
947 1117 961 1139 ,
1015 1078 1222 1148 deinceps
1275 1081 1425 1127 conari
1466 1079 1555 1127 tale
1605 1079 1717 1145 quid
1776 1079 1967 1128 faciendi
2017 1080 2089 1129 vel

253 1143 517 1196 admittendi
557 1186 570 1209 ‚
617 1165 693 1198 aut
731 1149 901 1199 silentio
940 1148 1116 1213 tegendi
1156 1165 1425 1218 quemquam
1475 1165 1624 1202 eorum
1660 1185 1674 1210 ‚
1722 1151 1802 1215 qui
1844 1148 2089 1216 hujusmodi

252 1231 488 1283 operantur
522 1220 797 1286 impietatem
823 1257 836 1269 .
874 1222 916 1269 Si
954 1220 1058 1270 vero
1098 1221 1315 1290 quispiam
1355 1224 1599 1287 Imperator
1635 1255 1649 1281 ,
1700 1219 1772 1268 vel
1811 1222 2048 1270 Potentum
2073 1256 2087 1280 ,

251 1300 330 1334 aut
369 1293 628 1352 Magnatum
670 1292 816 1340 taliter
843 1289 1022 1343 illudere
1048 1294 1230 1342 Divinis
1263 1327 1276 1351 ‚
1313 1307 1360 1340 et
1400 1291 1534 1339 talem
1572 1307 1624 1339 ae
1669 1304 1840 1339 tantam
1882 1291 2090 1357 injuriam

252 1356 390 1424 impie
430 1361 478 1410 in
516 1362 733 1410 Divinum
779 1359 1073 1410 Sacerdotium
1119 1362 1260 1413 facere
1297 1362 1368 1413 vel
1406 1359 1640 1412 admittere
1684 1361 1922 1413 tentaverit
1944 1396 1959 1421 ‚
1998 1361 2089 1427 pri-'

251 1425 330 1474 mo
365 1427 545 1494 quidem
581 1446 784 1492 arguatur
822 1429 848 1476 a
888 1432 1139 1477 Patriarcha
1176 1434 1294 1478 illius
1334 1434 1542 1496 temporis
1597 1464 1612 1489 ‚
1660 1433 1705 1477 δε
1745 1428 1972 1495 Episcopis
2011 1431 2092 1494 qui

249 1511 353 1556 cum
386 1496 481 1564 ipso
516 1496 676 1547 fuerint
716 1535 730 1559 ‚
768 1502 811 1547 δε
847 1496 1090 1560 segregetur
1126 1536 1139 1560 ‚
1186 1504 1229 1548 δε
1264 1498 1468 1561 indignus
1506 1499 1688 1550 Divinis
1725 1497 1942 1565 mysteriis
1977 1496 2090 1563 judi*

250 1580 375 1614 cetur
406 1587 420 1625 3
468 1566 627 1617 deinde
662 1569 770 1618 vero
806 1570 996 1635 accipiat
1031 1568 1243 1635 quosdam
1279 1570 1390 1618 alios
1427 1570 1474 1616 in
1509 1567 1662 1616 duram
1696 1567 2092 1619 observationem-t

251 1635 422 1683 labores
457 1640 500 1684 δε
535 1655 685 1703 poenas
722 1675 734 1697 ‚
817 1655 879 1685 uae
914 1636 1011 1686 visae
1048 1638 1208 1687 fuerint
1248 1658 1260 1686 x
1312 1642 1371 1686 Et
1408 1637 1486 1685 nisi
1521 1639 1720 1686 celeriter
1753 1635 1797 1685 se
1831 1640 2046 1704 poeniteat
2075 1672 2090 1698 ,

250 1706 386 1753 etiam
422 1705 653 1756 anathema
688 1707 739 1756 fit
774 1725 799 1757 a
865 1706 1006 1758 saneta
1039 1712 1082 1757 &
1118 1707 1347 1764 universali
1383 1706 1562 1774 Synodo
1587 1744 1601 1769 ‚
1639 1723 1867 1773 tamquam
1898 1711 1977 1773 qui
2010 1708 2092 1755 fin-

252 1791 361 1823 cerae
395 1779 455 1821 <9⁴
487 1779 775 1827 immaculatae
809 1778 910 1826 fidei
947 1778 1198 1844 mysterium
1233 1777 1583 1826 dehonestaverit
1623 1812 1636 1823 .
1689 1778 1732 1824 Si
1779 1776 1886 1825 vero
1935 1776 2090 1844 praesu,

250 1845 471 1894 mentibus
505 1845 760 1913 quibusdam
796 1846 1042 1914 hujusmodi
1078 1847 1197 1896 nefas
1232 1848 1402 1914 operari
1438 1881 1451 1905 ,
1487 1845 1741 1899 Patriarcha
1777 1846 2088 1897 Constantino-

249 1915 473 1981 politanus
508 1922 567 1962 <9¹
603 1915 855 1979 suffraganei
890 1923 980 1983 ejus
1017 1915 1223 1984 Episcopi
1262 1954 1275 1977 ,
1322 1915 1446 1983 quod
1482 1915 1642 1966 fadum
1680 1916 1810 1965 fuerit
1856 1954 1870 1978 ‚
1918 1936 2084 1982 cogno-

249 1982 415 2034 scentes
440 2022 453 2045 ,
489 1987 756 2049 neglexerint
792 1987 991 2037 debitum
1027 1985 1230 2036 adversus
1265 2003 1339 2035 eos
1373 1982 1597 2035 ostendere
1633 1987 1778 2035 zelum
1803 2022 1817 2046 ‚
1862 1986 2087 2055 deponan-

250 2068 323 2103 tur
343 2090 357 2113 ,
404 2059 464 2101 Φ
495 2054 525 2113 <a
560 2059 739 2123 proprio
774 2056 1015 2109 sacerdotio
1050 2074 1100 2106 ac
1138 2058 1301 2106 honore
1338 2057 1559 2124 pellantur
1598 2075 1610 2104 ε
1663 2058 1753 2126 Qi
1789 2073 1935 2107 autem
1972 2077 2082 2125 quo„

250 2136 343 2190 quo
378 2124 512 2174 modo
549 2124 791 2190 hujusmodi
827 2127 1176 2177 ministraverunt
1199 2165 1213 2189 ,
1263 2127 1335 2177 v-el
1370 2125 1651 2176 ministraturi
1688 2126 1788 2175 sunt
1825 2129 2082 2196 impiissimae

249 2195 412 2243 actioni
433 2232 447 2256 ,
481 2199 540 2242 &
575 2195 754 2249 minime
791 2195 966 2246 confeffi
1000 2201 1247 2265 acceperint
1282 2199 1547 2247 conveniens
1581 2199 1833 2265 epitimium
1862 2236 1875 2259 ,
1927 2198 2081 2264 definif

249 2281 345 2312 mus
380 2282 456 2332 per
493 2268 727 2315 triennium
762 2264 1043 2333 sequestratos
1079 2266 1160 2317 effe
1185 2305 1198 2329 ,
1234 2285 1350 2317 anno
1383 2267 1563 2335 quidem
1613 2285 1702 2317 uno.
1749 2284 1872 2318 extra
1927 2268 2080 2319 Eccless

214 2375 226 2385 fs
248 2333 354 2385 fiam
389 2336 544 2387 flentes
568 2372 584 2397 ,
636 2338 724 2388 alio
758 2337 862 2387 vero
898 2354 1015 2391 anno
1050 2340 1163 2387 intra
1197 2338 1433 2388 Ecclefiam
1469 2338 1575 2387 stare
1615 2336 1747 2404 usque
1783 2337 1839 2386 ad
1875 2339 2080 2388 catechuss

247 2406 397 2453 inenos
420 2440 434 2465 ‚
469 2406 602 2474 porro
638 2409 770 2455 tertio
804 2407 1027 2464 consistere
1063 2406 1161 2459 cum
1196 2408 1396 2463 fidelibus
1418 2444 1433 2471 ,
1467 2413 1526 2455 (φ
1561 2406 1624 2466 ita,
1661 2407 1817 2473 dignos
1853 2407 1944 2461 fieri
1981 2428 2081 2478 my-

248 2472 472 2526 steriorum
520 2475 925 2529 sanetificationibus
949 2516 962 2529 .

438 2678 466 2722 S
500 2692 528 2721 C
564 2693 595 2723 H
631 2694 663 2723 0
698 2694 720 2722 L
757 2693 773 2723 1
806 2694 837 2725 Ο
871 2695 901 2725 N
922 2713 935 2725 .
1192 2679 1379 2711 sacerdotum
1404 2677 1520 2712 honoris
1543 2702 1555 2719 ,
1583 2681 1617 2715 &
1638 2680 1848 2715 deerafflonem
1873 2680 2074 2714 immaculata

1193 2727 1423 2768 Christianorum
1443 2728 1513 2770 fidei
1535 2754 1543 2760 .
1568 2729 1730 2764 Lucidius
1757 2732 1789 2764 in
1813 2730 1921 2763 Sansti
1950 2730 2072 2774 Ignatii

1194 2778 1259 2812 vita
1272 2780 1408 2822 exponit
1419 2779 1552 2814 Nicotas
1574 2778 1745 2825 Paphlago
1759 2806 1766 2812 .
1792 2779 1922 2816 michael
1946 2784 2075 2821 Impera-

253 2818 469 2903 CAnonis
487 2823 615 2858 causam
635 2823 677 2860 nd
688 2836 811 2860 nonam
833 2828 991 2870 praesentis
1002 2828 1127 2871 Synodi
1192 2837 1238 2861 tor
1262 2834 1362 2861 animo
1365 2829 1555 2870 juvenilibus
1581 2829 1730 2871 defideriis
1753 2837 1888 2870 corrupto
1908 2841 1971 2864 rem
1984 2833 2075 2864 Divi-

363 2869 537 2907 Actionem
550 2874 724 2909 edixerunt
736 2887 791 2919 per
807 2877 978 2913 Thomam
996 2878 1128 2913 Subdia-
1191 2888 1262 2910 nam
1269 2887 1324 2920 pro
1326 2878 1439 2920 fabula
1458 2877 1510 2922 scu
1520 2879 1646 2912 ludtbrto
1657 2878 1781 2912 ducebat
1795 2904 1805 2919 ,
1834 2880 1999 2914 ludibrium
2011 2878 2071 2924 ipse

250 2929 375 2953 conum
399 2932 437 2955 ac
450 2921 629 2959 Notarium
642 2926 760 2970 Legati
775 2926 940 2962 Romani.
966 2933 1004 2961 In
1033 2927 1126 2972 novis-
1185 2926 1288 2968 fac‘lus
1298 2929 1551 2971 omntsfoedttatts
1577 2930 1611 2962 ζ’]
1630 2936 1768 2970 peccati,
1793 2928 1935 2972 ipfiusque
1953 2935 2069 2972 peccati

245 2968 327 3010 fimts
339 2971 514 3012 temporibus
528 2986 608 3010 nova
624 2982 771 3018 pravitas
801 2979 835 3010 (τ’
854 2979 944 3012 valde*
954 2978 1127 3021 reprehensi·
1184 2985 1287 3019 patris
1300 3004 1307 3011 .
1335 2983 1460 3013 Etenim
1471 2984 1680 3013 Homuncionos
1706 2978 1848 3022 quosdam
1871 2981 2070 3022 impurissime}-

249 3018 320 3051 bilts·
337 3026 480 3061 apparuit
497 3046 503 3054 .
529 3026 667 3058 HomInes
693 3033 771 3060 enim
792 3028 859 3059 laici
880 3029 925 3060 ad
944 3029 1069 3062 dedecus
1093 3030 1127 3062 Θ
1188 3028 1459 3070 acprofaniffimos‚
1484 3026 1643 3071 &scurras
1657 3031 1766 3063 Dlvtni
1788 3032 1920 3072 Spiritus
1940 3027 2066 3073 coelestfiff-

249 3066 438 3109 confusionem
447 3071 556 3112 christi
567 3076 720 3116 Delnostrt
732 3102 742 3117 ,
769 3078 803 3110 (9⁸
815 3077 946 3119 Ecclcfiae
959 3078 1046 3119 ipfius
1060 3104 1070 3118 ,
1094 3079 1127 3113 (9³
1189 3089 1244 3119 que
1260 3085 1373 3121 gratiae
1392 3081 1509 3112 omnin&
1528 3086 1664 3120 expertes
1684 3104 1695 3119 ,
1718 3079 1891 3123 peffimisque
1927 3082 2068 3117 doemonis

249 3120 447 3163 sacerdotalis
467 3121 641 3164 dignitatis,
670 3127 773 3159 ammi
794 3129 1025 3162 sacerdotalibus
1043 3128 1125 3169 stolis
1188 3129 1305 3160 artibus
1324 3128 1565 3169 tnstrucffiffimos,
1585 3126 1728 3174 sacrilege³
1751 3132 1991 3173 impudenterque
2014 3134 2068 3164 sa-

250 3169 284 3201 &
301 3168 525 3212 Episcopalibus
540 3170 829 3213 superhumeralibus
856 3202 867 3217 ‚
895 3180 929 3211 (5
949 3184 1132 3224 accipientes·
1187 3179 1314 3211 cerdotes
1340 3179 1374 3210 (τ
1397 3178 1547 3218 Antssites
1571 3179 1615 3211 ad
1634 3180 1767 3222 Ecclefiae
1783 3180 1947 3224 profanam
1968 3186 2066 3213 imita*-

248 3224 408 3252 mationem
419 3221 633 3255 sacerdotalem
645 3226 683 3258 ab
693 3228 791 3268 aliquo
801 3228 873 3259 laico
894 3228 1122 3269 quafiPatriar·
1189 3234 1295 3261 tionem
1315 3228 1535 3268 dementiffimus
1557 3227 1759 3272 consecravit,
1785 3230 1898 3275 tlltsque
1921 3230 2066 3272 Theophi-

230 3267 364 3314 vrchalem
366 3268 499 3311 formam
508 3270 637 3305 habente
649 3298 660 3314 ‚
682 3274 935 3318 praesumpserunt
958 3279 1125 3314 Saserdotio
1188 3279 1248 3311 lum
1270 3279 1426 3320 quemdam
1445 3279 1738 3320 Proto-spatharium
1758 3306 1769 3322 ,
1790 3281 1927 3323 scurram
1943 3283 1987 3324 β’
2007 3285 2065 3311 ml·

245 3317 360 3365 fungl,
387 3321 421 3354 (θ’
442 3328 704 3364 agereputativa,
730 3326 822 3358 velun·
846 3327 931 3369 digni
945 3325 1053 3368 summi
1072 3330 1123 3360 sa·
1189 3338 1267 3359 mum
1285 3353 1295 3366 ,
1322 3332 1457 3371 interque
1472 3327 1617 3370 profanos
1640 3330 1871 3373 profaniffimum
1886 3356 1897 3372 ,
1924 3332 2063 3362 Patriar-

243 3370 399 3409 ἀγάπη,
424 3373 552 3405 Divinae
562 3373 826 3415 administrationis
847 3374 995 3417 mysteria,
1022 3382 1055 3410 in
1075 3380 1122 3411 de·
1187 3376 1271 3409 cham
1286 3376 1444 3419 praefi’cit,
1470 3377 1619 3422 rifitmfibi
1644 3381 1679 3413 Cb·
1699 3381 1874 3415 cachinnum
1895 3377 2058 3419 impwbmn

250 3413 383 3459 'fimum
409 3425 701 3463 ‹tc-vituperationem
723 3426 791 3457 dati
818 3427 837 3460 ᾶ
851 3429 910 3459 Deo
930 3428 1119 3470 Principibus
1186 3428 1367 3461 deridendus
1403 3438 1439 3463 ac
1463 3428 1648 3467 detestandus
1673 3439 1840 3473 quaeritans
1863 3443 1870 3462 :
1907 3431 1966 3461 Per
1992 3439 2059 3469 qua¹

351 3467 456 3512 cbrtff.
469 3473 548 3515 Lupt
557 3476 641 3517 oper.
654 3476 732 3509 Tom.
744 3479 798 3510 ΠΙ.
1582 3479 1616 3512 0
1643 3491 1664 3514 o
1715 3490 1738 3522 2
1935 3476 2011 3511 obla.
2040 3476 2046 3482 ”
