2340 3762
47 844 137 887 ‘cxp-
152 856 202 888 39-

51 2858 163 2893 Goilat.
178 2861 206 2888 6.

53 3047 164 3080 collat.
179 3053 207 3080 6.

55 3163 165 3197 Collat.
182 3168 209 3198 8.

655 157 724 189 ne
760 153 1010 190 sentina
1045 138 1287 186 synono
1321 139 1661 192 Genauam.

1895 161 1989 209 255

242 206 315 268 ison
326 229 538 270 adorantibus
547 230 671 267 dietum
692 229 898 267 anathemaa
911 227 1054 273 praesenti
1065 227 1123 272 Sy·
1183 225 1313 265 alterius
1322 226 1476 272 Episcopi
1496 227 1731 270 interlocutio,
1757 231 1861 268 fuerat
1880 234 1900 269 a
1924 236 2066 272 Franco·

243 281 336 319 nodo
348 292 356 314 :
384 280 457 317 Sese
466 292 540 317 cum
551 291 623 318 tota
637 283 779 317 Ecclesia
791 281 894 326 questi
907 281 982 315 sunt
993 276 1125 314 anathe-

243 332 416 367 matizatos
434 357 442 366 .
471 333 562 368 Prius
573 358 583 373 ‚
600 326 767 376 'inquiunt
777 357 789 373 ,
813 331 977 367 debuerant
996 330 1124 374 scrutari

242 379 350 417 Groeci
363 405 375 422 ,
400 384 475 426 quid
483 381 708 427 uniufiujusque
715 388 819 425 partis
838 383 891 416 seu
901 381 1047 427 regionis
1063 382 1124 414 Ec-

241 429 323 473 clesia
335 433 373 466 de
384 432 441 467 bac
449 432 538 477 causa
543 432 659 476 ftniire
671 435 762 468 vellet
773 458 781 465 .
808 432 942 481 Quibus
962 440 1006 467 ex
1014 430 1124 466 verbis

241 492 314 517 uon
326 482 410 518 vane
418 483 555 528 colliges
565 483 607 518 ab
616 494 729 519 eorum
740 484 878 528 synodo
889 481 1121 520 Gentiliacensi

238 531 403 570 sacrarum
418 533 602 578 imaginum
622 533 848 571 adorationem
872 534 968 571 fuiffe
990 531 1125 578 proscri-

239 592 333 626 ptam
345 607 355 617 .
380 581 497 627 AEque
505 583 672 629 indignati
684 584 806 622 suntin
826 582 892 620 hoc
903 582 1031 628 Synodi
1042 582 1124 628 dog·

191 674 199 685 ι
238 642 297 667 ma
319 645 330 666 ε
354 634 450 677 ‚Quod
462 632 502 675 fir
522 645 624 670 contra
649 636 815 681 religionem
835 633 1040 677 christianam
1064 643 1122 667 non

234 683 330 719 colere
349 685 386 720 6·
397 694 456 718 non
465 685 590 719 adorare
609 690 770 731 imagines..

287 732 385 768 Hinc
395 734 551 772 Sannum
561 734 758 772 Tharasium
778 734 874 774 sactis
884 735 964 772 vasis
975 760 987 777 ,
1006 735 1124 772 saluta-

235 782 323 818 toria
345 783 541 820 adoratione
569 786 682 831 dignis
701 809 713 827 ,
739 787 934 823 Sanstorum
960 786 1122 831 imagines

236 843 503 877 comparantem,
529 835 711 881 suggillant
731 836 899 880 imperitia
912 847 952 872 ac
971 837 1120 879 praesum·

235 883 363 927 ptionis
373 905 382 916 .
408 883 522 918 Etiam
531 894 613 918 arcae
622 884 802 923 testamenti
811 909 825 927 ,
851 887 1047 921 Sanaorum
1056 882 1121 917 Re-

232 931 373 973 liquiis,
397 932 515 967 Crucis
530 933 626 979 signo
641 957 654 974 ,
677 944 736 970 aut
754 934 886 970 Divinae
905 935 1073 979 Scripturae
1087 933 1122 970 li-

229 977 303 1017 'bris
325 980 503 1021 noluerunt
523 983 684 1028 adaequari
705 984 890 1030 imagines,
916 996 997 1030 quas
1015 994 1121 1030 neque

232 1038 363 1069 novum
382 1042 439 1070 aut
457 1042 551 1068 vetus
563 1034 630 1069 Dei
640 1034 897 1071 Testamentum
909 1060 921 1077 ,
946 1047 1054 1081 neque
1065 1036 1121 1070 sex

232 1082 403 1127 generales
412 1083 622 1126 Synodifieri
641 1084 775 1128 jubeant
787 1109 799 1125 ‚
822 1096 881 1124 aut
891 1087 989 1124 factas
1009 1085 1122 1122 adora·

232 1133 262 1170 ri
288 1156 296 1166 .
334 1133 494 1176 Ioannem
522 1134 604 1170 item
626 1134 831 1173 monachum
853 1161 865 1178 ‚
891 1137 1119 1176 Orientalium

231 1180 494 1222 Patriarcharum
505 1185 693 1230 Legatum,
718 1187 852 1222 Sanaos
873 1185 1120 1233 inimaginibus

231 1231 277 1270 ad
297 1233 397 1268 instar
416 1233 656 1280 Imperatorum
678 1237 714 1271 in
735 1237 800 1275 suis
814 1238 965 1274 laureatis
990 1237 1119 1273 adorari

231 1280 410 1319 docentem
431 1308 445 1326 ,
470 1294 510 1320 ut
530 1285 770 1321 dementiffima
790 1287 943 1323 locutum
967 1313 979 1330 ,
1003 1288 1120 1324 derise-

230 1340 312 1368 runt
329 1357 338 1366 .
366 1333 516 1370 insanire
543 1335 671 1371 addunt
690 1335 757 1374 hoc
776 1336 845 1383 ejus
869 1337 995 1374 dieium
1019 1352 1028 1372 :
1053 1340 1122 1383 ,gai

230 1384 342 1420 adoras
363 1389 545 1428 imaginem,
569 1388 606 1425 (Y
627 1388 703 1423 dicit
723 1410 736 1427 ,
763 1386 1011 1434 QUONIAM
1031 1388 1119 1424 ch

229 1431 325 1467 EST
348 1432 597 1469 CHRISTUS
617 1434 773 1474 Fiuus
782 1435 890 1476 DEI,
917 1446 977 1470 non
991 1442 1117 1477 peccat.

229 1480 286 1519 Ex
306 1479 359 1519 his
381 1482 416 1516 δε
435 1482 509 1521 aliis
528 1483 693 1521 similibus
713 1483 924 1520 concludunt
942 1482 1118 1529 synodum

228 1531 376 1567 nonnam
387 1532 451 1567 effe
460 1533 590 1576 Synodi
600 1535 739 1571 nominc
756 1533 888 1579 penitus
899 1533 1073 1580 indignam
1083 1561 1092 1569 .

280 1582 410 1616 Harum
422 1582 682 1619 contentionum
703 1584 848 1620 radicem
871 1584 974 1628 aperit
996 1586 1031 1619 in
1045 1596 1117 1628 prz-

229 1629 356 1665 fatione
366 1631 496 1674 Synodi
520 1633 681 1675 praesentis
691 1632 882 1668 Anastasius
895 1633 1119 1669 Bibliotheca-

224 1680 298 1714 sius
309 1705 320 1720 ,
344 1690 445 1726 agens
456 1680 499 1715 de
510 1682 645 1726 antiqua
664 1679 762 1725 huju-s
772 1683 790 1717 ὲ
801 1684 919 1718 Graeco
942 1684 980 1717 in
993 1682 1118 1719 idioma

227 1728 390 1769 Latinum
399 1730 616 1767 translatione
625 1757 634 1766 .
659 1737 811 1775 Interpres
817 1735 898 1775 pene
916 1741 973 1775 per
976 1732 1097 1778 fingula
1107 1759 1118 1775 ,

227 1777 330 1814 remo
340 1779 493 1824 utriusque
502 1782 616 1826 linguae
641 1783 801 1824 idiomate,
825 1783 900 1817 adeo
913 1782 982 1825 fuit
992 1784 1119 1817 verbum

227 1830 247 1863 e*
256 1829 347 1864 verbo
355 1829 477 1873 securus
494 1854 506 1871 ‚
529 1832 649 1876 utquid
654 1837 687 1866 in
705 1833 810 1866 eadem
818 1833 949 1866 editione
971 1833 1119 1877 intelliga-

226 1885 300 1919 tur,
325 1887 380 1915 aut
390 1885 448 1915 vix
458 1888 515 1917 aut
533 1882 785 1925 numquampoffit
805 1882 930 1916 adverti
941 1905 953 1922 ,
976 1888 1010 1916 in
1028 1881 1117 1926 fasti-

227 1929 368 1973 diumque
399 1928 488 1974 versa
507 1931 667 1976 legentium
683 1932 765 1974 pene
785 1931 824 1965 ab
835 1930 967 1965 omnibus
982 1940 1041 1975 pro
1061 1931 1118 1966 hac

225 1978 316 2022 causa
335 1988 558 2018 contemnatur.
582 1980 723 2017 Peffime
747 1982 943 2017 translatum
952 1991 1021 2016 erat
1044 1994 1118 2027 prae-

225 2029 337 2064 sertim
357 2030 573 2065 Constantini
607 2031 809 2075 Cypriorum
829 2031 1054 2076 Metropolitas
1074 2033 1115 2068 ad

224 2077 435 2123 dogmaticas
444 2078 585 2117 Adriani
598 2079 778 2115 Pontificis
796 2081 919 2115 litteras
929 2081 1043 2116 datum
1055 2083 1116 2117 suf-

225 2128 369 2173 fragium
381 2153 394 2169 ,
419 2129 512 2172 quod
524 2128 675 2174 legitime
683 2129 818 2165 tandem
827 2129 993 2166 transtulit
1003 2131 1111 2167 lauda-

225 2187 281 2213 tus
298 2178 500 2216 Anastasius:
531 2185 570 2215 In
591 2181 670 2215 nullo
690 2179 781 2225 [insu
791 2188 986 2219 commutatas
996 2182 1116 2219 litteras

225 2234 383 2273 muniens
397 2254 408 2270 ,
435 2231 530 2275 &ego
551 2231 695 2275 indignus
716 2230 768 2264 bis
789 2228 932 2277 consentio
956 2230 1115 2276 &consus

224 2274 352 2318 efficior,
371 2278 534 2323 suscipiens
552 2282 590 2316 ὁ·
613 2281 795 2323 ανηρῐεᾶεηε
816 2280 1025 2316 honorabiliter
1040 2281 1115 2326 san·

223 2327 292 2362 Has
317 2329 353 2367 ,Θ
374 2330 557 2364 venerabiles
582 2336 751 2375 imagines,
775 2339 868 2374 atquo
887 2332 1114 2374 ador-arionem,

223 2388 297 2420 qaae
311 2378 501 2420 perlatriam
513 2403 524 2420 ,
550 2380 587 2412 id
605 2380 646 2422 est
660 2402 672 2419 ‚
699 2383 762 2415 Deo
783 2381 933 2416 debitam·
936 2379 1114 2425 servitutem

222 2427 365 2468 efflatur,
384 2426 442 2471 soli
461 2426 736 2473 ficperfiahstannalt
762 2432 798 2466 er
818 2431 952 2476 vivifica
966 2435 1113 2468 Trinitaee

223 2478 381 2518 inpendo,
407 2478 559 2516 Latriam
581 2480 643 2515 soli
655 2481 788 2516 Divinae
799 2481 988 2528 Triulatti,
1015 2483 1113 2519 sacris

223 2526 427 2571 imaginibus
450 2528 553 2564 solam
568 2531 804 2569 salutationem
826 2531 974 2568 decernit
994 2544 1004 2566 z
1030 2534 1113 2587 Qo

223 2575 313 2612 nihil
335 2577 399 2611 esse
409 2578 505 2621 possit
518 2580 624 2625 magis
634 2579 859 2617 orthodoxum
871 2608 880 2616 .

233 2659 237 2663 ,
274 2626 320 2660 Et
330 2625 447 2663 demus
457 2628 719 2664 Constantinum
730 2655 741 2672 ,
765 2641 824 2666 aut
840 2632 943 2670 alium
964 2633 1113 2677 querntls

224 2674 428 2721 Episcopum
440 2678 594 2724 suffragio
606 2679 800 2715 exorbitasse
814 2706 821 2714 .
850 2682 933 2717 Non
955 2682 1032 2717 ideo
1042 2695 1114 2718 om-

223 2737 303 2761 nem
322 2727 495 2771 Synodum
521 2740 578 2766 aut
599 2729 759 2774 synodale
783 2731 826 2766 de
844 2731 911 2769 fide
931 2733 1112 2772 Decretum

223 2778 371 2819 oportuit
383 2778 745 2822 abjectumAttedenda
753 2791 820 2816 erat
828 2781 988 2818 verissima
998 2783 1113 2819 Theo-

224 2824 511 2865 dori-Casmenas
523 2832 559 2866 in
573 2830 1059 2879 CappadociaArchl-Episcopi
1069 2834 1111 2869 ad

225 2874 377 2918 quintam
391 2879 565 2923 Synodum
575 2881 660 2917 dieta
674 2881 823 2927 Regula
850 2886 887 2916 ln
900 2883 1043 2919 conciliis
1053 2896 1111 2918 non

226 2931 315 2964 unlus
340 2936 394 2961 aut
412 2928 536 2972 secundi
547 2931 700 2979 Episcopi
711 2934 959 2971 interlocutionem
978 2936 1110 2973 attende-

226 2987 261 3011 re
270 2983 385 3019 oporiet
398 3001 410 3017 ‚
431 2978 489 3022 sed
498 2980 560 3015 haec
569 2993 638 3024 quae
650 2988 844 3018 communiter
855 2983 895 3016 ab
904 2985 1042 3018 omnibus
1061 2987 1113 3022 vel

225 3026 419 3069 amplioribus
430 3028 610 3071 definiuntur
623 3056 632 3064 .
659 3033 819 3068 Eamdem
831 3033 931 3068 etiam
943 3033 960 3067 a
972 3035 1109 3077 Synodo

226 3075 488 3113 Chalcedonensi
499 3079 593 3115 fuisse
605 3082 773 3125 probatam
784 3084 928 3119 ostendit
938 3085 1021 3119 infra
1041 3097 1112 3121 om-

226 3127 280 3161 nis
292 3127 446 3170 synodus
460 3141 469 3161 :
494 3131 624 3173 Synodus
637 3132 940 3176 Chalcedonenfispro
961 3136 1042 3169 nullo
1059 3135 1111 3168 bas

223 3175 290 3212 buit
298 3173 356 3219 σαζ
381 3190 449 3221 quae
458 3179 498 3213 ab
508 3190 566 3213 uno
589 3182 641 3214 vel
651 3182 939 3227 duobusdidaficni
951 3209 959 3217 .
986 3186 1109 3220 Denuo

223 3227 399 3266 confirmat
411 3230 527 3273 quinta
541 3229 694 3272 synodus
707 3232 742 3266 in
755 3233 825 3276 ipso
842 3233 917 3268 fidei
938 3235 1084 3269 Decreto
1098 3260 1109 3276 ,

224 3278 309 3318 §tin
329 3279 447 3318 Edicto
471 3281 530 3314 suo
551 3279 615 3317 late
637 3281 836 3324 Justinianus
847 3282 1035 3328 Augustus.
1061 3283 1109 3319 At

228 3327 305 3367 vertir
314 3330 332 3362 a
343 3330 453 3364 nostra
470 3330 605 3374 septima
615 3331 754 3374 Synodo
765 3330 890 3366 editum
901 3332 979 3370 fidei
990 3334 1108 3370 Decre-

227 3384 299 3415 tum
315 3380 360 3414 est
375 3380 557 3423 plenissime
565 3379 790 3417 orthodoxum
816 3382 1109 3427 acApostolicum,

230 3424 368 3476 ideoque
378 3429 486 3476 ipsum
496 3431 603 3471 solum
615 3455 628 3474 ,
652 3443 722 3470 non
733 3432 845 3469 nescio
855 3443 927 3478 quin
937 3433 1035 3472 unius
1053 3446 1109 3471 aut

1182 288 1254 313 rum
1268 278 1438 323 Episcopis
1449 278 1695 314 attendendum.
1706 279 1823 316 Hocce
1834 284 1939 319 solum
1950 285 2069 321 Adria·

1186 340 1247 363 nus
1258 328 1417 363 Pontifex
1436 329 1649 364 confirmarat
1660 355 1668 363 .

1234 378 1373 413 Alcuini
1384 379 1493 413 Flacci
1504 379 1648 420 librum,
1675 381 1730 416 seu
1739 391 1934 418 memoratas
1949 397 1987 420 ac
1999 385 2070 430 plu-

1185 439 1233 464 res
1252 429 1332 464 alias
1341 427 1492 465 adversus
1518 429 1660 465 nostram
1670 431 1844 474 synodum
1859 434 2071 470 criminatio·

1184 491 1241 515 nes
1251 480 1395 514 Romam
1410 479 1496 514 milit
1510 479 1650 515 Carolus
1660 481 1808 527 Magnus
1825 493 1880 526 per
1894 483 2072 529 angilbex·

1184 540 1257 566 tum
1266 529 1371 565 Sancti
1386 528 1732 572 RichariiAbbatem,
1757 532 1800 567 de
1820 544 1889 577 quo
1902 531 2071 569 Adrianus

1184 580 1342 617 Pontifex
1364 605 1372 614 .
1399 581 1534 616 Fidelem
1545 579 1737 622 familiarem
1759 581 1889 623 vestrum
1911 584 2075 630 Engilbero

1183 641 1247 666 tum
1261 629 1405 667 abbatem
1415 654 1427 671 ‚
1452 631 1488 666 Θ
1498 630 1638 672 Capella
1649 630 1817 669 Ministrum
1826 655 1837 671 ,
1861 640 1913 676 qui
1931 635 2010 677 pen?
2027 634 2069 668 ab

1183 681 1250 730 ipfis
1259 681 1405 724 infantiae
1414 681 1593 715 rudimentis
1614 687 1648 714 in
1660 681 1781 716 Palatio
1804 682 1897 722 vestro
1918 690 2069 718 enutritus

1182 731 1220 774 est
1231 755 1243 773 ‚
1271 734 1306 767 cb·
1320 737 1353 766 in
1367 730 1499 766 omnibus
1508 731 1630 774 confiliis
1640 730 1748 772 vestris
1767 741 1904 774 receptus
1914 758 1921 765 .
1954 734 2063 769 Omni

1183 782 1289 826 ipsum
1299 781 1429 817 honore
1439 782 1569 825 excepit
1590 780 1749 816 Pontifex
1763 806 1776 824 ‚
1800 782 1835 816 ἀ
1861 783 1984 827 pergit.
2010 788 2072 819 Per

1182 834 1406 875 unumquodque
1415 831 1594 873 Capitulum
1602 833 1790 866 reddidimus
1803 830 1997 876 Responsum,
2010 846 2070 869 non

1182 881 1362 924 quemlibet,
1387 880 1460 924 aebfit
1482 905 1495 922 ,
1521 880 1669 916 bominem
1692 882 1914 925 defendentes,
1933 880 1993 928 sed
2009 886 2072 918 oli-

1182 941 1290 965 tanam
1298 930 1417 975 sanda
1428 930 1594 968 Catholica-
1618 934 1653 968 θ
1663 932 1831 976 Apostolicae
1842 937 1991 969 Romane
2009 937 2073 968 Ec·

1180 981 1269 1025 clefiae
1287 989 1421 1016 tenentes
1441 1005 1453 1023 ,
1475 981 1608 1026 priscam
1631 985 1873 1028 Praedeeefformn
1905 982 2068 1025 nostrorum

1177 1031 1348 1077 sano‘lorum
1361 1032 1537 1076 Pontificum
1540 1030 1693 1076 sequimur
1702 1033 1870 1068 dodi-inam
1879 1055 1891 1073 ,
1900 1034 1990 1069 πᾶα
1996 1036 2072 1078 fidei

1182 1084 1374 1118 traditionem
1398 1085 1495 1117 modIs
1521 1083 1657 1117 omnibus
1678 1085 1887 1118 vindicantes.
1915 1085 2074 1129 Singulas

1181 1134 1364 1170 calumnias
1383 1134 1551 1179 insigniter
1574 1134 1710 1175 revicit,
1736 1130 1823 1169 nihil
1847 1133 1884 1168 in
1912 1132 1997 1168 libro
2007 1133 2074 1168 isto

1182 1186 1317 1220 censens
1330 1183 1520 1224 tolerabile,
1543 1184 1604 1219 nisi
1616 1183 1731 1220 Caroli
1745 1183 1850 1230 Regis
1859 1183 1952 1229 supra
1972 1183 2074 1219 adduv

1181 1231 1266 1270 <stam
1287 1235 1517 1280 professionem
1541 1247 1550 1268 :
1576 1239 1638 1271 Hoc
1656 1233 1779 1279 sacrum
1804 1236 1840 1270 Θ
1863 1235 2074 1269 venerandum

1181 1286 1342 1330 capitulum
1352 1287 1477 1321 multum
1487 1284 1578 1327 distat
1590 1286 1612 1318 ἃ
1620 1290 1694 1319 totis
1702 1283 1887 1328 ficpradidis
1900 1284 2074 1327 Capitulis,

1182 1338 1335 1371 &idcirco
1345 1337 1424 1371 illud
1430 1336 1611 1381 agiiovnnus
1632 1334 1739 1376 vestrae
1759 1333 1932 1369 orthodoxa
1957 1335 1994 1368 θ
2013 1337 2071 1369 Re-

1176 1388 1242 1431 gali
1253 1385 1509 1428 Excellentiaeeffe
1511 1390 1670 1428 proprium
1684 1409 1693 1418 .
1721 1382 1830 1419 Addit
1843 1384 1885 1419 de
1896 1383 2006 1419 nostra
2016 1384 2074 1427 Sy·

1183 1433 1294 1469 nodo:
1320 1433 1423 1477 Ipsam
1438 1433 1621 1477 suscepimus
1641 1458 1649 1467 .
1682 1433 1885 1479 Gregorium
1904 1433 2074 1477 Magnum

1181 1482 1215 1517 in
1227 1482 1378 1522 adduffis
1389 1484 1572 1527 {requenter
1583 1483 1700 1518 litteris
1711 1483 1857 1518 ostendit
1871 1493 1943 1518 non
1957 1482 2075 1517 diffen-

1180 1533 1243 1568 tire
1261 1533 1281 1569 a
1300 1533 1411 1568 nostra
1422 1533 1584 1577 Synodo,
1611 1534 1645 1569 ὅ(
1665 1532 1825 1570 Carolum
1845 1531 2073 1568 instantissime

1181 1594 1300 1628 rogat,
1325 1591 1364 1617 ut
1390 1584 1503 1628 &ipse
1512 1583 1698 1626 acquiescat
1720 1583 1884 1624 definitis,
1909 1583 2075 1621 &omnes

1181 1634 1254 1668 suos
1267 1633 1447 1676 Episcopos
1457 1632 1498 1666 ad
1513 1631 1598 1666 istud
1620 1632 1729 1676 ipsum
1743 1633 1924 1675 compellat
1935 1657 1943 1666 .

1229 1682 1325 1729 Qid
1359 1682 1401 1717 de
1424 1681 1709 1717 Francosordienfi
1743 1682 1885 1717 Canone
1923 1682 2079 1729 laudan*

1179 1730 1338 1768 Pontifex
1360 1731 1495 1767 senserit
1515 1756 1528 1773 ,
1572 1731 1673 1766 edicit
1694 1732 1730 1765 in
1750 1732 1899 1766 adduciis
1918 1732 2075 1769 adversus

1180 1781 1348 1825 Nepotem
1359 1781 1558 1825 Episcopum
1567 1780 1825 1815 Laudunensem
1836 1781 1952 1816 litteris
1963 1783 2076 1818 Hinc·
2091 1776 2163 1814 0⁸?-
2182 1784 2229 1806 ²0·

1178 1840 1286 1864 marus
1311 1830 1483 1865 Remensis
1505 1855 1515 1863 .
1556 1830 1736 1866 Aueioritate
1758 1830 1848 1873 hujus
1875 1833 2076 1869 Francofor-

1178 1879 1296 1914 diensis
1307 1881 1412 1919 synodi
1422 1891 1481 1914 non
1496 1879 1575 1914 nibil
1581 1882 1707 1924 repressa
1715 1881 1755 1922 est
1767 1888 1933 1927 imaginum
1942 1895 2070 1919 venerer

1179 1936 1241 1969 rio,
1262 1928 1320 1974 sed
1338 1939 1443 1964 tamen
1462 1932 1614 1964 Adrianus
1640 1933 1675 1966 er
1696 1933 1752 1966 alii
1778 1933 1937 1975 Pontifices
1960 1938 1994 1968 in
2010 1932 2072 1978 sua

1178 1986 1313 2022 opinione
1328 1977 1561 2023 perseverarunt
1589 2004 1601 2020 ,
1627 1983 1662 2017 (τ
1687 1989 1798 2015 mortuo
1817 1982 2070 2027 Carolosnarum

1179 2033 1353 2073 Pupparum
1373 2031 1482 2064 numm
1503 2029 1708 2065 vehementius
1722 2039 1941 2074 promoverunt
1955 2060 1965 2074 ‚
1992 2036 2072 2069 adel

1178 2089 1212 2114 ut
1224 2081 1393 2116 Ludovicus
1405 2082 1506 2115 Caroli
1514 2079 1596 2122 filius
1607 2080 1683 2117 libro
1690 2083 1775 2126 longe
1790 2090 1894 2116 acriori
1905 2082 2070 2127 insec‘laius

1171 2128 1210 2175 fit
1230 2136 1395 2175 imaginum
1413 2132 1546 2172 cultim,
1571 2132 1665 2175 quam
1693 2133 1838 2166 Carolus.
1866 2135 2071 2169 Francorum

1178 2181 1354 2216 insolentia
1376 2181 1412 2216 in
1426 2182 1507 2216 tales
1527 2181 1660 2217 tandem
1682 2181 1898 2227 blasphemias
1909 2184 2046 2228 profecit
2059 2210 2075 2227 ,

1179 2229 1320 2276 ideoque
1342 2232 1377 2265 in
1400 2231 1475 2266 illos
1496 2231 1650 2268 Romana
1675 2232 1815 2268 Ecclesia
1842 2244 1912 2267 non
1937 2234 2069 2271 cessavit

1176 2280 1470 2326 faceresynodos,
1498 2293 1635 2326 quarum
1658 2293 1760 2317 unam
1779 2284 1937 2328 Stephani
1956 2285 2070 2330 *quarti

1177 2330 1354 2375 publicavit
1366 2330 1596 2368 illustrisfimus
1608 2332 1715 2368 Lucas
1728 2333 1928 2369 Holstenius
1940 2359 1950 2375 ,
1977 2347 2069 2372 man·

1175 2382 1311 2417 dantem
1321 2381 1358 2416 in
1371 2382 1498 2417 summo
1510 2381 1636 2417 honore
1662 2382 1696 2416 &
1712 2385 1927 2420 veneratione
1952 2385 2065 2424 haberi

1175 2433 1366 2470 Sanctorum
1378 2433 1491 2467 omnia
1502 2444 1517 2476 ,¹
1543 2443 1717 2476 corporum
1743 2446 1782 2470 ac
1791 2434 2064 2471 vestimentorum

1174 2481 1347 2527 Reliquias
1366 2507 1379 2524 ‚
1406 2483 1579 2525 Basilicas,
1606 2483 1769 2528 imagines
1791 2510 1803 2526 ‚
1828 2485 1975 2530 depistos
1998 2487 2065 2520 vul-

1174 2543 1226 2567 tus
1245 2557 1253 2565 .
1290 2532 1455 2579 Adjungit
1480 2532 1650 2570 adversum
1670 2536 1814 2569 Francos
1838 2547 1846 2568 ε
1875 2537 2060 2571 Fovendum

1172 2582 1212 2625 est
1224 2607 1235 2623 ,
1260 2594 1298 2616 ne
1303 2582 1362 2626 sub
1372 2589 1486 2618 iconum
1497 2583 1633 2627 occasione
1647 2586 1693 2618 ad
1697 2586 1801 2627 pejora
1807 2584 1868 2630 sese
1883 2586 1984 2628 status
1997 2598 2061 2623 mae

1172 2634 1211 2667 1ae
1220 2631 1398 2676 adsertionis
1407 2640 1503 2679 erigat
1516 2658 1528 2675 ,
1551 2636 1748 2678 &Reliquias
1767 2639 1934 2679 Martyrum
1956 2638 2061 2671 adora-

1172 2688 1199 2716 ri
1209 2692 1366 2726 tamquam
1377 2679 1510 2718 membra
1520 2688 1642 2719 Domini
1668 2686 1703 2719 Θ·
1721 2693 1859 2720 venerari
1876 2680 2059 2728 prohibe-212

1173 2734 1308 2768 Etenim
1328 2745 1444 2769 eorum
1463 2735 1613 2770 adversus
1635 2735 1740 2772 sacras¹
1764 2737 1926 2779 imagines
1953 2735 2063 2771 lurida

1172 2794 1364 2829 argumenta
1373 2785 1475 2819 etiam
1489 2786 1523 2819 in
1534 2786 1726 2821 Sanctorum
1736 2785 1905 2829 Reliquias
1914 2784 2059 2820 omnino

1171 2832 1368 2869 tendebant.
1394 2833 1508 2879 Pergit
1522 2836 1699 2878 synodus.-
1723 2837 1755 2870 si
1775 2841 1844 2878 quis
1849 2834 1974 2878 sairdas
1987 2842 2061 2872 ima-

1165 2890 1252 2929 gines
1265 2886 1388 2918 Domini
1398 2884 1485 2925 nistri
1489 2888 1521 2931 J
1524 2884 1573 2929 esu
1585 2884 1696 2925 Christi
1708 2908 1719 2925 ,
1746 2886 1782 2919 Θ
1803 2886 1868 2927 ejus
1875 2891 2032 2929 genitricis·
2041 2908 2064 2927 y,

1170 2942 1260 2978 atque
1282 2942 1413 2970 omnium
1433 2936 1607 2969 Sanamem
1620 2933 1784 2978 secundum
1800 2934 1976 2979 sant‘loruna
2000 2939 2061 2974 Pa-

1171 2985 1374 3027 trumstaruta
1393 2992 1533 3020 venerari
1554 2986 1676 3019 noluerit
1688 3008 1700 3025 ,
1725 2984 1895 3021 Anubem
1910 2985 1951 3029 fi't-
1967 3012 1977 3024 .,
2002 2987 2066 3031 Sy-

1172 3035 1298 3069 nodum
1320 3036 1464 3070 nostram
1484 3059 1496 3076 ,
1521 3044 1690 3078 tamquam
1713 3035 1925 3084 immobilem
1948 3036 2060 3072 ortho-

1171 3084 1278 3123 doxiae
1286 3086 1492 3125 columnam,
1502 3085 1596 3122 fuisse
1609 3085 1627 3119 a
1639 3085 1754 3121 Leone
1766 3095 1886 3130 quarto
1894 3086 2056 3132 depictam

1172 3135 1206 3168 in
1222 3134 1363 3169 Ecclesia
1387 3135 1550 3170 Vaticana
1564 3159 1576 3175 ,
1601 3134 1746 3181 superius
1759 3136 1831 3172 dixi
1847 3162 1856 3170 .

1221 3184 1331 3219 Etiam
1339 3184 1458 3220 Franci
1471 3185 1537 3223 suis
1547 3186 1690 3229 partibus
1702 3198 1772 3226 non
1780 3188 1954 3226 defuerunt
1967 3213 1975 3220 .
2002 3186 2064 3222 Et-

1171 3235 1263 3269 enim
1273 3234 1429 3269 acriorem
1442 3234 1537 3271 illum
1549 3258 1560 3275 ‚
1570 3236 1612 3270 ab
1626 3236 1812 3272 Hincmaro
1823 3247 2005 3273 memoratu
2011 3248 2059 3277 m,

1172 3283 1334 3320 Ludovici
1347 3284 1397 3321 Pii
1408 3285 1618 3330 Imperatoris
1626 3286 1747 3322 librum
1760 3288 1911 3332 praedicat
1936 3289 1969 3322 in
1984 3297 2060 3336 ope-

1173 3346 1205 3368 re
1215 3335 1256 3369 de
1278 3334 1372 3369 rebus
1385 3334 1619 3372 Ecclesiasticis
1639 3337 1739 3373 etiam
1758 3339 1960 3374 Walafridus
1973 3337 2058 3370 Stra-

1174 3385 1235 3419 bo:
1263 3387 1433 3423 Gra-corum
1453 3388 1572 3429 querela
1596 3411 1608 3428 ,
1633 3388 1813 3432 temporibus
1837 3389 1981 3424 Ludoviei
2001 3389 2058 3418 lm-
2075 3384 2185 3424 Cap-8·

1169 3441 1317 3479 peratoris
1337 3442 1372 3472 in
1391 3439 1555 3473 &antima
1570 3438 1690 3482 palata
1710 3462 1722 3481 ,
1746 3437 1877 3482 ejusdem
1904 3438 2059 3530 Prgncipis

1966 3495 2009 3517 ΥΟ·
