2340 3762
387 204 483 254 146
715 196 1010 242 CANONl-:s
1045 195 1333 239 CONCILII
1369 189 1702 239 TRULLANI.
1734 195 1741 199 '⁷

313 282 379 311 tur.
408 276 608 321 EtJustinus
635 277 669 312 in
682 277 792 312 Sicilia
804 278 914 310 nescio
939 273 1031 315 cujus
1052 271 1177 311 civitati

1261 272 1419 313 NOBIS,
1441 273 1505 315 post
1531 275 1662 307 reditum
1678 282 1781 309 autem
1802 275 1923 318 abstulit,
1937 279 2006 323 ὁμο
2017 280 2129 321 verba,

315 326 513 370 Episcopus.
542 332 615 361 Non
632 331 759 369 juvavit
782 336 812 359 te
831 327 942 364 dicere,
970 323 1069 357 EGO
1091 324 1170 358 UT
1187 343 1198 350 -
1224 312 1226 314 v
1261 321 1469 358 CHRISTE
1484 324 1599 359 REX.
1627 324 1727 359 Hanc
1745 325 2023 374 propositionem,
2050 336 2134 366 Deus

313 377 460 417 LITER
474 378 579 413 HOC
591 375 797 412 APPOSUI
811 373 1132 411 CRUCIFlXUM
1143 374 1195 410 IN

311 425 539 463 TRISA-GIO
561 424 825 461 CONFITERI
850 437 861 457 .-
888 426 967 458 Tolle
1002 430 1194 466 iniquitatem

310 478 350 512 de
358 477 494 520 universb
504 502 514 516 ,
543 477 580 509 nr?
588 474 638 506 boc
656 477 712 507 εἰτὸ
726 474 935 516 multiplicetur
947 500 957 516 ,
984 481 1123 517 quoniam
1137 482 1193 508 im-

304 519 487 571 piumfacile
502 523 688 568 fitfteptlbile
698 523 754 564 est.
784 525 827 558 Et
839 525 995 569 Asclepas
1007 526 1190 568 Episcopus

308 575 494 613 Trallenfis.
515 575 573 607 Sed
581 575 655 611 dicis
665 598 677 614 ‚
693 578 759 618 Ego
764 583 889 617 propter
898 575 1068 616 Nestorium
1079 577 1191 609 addidi

308 631 334 660 T
333 625 441 670 rtsqgio
451 635 563 662 crucem
576 649 594 668 ,v
612 636 651 660 ex
660 637 692 659 eo
715 627 795 668 quod
809 626 1004 668 repellebatur
1024 625 1064 658 ab
1077 637 1108 659 eo
1122 629 1192 660 Dei-

306 685 355 709 tas
366 699 377 714 ,
402 676 474 707 dum
484 671 581 717 ipsum
591 675 762 717 crucifixum
774 676 893 709 dicebat
901 701 908 707 .
936 680 983 708 Et
995 677 1073 719 quid
1080 677 1092 709 ?
1112 681 1185 709 Non

306 724 344 765 est
352 725 514 759 intelledlus
538 724 586 766 iste
599 728 705 767 junior
715 725 846 766 Ncstorio
860 751 870 767 ,
890 724 1015 768 sufiepit
1036 732 1115 759 enlm
1139 726 1189 759 hoc

304 776 326 808 a*
337 773 464 811 Photino
487 774 746 819 variaesententiae
758 800 770 817 ‚
800 787 884 818 quem
913 781 1017 809 J-'atres
1043 778 1163 819 quidem
1177 801 1186 816 ,

306 831 358 868 qui
369 830 402 858 tn
422 830 521 871 Nicea
540 835 760 866 convenerunt,
786 832 818 863 in
829 832 897 862 vita
908 837 965 861 non
984 831 1187 867 invenerunt,

304 876 413 920 dogma
432 886 537 911 autem.
552 875 640 919 ipfius
665 878 940 911 condemnaverunt
957 902 963 909 .
991 881 1064 910 Non
1086 886 1188 914 tamen

300 927 459 969 propterca?
486 926 711 968 deprehendunt.
735 925 792 968 ipsi
822 926 977 971 ,Trisagion
1000 926 1172 968 crucifixum
1208 937 1211 944 ¹

304 974 664 1023 Legendumexistimo
676 988 687 1009 .·
712 979 786 1012 Non
797 984 897 1011 tamen
920 977 1186 1021 deprehenduntur

306 1025 361 1069 1·in
376 1027 519 1069 addidtffie
529 1024 662 1071 Trisagto
681 1025 870 1070 cructfixum.
899 1029 942 1062 Et
956 1028 1040 1062 infra
1055 1029 1087 1061 in
1114 1038 1187 1061 ana-

305 1077 522 1112 thematismis
542 1103 550 1110 .
576 1078 608 1114 51
627 1082 694 1124 quis
718 1082 901 1118 apponit‘in
923 1076 1056 1121 Trtsagio
1077 1088 1187 1111 crucem

301 1129 515 1172 praeterfilium
527 1130 584 1167 De}
594 1151 606 1168 ,
631 1126 796 1160 anathema
800 1126 841 1169 fit
853 1153 860 1159 .
886 1129 918 1160 51·
924 1134 991 1170 quis
1004 1132 1186 1170 quaternita-

302 1175 535 1214 umint'roducit
546 1204 556 1219 ‚
584 1184 616 1211 in
627 1174 758 1221 Trisaglo
767 1186 921 1220 apponens
929 1177 992 1221 post
1005 1182 1186 1213 Trtnitatem

301 1228 451 1269 Christum
462 1227 630 1270 crucifixum
643 1252 653 1268 ‚
678 1227 903 1276 anathemaſse}

353 1279 418 1313 Rei
440 1280 544 1317 totius
578 1279 690 1314 seriem
711 1277 814 1313 edicit
844 1279 878 1312 in
902 1279 1009 1322 primo
1030 1279 1190 1313 Collesta-

304 1340 443 1364 neornm
465 1329 550 1363 libro
569 1327 773 1365 Theodorus
794 1329 929 1364 Leitor.
959 1332 1067 1363 Petrus
1092 1339 1190 1373 cogno

302 1389 401 1416 mento
416 1379 578 1422 Cnapbeus
595 1403 606 1420 ‚
642 1380 745 1421 templi
774 1379 894 1417 51:218ae
904 1379 1004 1422 Baffae
1028 1382 1169 1419 Martyris

301 1431 379 1473 quod
398 1429 583 1467 Chalcedone
603 1428 641 1469 cst
653 1453 664 1469 ,
686 1428 843 1467 Presbyter
863 1437 966 1470 captus
990 1440 1091 1463 amore
1100 1427 1187 1471 sedis

301 1479 508 1524 Episcopalis
530 1475 768 1517 Antiochense,
795 1477 927 1513 Zenoni
939 1477 1062 1522 Augusto
1067 1475 1190 1521 persua-

295 1531 335 1576 fit
351 1555 362 1571 ,
387 1539 419 1564 ut
443 1528 477 1572 se
489 1532 637 1574 juvaret.
665 1525 853 1571 ‚Quibusdam
874 1532 965 1571 {gitur
998 1538 1035 1560 ex
1046 1531 1089 1561 eis
1101 1550 1112 1567 ‚
1138 1532 1190 1570 qui

301 1581 479 1622 Apollinari}
508 1589 607 1621 atque
631 1575 827 1619 Eutychetis
843 1577 922 1619 peste
942 1575 1046 1622 infe&
1081 1587 1190 1615 erant,

301 1630 431 1665 mercede
450 1627 620 1666 commis,
647 1633 820 1660 innumeras
842 1626 949 1658 turbas
975 1635 1078 1662 contra
1097 1626 1191 1669 fidem

303 1682 337 1714 (9¹
358 1683 531 1717 Martyrium
554 1675 807 1711 Antiochenam
827 1674 1189 1718 Epiftopumexciravit‚

301 1728 402 1773 eosque
412 1725 742 1769 anathematisubjcctt,
754 1732 810 1769 qut
819 1736 876 1758 non
885 1725 1024 1762 dicebant
1033 1724 1100 1758 DE
1106 1726 1187 1761 UM

301 1780 408 1814 ESSE
431 1776 772 1817 CRUCIFIXUM,
797 1777 842 1807 it&
867 1785 900 1810 ut
915 1777 1055 1818 populum
1080 1781 1113 1808 in
1137 1774 1187 1811 boc

304 1830 448 1871 diffidlum
477 1828 645 1861 induxerit.
673 1826 840 1861 Excitavit
866 1836 972 1864 tantas
999 1824 1127 1866 turbas,
1153 1835 1190 1859 ut

302 1881 449 1925 pertaesus
471 1878 652 1926 Martyrius
676 1876 912 1920 Episcopatum
923 1875 1108 1919 deposuerit
1121 1899 1131 1915 ‚
1142 1873 1191 1908 di·

302 1943 381 1966 cens
402 1928 507 1974 palam
525 1929 560 1966 in
582 1926 744 1962 Ecclesia:
772 1928 856 1961 Clero
867 1932 1069 1969 immorigero,
1094 1927 1190 1966 &po-

299 1983 369 2026 pulo
387 1981 488 2014 rebelli
499 2003 510 2019 ,
534 1975 708 2019 &Ecclefiae
718 1982 928 2010 contaminata·
945 1983 1083 2010 renuncia
1093 1999 1103 2015 ,
1128 1972 1182 2019 fer-

303 2040 379 2065 vata
400 2029 473 2063 mihi
493 2034 612 2062 interim
632 2028 792 2061 sacen-dom
810 2027 977 2069 dignitate.
1004 2026 1122 2060 Homo
1136 2037 1189 2058 va-

302 2083 452 2116 ferrimus
472 2079 595 2114 bellum
614 2090 651 2112 ac
670 2078 778 2111 zelum
798 2076 897 2110 finxit
921 2075 1091 2110 adversum
1125 2074 1192 2108 Ne·

303 2133 466 2167 storianos
486 2128 592 2164 valide
614 2138 685 2162 tum
707 2124 815 2162 adhuc
840 2125 1038 2170 grassantes:
1066 2124 1191 2160 Revera

303 2192 415 2218 autem
444 2180 538 2226 gessit
561 2177 710 2212 adversus
743 2176 916 2221 synodum
942 2175 1190 2212 Chalcedonen-

302 2235 390 2274 sem‚
420 2242 458 2266 ac
478 2231 508 2265 ei
524 2228 747 2265 ‘adhaerentem
759 2225 981 2261 orthodoxam
989 2226 1167 2261 Ecclesiam
1180 2250 1190 2266 ‚

304 2294 406 2328 quam
428 2279 611 2328 nequissimi
630 2276 888 2322 Eutychianistae
909 2275 952 2310 de
973 2276 1188 2312 Nestorianis-

303 2346 362 2370 mo
388 2335 513 2375 semper
534 2329 726 2364 accusarunt
747 2352 756 2361 .
784 2326 890 2363 Porro
909 2326 1101 2363 Nestoriani
1123 2325 1190 2361 faffi

303 2384 381 2420 sunt
402 2381 551 2422 christum
573 2380 610 2416 de
633 2382 751 2423 Virgine
773 2386 903 2419 natum,
917 2377 1034 2420 paffum
1046 2401 1057 2418 ‚
1081 2376 1190 2419 crucifi-

306 2446 401 2474 xum,
426 2441 590 2472 mortuum,
617 2439 649 2464 at
660 2429 737 2463 Deo
749 2427 892 2464 adserere
912 2426 1022 2461 isthaec
1033 2425 1188 2461 idiomata

307 2491 469 2529 negarunt
485 2478 754 2526 pertinaciffime5
778 2478 869 2520 quod
881 2488 998 2521 nempe
1009 2478 1075 2512 Dei
1087 2476 1188 2511 Verbi

306 2535 341 2570 &
353 2532 517 2575 adsumpti·
526 2529 671 2564 hominis
684 2530 832 2573 personas
843 2526 1024 2562 dividerent
1040 2551 1050 2567 ,
1063 2525 1097 2574 in
1109 2526 1190 2561 duos

308 2584 411 2628 reipsa
424 2580 572 2616 Christos
581 2603 592 2621 ‚
618 2579 745 2623 junctos
758 2578 825 2612 sola
837 2578 986 2614 nominis
1004 2576 1039 2612 δε
1051 2577 1191 2622 dignita-

310 2635 354 2670 tis
366 2630 602 2668 communione
615 2653 622 2661 .
650 2629 694 2663 Et
705 2629 846 2672 ipsorum
858 2628 1024 2664 molliores
1037 2651 1048 2668 ‚
1067 2627 1124 2671 qui
1134 2624 1191 2670 hy-

306 2684 507 2730 postaticam
527 2680 690 2717 unionem
710 2689 767 2712 aut
789 2679 996 2713 admitterent
1020 2702 1030 2719 ,
1057 2687 1114 2712 aut
1136 2677 1190 2711 ad-

314 2736 444 2771 mittere
460 2732 621 2777 fingerent
633 2754 644 2770 ,
669 2729 710 2764 de
722 2728 874 2764 Domino
884 2728 1043 2764 crucifixo
1055 2727 1166 2762 dixere
1179 2741 1189 2761 .-

316 2790 399 2820 Deus
410 2783 511 2823 recefflt
520 2782 558 2815 ab
568 2782 618 2817 illo
628 2805 639 2822 ,
667 2778 808 2823 idedque
820 2777 905 2814 hanc
914 2778 1167 2822 propositionem
1179 2801 1190 2816 ,

317 2841 399 2872 Deus
408 2834 447 2874 est
458 2831 614 2874 crucifixus
635 2839 688 2864 aut
700 2837 830 2863 mortuus
841 2851 852 2867 ‚
877 2830 964 2863 fuere
977 2829 1098 2871 semper
1116 2826 1190 2862 abo-

317 2886 458 2923 minati:
485 2883 584 2918 Hanc
602 2881 703 2928 igitur
724 2880 844 2924 ipsam,
869 2888 905 2913 ut
917 2877 1141 2922 Apostolicam
1153 2889 1190 2911 ac

317 2934 553 2982 Evangelicam
564 2957 574 2973 ,
602 2930 707 2974 qualis
718 2930 751 2966 in
763 2928 1016 2974 legitimosensu
1035 2928 1191 2962 veraciter

318 2986 387 3026 est,
413 2983 595 3031 praedicavit
614 2980 712 3016 Fullo
735 3004 746 3019 ‚
772 2991 809 3014 ac
831 2978 954 3023 populo
974 2976 1190 3012 Antiocheno

322 3034 472 3080 persuasit
484 3060 492 3066 .
520 3032 579 3067 Ast
591 3031 707 3066 doloso
718 3030 751 3065 &
762 3028 913 3065 haeretico
923 3029 1035 3079 animo
1045 3053 1055 3070 ,
1080 3029 1132 3063 uti
1143 3029 1191 3063 su-

288 3093 291 3096 ⁴
323 3087 375 3131 pra
386 3086 427 3119 est
442 3082 570 3120 abunde
584 3083 641 3117 suo
654 3082 729 3117 loco
743 3079 953 3123 explanatum
964 3104 971 3113 .

374 3133 477 3168 Addit
498 3133 538 3168 ad
560 3133 684 3168 sextum
706 3130 870 3166 decimum
894 3129 1040 3164 Zenonis
1050 3128 1190 3174 Augusti

322 3194 448 3218 annum
468 3182 631 3228 Georgius
656 3180 823 3215 Cedrenus
850 3205 857 3212 .
885 3178 969 3215 Zeno
1002 3182 1022 3212 ἃ
1058 3185 1191 3220 tyrannis

324 3240 415 3268 otium
425 3234 549 3274 adeptus
565 3256 576 3272 ,
603 3229 779 3264 Antioc-hena
790 3227 916 3273 Ecclefia
935 3230 1076 3266 exturbat
1086 3231 1194 3264 Calen-

302 3293 306 3298 ·
325 3286 443 3318 dionem
456 3305 467 3321 ‚
492 3293 527 3314 ac
547 3285 578 3312 in
598 3278 684 3321 Oasin
703 3281 816 3324 relegat
838 3304 849 3321 ,
873 3279 1084 3323 Episcopatum
1105 3283 1194 3314 Petro

328 3331 471 3375 cnapheo
480 3331 596 3363 reddit.
622 3333 653 3360 Is
666 3328 847 3361 Antiochiam
857 3329 991 3373 reversus
1010 3331 1104 3364 multa
1113 3331 1194 3365 mala

320 3384 461 3428 facinora
465 3379 541 3422 fecit
550 3404 557 3410 .
584 3377 823 3420 Longissimum
835 3380 873 3412 fit
884 3391 997 3413 eorum
1009 3379 1142 3415 exordia
1162 3381 1196 3416 δε

328 3432 485 3468 successus
506 3437 668 3464 enarrare.
688 3427 771 3468 Jam
781 3429 851 3460 ant?
861 3429 1008 3468 adjecerat
1025 3429 1198 3471 sam‘li-rmo

326 3485 449 3524 hymno,
473 3474 797 3515 CHRISTEREX
819 3476 1082 3512 CRUClFlXE
1103 3479 1198 3514 PRO

1259 373 1295 414 est
1306 372 1482 416 crucifieus‚
1509 374 1573 416 jam
1595 374 1663 409 dixi
1685 375 1933 422 orthodoxam,
1958 379 2133 425 Apollina-

1259 424 1308 457 rio
1321 434 1428 458 tamen
1447 437 1483 459 ac
1495 423 1679 467 Eutychete
1701 427 1939 472 grassantibus,
1965 431 2054 475 quod
2074 431 2134 467 fitb

1257 473 1343 516 ejus,
1370 475 1443 509 licet
1466 476 1654 517 verissimis‚
1678 479 1852 522 aequivocis
1873 490 2003 521 tamen,
2030 482 2136 523 Sylla·

1256 524 1304 558 bis
1328 525 1419 560 suum
1440 526 1490 560 illi
1511 525 1802 569 pestilentissimum
1824 531 1909 563 virus
1932 554 1943 570 ,
1969 531 2054 575 quasi
2075 530 2134 565 sub

1254 575 1361 610 ovinis
1384 576 1466 611 lanis
1487 576 1656 620 pessimum
1677 578 1788 621 lupum
1812 581 2015 615 occultarent
2034 606 2046 623 ,
2072 581 2136 616 eir-

1254 625 1451 670 cumscripsit
1461 638 1497 660 ac
1511 627 1667 672 relegavit
1681 628 1816 663 Ecclesia
1828 654 1841 670 ‚
1864 630 1932 666 dici
1951 630 2110 665 mandans
2121 653 2135 670 ‚

1253 674 1385 720 clmjstus
1400 676 1437 716 est
1452 676 1628 718 crucifixus.
1657 678 1740 712 Eam
1751 678 1858 723 legem
1878 679 2032 726 primitus
2044 679 2135 724 quasi

1253 727 1447 768 praevaricari
1463 727 1639 770 Cnapneus
1655 729 1765 762 noluit
1778 753 1789 768 ,
1816 739 1849 763 at
1858 731 2067 774 postmodum
2079 740 2135 776 pet

1252 776 1412 810 seductum
1425 776 1612 821 Principem
1633 778 1669 812 in
1683 778 1879 822 Episcopatu
1891 780 2037 816 firmatus
2055 792 2136 815 con-

1251 826 1465 875 tumaciffime
1487 828 1603 871 sprevit
1625 853 1633 861 .
1669 827 1845 863 Praedicare
1864 830 1965 872 coepit
1991 830 2024 863 &
2046 827 2134 864 hane

1253 875 1504 921 propositionem
1516 900 1526 916 ‚
1553 882 1634 910 Unus
1653 879 1785 912 &sanila
1806 882 1956 913 Trinitate
1976 879 2013 919 est
2023 879 2135 924 crucifi-

1252 937 1331 967 xus,
1358 938 1454 970 atque
1476 927 1520 961 ita
1540 928 1571 961 se
1584 939 1651 961 non
1675 929 1894 973 praevaricari,
1921 928 1972 962 sed
1990 929 2066 962 fidei
2095 941 2135 964 ac

1255 977 1400 1011 Ecclefiae
1413 987 1480 1010 rem
1490 978 1604 1013 utilem
1617 980 1711 1026 agere
1727 978 1896 1016 blateravit
1905 1004 1914 1020 ,
1947 980 2062 1023 urpme
2075 979 2135 1025 qui

1252 1025 1510 1061 additamentum
1531 1027 1617 1061 istud
1642 1040 1710 1063 non
1724 1030 1759 1065 in
1777 1039 1881 1064 totam
1900 1031 2136 1066 sacrosaufiam

1253 1076 1457 1116 Trinitatem
1479 1078 1608 1115 referret
1621 1099 1632 1118 ,
1656 1078 1711 1113 sed
1733 1078 1766 1112 in
1792 1080 1901 1115 solum
1924 1080 2036 1114 Deum
2054 1079 2136 1114 Ver-

1254 1126 1330 1161 bum
1342 1151 1354 1167 ,
1378 1127 1473 1161 simul
1486 1137 1562 1162 cum
1574 1127 1749 1173 adsumpto
1761 1129 1795 1163 &
1804 1128 1962 1164 crucifixo
1974 1127 2138 1170 homine,

1253 1178 1301 1211 uti
1323 1177 1456 1212 Sanetus
1481 1177 1628 1221 Cyrillus
1641 1190 1686 1213 ac
1700 1178 1860 1223 Ephefina
1873 1179 2027 1224 Synodus
2045 1177 2138 1213 dixe-
2205 1217 2208 1220 ⁴

1254 1236 1326 1262 rant
1337 1250 1348 1268 ‚
1374 1228 1497 1264 fastum
1507 1239 1610 1265 unam
1622 1227 1811 1277 hypostasin
1822 1242 1861 1264 ac
1873 1240 1974 1266 unam
1985 1238 2137 1266 naturam

1257 1278 1457 1313 incarnatam
1466 1300 1479 1317 ‚
1502 1287 1600 1322 atque
1613 1279 1658 1316 ita
1669 1281 1775 1314 revera
1786 1280 1982 1317 crucifixum
1994 1305 2003 1315 .

1304 1328 1349 1362 Et
1363 1326 1429 1362 huc
1439 1326 1580 1362 omnino
1591 1330 1720 1373 respicit
1733 1330 1828 1366 Felix
1840 1331 1955 1365 tertius
1965 1355 1976 1371 ,
2003 1330 2140 1367 Petrum

1253 1389 1392 1423 arguens
1404 1401 1416 1418 ‚
1440 1378 1530 1420 quod
1543 1378 1633 1425 prius
1643 1380 1713 1424 post
1729 1379 1948 1417 immortalem
1959 1380 2115 1426 Spiritum
2126 1403 2140 1421 ‚

1255 1427 1365 1467 idest,
1392 1428 1464 1470 post
1479 1439 1598 1470 voces,
1623 1432 1748 1466 sanans
1774 1431 1973 1469 immoreaelts,
1997 1431 2138 1473 Spiritus

1255 1476 1365 1511 Sanffi
1390 1475 1461 1512 istic
1473 1476 1728 1522 significativas,
1754 1477 1922 1515 Christum
1942 1479 2138 1516 crucifixum

1253 1526 1452 1572 glorificaret
1474 1550 1485 1567 ,
1512 1527 1722 1570 postmodnm
1744 1528 1821 1563 vero
1845 1528 1880 1564 iu
1901 1528 2010 1574 pejora
2031 1529 2138 1574 lapsus

1254 1579 1388 1621 coeperit
1409 1577 1469 1610 soli
1497 1578 1574 1613 Deo
1597 1578 1669 1612 filio
1692 1577 1901 1623 adpropriare
1922 1590 2058 1614 omnem
2077 1576 2138 1624 hy·

1254 1636 1390 1667 nauum,
1415 1637 1513 1670 atque
1525 1627 1571 1661 ita
1588 1627 1657 1671 ejus
1675 1628 1853 1664 Divinitati
1874 1627 2047 1666 adcantare
2067 1637 2138 1662 cru-

1254 1685 1324 1710 cem
1359 1677 1394 1710 &
1414 1675 1592 1719 paffiortem
1618 1701 1626 1710 .
1654 1678 1699 1711 Et
1721 1678 1863 1720 primum
1886 1678 1958 1721 'ejus
1981 1677 2138 1719 cantandi

1256 1725 1393 1760 modum
1425 1726 1508 1762 recle
1543 1727 1652 1772 arguit
1678 1726 1931 1764 Nestorianismi
1951 1738 1965 1760 ·.
2001 1727 2139 1764 Etenim

1255 1774 1423 1811 Christum
1436 1774 1608 1812 hominem
1623 1788 1690 1811 non
1704 1777 1840 1812 vocibus
1850 1800 1861 1819 ‚
1885 1776 2114 1819 Sanfflusfortts
2124 1800 2138 1820 ,

1254 1827 1320 1860 Dei
1334 1824 1436 1860 Verbi
1451 1826 1674 1870 significativis
1685 1827 1862 1872 adjungere
1875 1852 1887 1868 ‚
1914 1827 1967 1862 sed
1980 1825 2115 1863 vocibus
2125 1851 2140 1871 ‚

1255 1876 1382 1909 sanHus
1393 1877 1569 1909 immortalis
1581 1901 1592 1917 ‚
1618 1877 1779 1920 Spiritum
1790 1877 1944 1912 Sanctum
1957 1877 2138 1922 significan-

1254 1925 1341 1961 tibus
1362 1928 1553 1969 postponere
1577 1926 1655 1968 quid
1668 1928 1730 1962 fuit
1752 1927 1840 1962 aliud
1855 1952 1865 1968 ,
1890 1939 1988 1971 quam
2011 1928 2138 1962 adsum-

1254 1988 1345 2020 ptum
1366 1973 1538 2011 hominem
1559 1975 1600 2013 ab
1621 1977 1809 2013 adsumente
1832 1978 1946 2014 Verbo
1964 1977 2136 2022 separare?

1255 2027 1335 2062 Huc
1347 2026 1427 2060 item
1445 2026 1575 2070 respicit
1587 2027 1724 2062 Sanetus
1736 2027 1941 2073 Quintianus
1950 2027 2137 2063 anathema-

1255 2077 1358 2112 tizans
1379 2086 1456 2116 eos,
1481 2076 1652 2118 quiipsum
1673 2086 1722 2109 ter
1738 2077 1884 2112 sanctum
1906 2087 2029 2112 nomen
2042 2101 2052 2117 ,
2079 2078 2137 2112 seu

1255 2126 1360 2169 ipsum
1387 2126 1499 2159 Deum
1526 2123 1676 2159 Verbum
1698 2148 1709 2165 ,
1734 2126 1769 2159 δε
1796 2137 1866 2161 non
1893 2125 2003 2169 potius
2028 2126 2137 2171 Jesum

1254 2175 1422 2212 Christum
1433 2174 1638 2210 cantaverint
1650 2175 1844 2211 crucifixum
1858 2201 1866 2211 .
1892 2175 1978 2213 Item
1991 2176 2138 2222 Iustinus

1255 2226 1435 2269 Episcopus
1456 2225 1569 2260 dicens
1589 2223 1765 2260 anathema
1785 2225 1850 2261 illis
1867 2250 1879 2267 ‚
1905 2228 1963 2271 qui
1985 2225 2140 2273 hymno,

1255 2277 1367 2320 utique
1389 2275 1460 2319 post
1488 2283 1586 2309 voces
1608 2299 1619 2315 ‚
1645 2274 1774 2310 SanRus
1797 2278 1979 2311 immortalis
2003 2302 2013 2318 ,
2040 2278 2140 2321 adpo-

1253 2336 1337 2360 nunt
1348 2325 1516 2359 Christum
1543 2326 1760 2366 crucifixum,
1786 2335 1884 2373 atque
1907 2328 1954 2363 ita
1972 2327 2139 2364 inducunt

1251 2375 1445 2413 divisionem
1468 2376 1501 2411 &
1512 2376 1764 2417 quaternitatem
1774 2403 1782 2413 .

1303 2425 1520 2461 Discutienda
1547 2423 1601 2459 hic
1620 2426 1666 2461 est
1687 2427 1822 2469 antiqua
1835 2423 2075 2468 quaestim'An
2084 2424 2142 2462 edd

1251 2476 1472 2512 ditamentum
1492 2476 1647 2511 veraciter
1666 2475 1761 2518 poffit
1777 2475 1876 2520 dirigi
1898 2475 1933 2510 in
1954 2476 2060 2511 solum
2071 2477 2139 2511 De-

1252 2537 1308 2562 um
1329 2525 1497 2566 Verbum,
1523 2537 1582 2570 pro
1603 2524 1701 2560 nobis
1729 2525 1935 2560 incarnatum
1959 2537 1998 2562 ac
2017 2527 2052 2560 in
2071 2537 2140 2561 cat·-

1251 2588 1293 2613 ne
1309 2576 1503 2611 crucifixum
1518 2599 1528 2617 ,
1553 2585 1649 2619 atque
1668 2574 1713 2609 ita
1732 2574 1796 2610 esse
1812 2575 1962 2611 immune
1980 2575 2022 2611 ab
2039 2575 2138 2611 omni

1250 2638 1356 2661 errore
1376 2626 1410 2660 δε
1429 2626 1624 2669 impietate?
1651 2624 1838 2670 Respondet
1857 2636 1898 2660 ex
1917 2626 2036 2662 Sansto
2048 2625 2136 2661 Effe-

1250 2676 1338 2714 ernio
1360 2673 1544 2711 patriarcha
1567 2674 1783 2711 Antiocheno
1791 2675 1934 2712 Photius
1944 2675 2135 2712 Constanti-

1251 2727 1463 2771 nopolitanus
1474 2727 1509 2760 in
1521 2724 1727 2761 Bibliotheca
1738 2751 1745 2758 .
1762 2726 1910 2759 Zenobius
1918 2727 2042 2769 quidam
2052 2724 2135 2759 Scho-
2150 2724 2182 2758 1..
2203 2725 2273 2756 2³82·
2328 2715 2340 2729 ''

1249 2778 1366 2817 lasticus
1390 2775 1556 2820 Emesenus
1565 2801 1575 2817 ,
1606 2775 1814 2818 acephalorum
1839 2775 1906 2810 labe
1937 2775 2066 2818 infedus
2077 2801 2088 2816 ,
2112 2778 2136 2812 ἃ

1246 2832 1393 2863 communi
1404 2826 1573 2869 segregatus
1588 2825 1714 2867 Ecclesia
1723 2850 1734 2866 ,
1760 2826 1877 2858 colorem
1887 2824 1964 2858 hunc
1974 2825 2110 2868 quaefivlt
2122 2850 2140 2868 ,

1250 2879 1330 2920 quod
1349 2887 1447 2911 recens
1471 2874 1573 2918 dlvisa
1595 2876 1662 2919 effer
1683 2883 1729 2909 ter
1735 2873 1837 2919 sam‘i'i
1861 2874 1960 2916 hymni
1964 2874 2138 2919 sententia.

1252 2928 1354 2971 asserit
1374 2934 1477 2962 contra
1499 2928 1528 2957 E
1526 2924 1668 2967 freemius
1679 2926 1812 2959 eumdem
1823 2923 1959 2966 hymnum
1968 2927 2138 2965 Orientales

1250 2976 1364 3019 Christo
1367 2979 1398 3022 J
1401 2974 1449 3019 esu
1473 2975 1634 3009 attribuere
1644 2999 1655 3015 ‚
1682 2976 1716 3009 Θ·
1736 2978 1895 3017 propterea
1907 2975 1984 3010 nabit
1995 2979 2137 3018 peccare,

1251 3024 1367 3068 rametfi
1372 3027 1519 3066 adjiciant
1531 3049 1542 3066 ,
1569 3024 1752 3061 CRUCIF
1752 3025 1802 3059 IX
1807 3025 1869 3062 US
1880 3024 1976 3063 PRO
1987 3025 2135 3062 NOBIS.

1251 3076 1583 3118 constantinopolitanos
1602 3078 1674 3111 verb
1686 3084 1775 3120 atque
1784 3077 1986 3111 occidentales
1994 3073 2136 3118 insupre·

1252 3139 1332 3162 mum
1346 3125 1609 3171 sanlliffimumque
1632 3126 1770 3160 bonorum
1779 3131 1909 3161 omnium
1911 3125 2045 3170 fontem,
2070 3135 2139 3159 con-

1246 3177 1469 3223 substantialem
1482 3179 1660 3212 Trinitatem
1673 3201 1684 3218 ,
1691 3174 1873 3222 sextariam
1883 3175 1992 3220 referre
2000 3199 2011 3214 ,
2027 3175 2135 3207 tdcirca

1252 3239 1309 3262 non
1332 3225 1472 3270 sustinere
1503 3226 1581 3260 illud
1597 3227 1673 3261 adda
1682 3251 1693 3268 ‚
1720 3224 2018 3263 CRUCIFIXUS
2039 3222 2137 3258 PRO

1254 3277 1323 3311 NO
1329 3277 1393 3311 BIS
1403 3301 1414 3319 ‚
1440 3288 1476 3311 ne
1495 3287 1553 3320 qua
1572 3277 1661 3319 paffio
1692 3278 1835 3310 Trinitatl
1868 3273 2051 3307 attribuatur
2065 3297 2071 3303 .
2098 3277 2137 3306 ln

1255 3329 1355 3362 multis
1366 3331 1445 3361 enim
1457 3330 1589 3368 Europae
1602 3326 1826 3370 ditionibuspro
1834 3325 1882 3358 illo
1890 3347 1900 3363 ,
1909 3323 2003 3372 QUI
2015 3322 2076 3358 CR
2082 3323 2140 3363 U-

1258 3376 1448 3413 ClFIXUS
1462 3377 1513 3411 ES
1524 3376 1619 3412 PRO
1629 3375 1765 3411 NOBIS
1773 3398 1783 3413 ,
1794 3373 1845 3408 boc
1854 3381 1998 3415 reponunt
2011 3397 2022 3412 ,
2033 3371 2139 3407 SAN-

1259 3427 1362 3463 CTA
1375 3426 1612 3460 TRINITAS
1621 3423 1860 3458 MISERERE
1872 3423 2010 3458 NOBIS
2021 3447 2028 3454 .
2054 3423 2140 3456 Unde

1257 3484 1375 3521 piorum
1378 3474 1528 3519 sententia
1537 3480 1632 3519 magis
1642 3471 1770 3517 elucefir’t
1779 3497 1791 3514 ,
1801 3482 1834 3507 ut
1845 3471 2023 3517 Insanc‘lam
2041 3474 2142 3515 Tum-¹
2209 3473 2211 3475 ’

1997 3530 2092 3556 tatem

2331 3136 2340 3179 ---›-
2330 3077 2340 3128 „M
2319 2955 2340 3063 fak-uz
2330 2922 2340 2946 ,Α
2337 2904 2340 2909 .
2338 2839 2340 2842 .
