2340 3762
34 296 172 337 Epistass.
191 341 194 343 ‚

3 1120 11 1187 J
27 1135 105 1175 cape·
117 1142 167 1177 η’,

32 2308 119 2349 ΕΡῐίῖ..
138 2319 188 2353 232

30 2361 79 2388 95-

37 3287 119 3328 Epist·
129 3298 175 3325 ιτ,

600 138 913 191 Seuerus,
951 150 1012 178 ar
1047 132 1248 179 Nous
1286 138 1653 179 utusrnarr.

1868 149 1963 195 295

214 231 256 255 ne
264 221 441 267 pertineat,
466 220 569 265 liquet
587 231 628 255 ex
650 222 741 255 sexto
765 218 905 252 Nicaeno
926 216 1066 252 ..canone
1080 239 1091 256 ,
1139 258 1141 260 μ
1157 224 1236 247 tunc
1256 212 1485 254 Nortmannos
1501 238 1515 254 ‚
1540 214 1674 247 involare
1687 239 1698 254 ‚
1722 217 1756 250 ob
1776 218 1866 261 idque
1885 220 2025 263 Episcopi

209 283 253 308 ,ac
265 282 305 306 ex
315 271 503 306 innocentii
516 272 611 316 primi
623 271 797 306 Pontificis
808 267 952 312 Epistola
962 268 1003 302 ad
1016 267 1093 301 Ale·

214 324 377 356 xandrum
396 321 619 357 patriarcham
645 317 894 356 Antiochenum
917 344 926 358 ,-
954 318 1002 353 At
1016 315 1092 352 vero

213 371 387 407 Romanus
402 371 579 414 Pontifex,
604 372 661 416 qui
683 372 747 410 >suae
757 366 983 413 Patriarchalis
1004 378 1092 413 pote-

211 421 305 457 stat-is
325 422 508 459 vastiffitnas
526 422 677 465 dioeceses
696 419 814 462 habet,
841 421 1091 454 innumerorum

212 472 349 507 suorum
361 472 700 516 Comprovincialium
721 471 961 516 Episcoporum
983 473 1092 504 conse-

212 522 361 563 cratione
378 531 553 558 contentus
565 546 576 563 ‚
602 522 746 565 ejusdem
766 520 1021 556 consecrationis
1042 520 1093 563 jus

211 572 250 613 in
259 572 426 616 Ravennae
436 572 686 615 Metropolitam
699 585 740 608 ex
748 570 849 615 causis
860 570 995 605 retinuit
1008 594 1020 613 ‚
1047 570 1093 606 ob

210 622 351 665 nimiam
362 622 511 664 locorum
520 622 705 667 distantiam
716 634 754 662 ac
762 621 919 663 itinerum
930 620 1092 663 molestias

211 673 334 714 caeteris
344 672 499 715 omnibus
509 674 651 709 remisit:
678 674 715 707 ln
729 671 875 716 plurimis
897 671 1030 706 retinuit
1043 669 1092 712 jas

209 723 333 766 praeviae
353 724 631 760 confirmationis.
657 723 791 760 Etenim
803 721 1034 755 salonitanum
1053 731 1091 754 ac

210 771 521 816 Mediolanensem,
548 786 590 808 ex
610 774 728 808 Sancto
750 772 914 816 Gregorio
938 771 1089 815 Magno3

209 822 405 866 Gallicanos
413 834 512 871 atque
520 823 724 867 Illyricianos
735 823 790 856 illa
803 824 925 865 semper
936 819 1089 864 indiguis-

209 873 245 906 se
255 898 267 913 ‚
292 873 381 915 lucet
398 885 441 907 ex
451 875 584 916 antiqua
605 873 765 916 potestate
778 871 904 912 Vicarii
915 868 1089 911 Thessalo*

209 921 352 964 nicenus
361 933 398 955 ac
408 921 559 962 Primatis
573 921 766 959 Arelatensis
775 945 782 963 ‚
797 919 978 961 Primatum
991 919 1088 952 istum

209 970 346 1011 Sanetus
365 971 436 1013 Leo
451 970 597 1015 Magnus
611 970 757 1013 extinxit
782 994 794 1011 ,
819 980 918 1014 atque
940 969 983 1003 ita
998 968 1086 1011 Galli

207 1020 244 1059 ,ἃ
257 1020 415 1061 Germani
427 1021 649 1065 Metropolitae
660 1020 859 1065 pedetentim
871 1020 1016 1054 invasere
1027 1019 1088 1063 pri-

208 1070 391 1115 vilegium,
417 1071 547 1116 dequo
568 1072 604 1108 in
623 1071 798 1114 Responfis
817 1071 858 1104 ad
869 1070 1087 1115 Bulgarorum

205 1121 361 1156 consulta
384 1122 517 1162 Sanetus
538 1121 698 1156 Pontifex
710 1121 872 1155 Nicolaus
891 1121 1014 1165 primus
1026 1146 1033 1152 .
1064 1123 1088 1152 Α

206 1171 295 1210 §edis
316 1170 481 1213 ᾼρᾳθοζίσῳ
503 1171 636 1215 Praesule
659 1170 696 1212 ist
717 1183 792 1204 nunc
815 1171 902 1205 vobis
923 1169 1086 1214 Episcopus

207 1218 439 1263 consecrandus,
464 1228 540 1265 qui,
562 1220 590 1263 fi
604 1221 715 1262 Christi
738 1221 823 1265 plebs
843 1220 909 1265 ipfi»
924 1220 1088 1263 praestante

206 1268 311 1313 cresi-it
319 1293 331 1317 ?
345 1271 640 1316 Archi-Epifiopatus
647 1274 809 1322 privilegia
814 1267 872 1314 per
885 1284 938 1312 nos
948 1277 1088 1314 acciptur,

208 1321 301 1353 &ita
321 1321 440 1363 demum
451 1321 614 1366 Epifiopos
631 1321 851 1367 fibiconftituat
865 1347 877 1363 ,
902 1328 954 1365 qui
963 1330 990 1356 ei
1011 1323 1088 1357 decee

207 1369 295 1403 denti
311 1370 491 1414 fhccefforem
509 1374 619 1416 eligant
635 1397 646 1412 ,
672 1375 706 1407 Θ
723 1381 848 1415 propter
872 1374 1088 1416 longitudinem

207 1422 327 1453 itineris
348 1433 407 1455 non
417 1425 490 1463 jam
509 1422 565 1455 huc
586 1421 798 1464 consecrandus
814 1447 825 1462 ‚
842 1428 899 1463 qui
911 1422 1018 1454 elec'i'us
1029 1422 1067 1460 est
1078 1446 1089 1461 ,

208 1475 339 1510 veniat,
360 1470 419 1513 sed
437 1471 516 1504 hunc
535 1470 695 1514 Episcopi,
721 1475 774 1513 qui
794 1470 833 1508 ab
854 1470 974 1503 obeunte
989 1469 1090 1509 Archi-

209 1517 353 1561 Epifiopo
362 1519 594 1563 consecratifimt
604 1519 707 1562 ,fimul
714 1525 880 1565 congregati
889 1519 1083 1558 constituant:

208 1569 288 1602 Sane
297 1574 418 1602 interim
430 1577 462 1603 in
475 1570 577 1608 throno
597 1582 654 1604 non
661 1569 812 1615 sedentem
826 1595 836 1610 ‚
863 1571 898 1603 (θ’
905 1578 1021 1612 praeter
1032 1581 1090 1603 cor-

205 1625 269 1660 pus
282 1618 394 1658 Christi·
408 1631 465 1652 non
474 1617 706 1662 consecrantem,
727 1618 905 1662 priusquam
920 1620 1050 1652 Pallium
1071 1621 1090 1650 t:

207 1664 278 1711 sede
287 1669 423 1708 Romana
437 1675 604 1711 pereipiat,
622 1668 707 1709 ficuti
717 1665 884 1702 Galliarum
905 1680 1004 1701 omnes
1016 1693 1027 1709 ,
1054 1670 1089 1706 (θ’

210 1717 383 1760 Ειηηαηὶα
395 1742 408 1763 ‚
433 1720 467 1759 eb·
478 1720 605 1752 aliarum
614 1724 762 1764 regionum
773 1717 1012 1761 Archi-Episcopi
1021 1731 1086 1762 age·

208 1777 242 1799 re
249 1763 489 1809 comprobantur.
517 1769 664 1803 Primum
676 1767 927 1813 Neophytatum
938 1769 1086 1813 gentium

207 1814 526 1863 Archi-Episcopum
563 1821 687 1862 semper
713 1818 899 1858 nominavit
923 1842 934 1857 ‚
974 1816 1088 1861 praevie

207 1864 419 1904 confirmavit
430 1891 442 1908 ,
466 1868 500 1908 ὅς
510 1869 711 1907 consecravit
724 1869 897 1903 Romanus
907 1867 1063 1904 Pontifex
1075 1890 1086 1905 ‚

206 1923 305 1959 atque
322 1916 367 1950 ita
387 1916 541 1956 omnium
561 1919 785 1954 successorum
805 1917 1084 1955 consecrationem

205 1963 242 1999 δε
270 1966 417 2009 praeviam
438 1968 727 2007 confirmationem
750 1991 761 2008 ‚
788 1967 897 2002 nimiae
926 1966 1085 2002 distantiae

207 2016 290 2058 ergo
310 2017 451 2059 gratiose
470 2018 633 2052 remissam
648 2042 659 2058 ‚
687 2030 725 2052 ac
749 2018 924 2061 provinciae
946 2017 1084 2061 Synodo

207 2064 413 2109 delegatam,
439 2066 538 2109 pleno
550 2065 591 2100 ad
613 2068 644 2101 se
653 2067 722 2109 jure
742 2068 878 2110 spectare
889 2066 1084 2105 demonstra-

207 2113 256 2146 vit
266 2139 274 2146 .
303 2114 440 2152 Pessime
451 2116 550 2160 igitur
564 2115 764 2155 Hincrnarus
773 2117 912 2162 gratiam
930 2116 1023 2149 istam
1034 2127 1085 2150 co-

206 2172 304 2197 natus
324 2164 369 2197 est
388 2165 554 2203 demutare
575 2166 611 2199 in
639 2165 918 2210 autocephaliam.
944 2166 1000 2200 De
1018 2177 1087 2210 gra·

205 2213 291 2247 viori
303 2214 504 2251 Francorum
516 2216 805 2260 Metropolitarum
830 2224 992 2250 attentato
1011 2227 1084 2260 que·v

205 2263 286 2297 titur
296 2264 329 2297 in
344 2264 459 2298 litteris
471 2265 513 2299 ad
526 2265 748 2301 Arelatensem
767 2264 1085 2309 Archi—Episcopum

204 2312 362 2350 Pontifex
373 2314 515 2357 Joannes
525 2318 656 2350 octavus
668 2341 675 2354 .,
703 2315 784 2349 Proh
795 2317 888 2354 dolor!
899 2317 962 2348 cum
972 2322 1005 2348 in
1016 2317 1085 2349 Gal·

205 2365 254 2398 liae
259 2362 403 2406 partibus
414 2364 535 2407 essemus
548 2389 559 2408 ‚
588 2371 665 2401 inter
684 2375 794 2400 caetera
804 2377 897 2403 unum
918 2367 1084 2408 valde'pro·

206 2413 367 2447 bibendum
377 2419 550 2451 invenImas
565 2427 572 2447 ε
598 2417 814 2458 Metropolitae,
841 2423 1003 2459 antequam
1014 2417 1084 2449 Pal-

206 2464 279 2498 lium
290 2464 311 2494 ei
323 2466 342 2496 5
343 2464 398 2501 ede
410 2464 567 2506 apostolica
576 2464 742 2510 suscipiant
752 2489 762 2504 ,
785 2462 1026 2508 consecrationem
1031 2465 1085 2508 fa-

207 2523 269 2546 cere
272 2511 457 2555 praesumunt
471 2538 482 2554 ‚
506 2517 586 2556 quod
598 2517 786 2560 Anteeeffores
797 2516 884 2557 nostri
894 2539 905 2556 ‚
931 2517 965 2550 <vr
976 2526 1028 2549 nos
1039 2527 1086 2548 ca-

206 2568 307 2595 nonico
320 2564 501 2604 decreto‚ne
509 2563 610 2605 fieret,
637 2559 868 2600 interdikimus'.
897 2566 1084 2600 Adversum

206 2611 304 2645 dietas
316 2613 488 2647 Hincmari
510 2626 613 2659 nugas
625 2615 741 2649 definit
752 2615 871 2650 Canon
893 2616 993 2649 etiam
1006 2615 1083 2648 istos

205 2662 461 2707 Metropolitas,
488 2665 544 2707 qui
557 2664 666 2708 quoad
690 2665 792 2703 solam
804 2665 902 2699 Pallii
914 2666 1083 2703 dationem

207 2710 227 2744 ὲ
240 2711 396 2750 Romano
410 2713 572 2750 Pontifice
584 2715 769 2759 dependent
781 2740 791 2755 ‚
818 2715 998 2759 dependere
1021 2724 1056 2748 ut
1067 2715 1084 2749 a

207 2759 392 2800 Patriarcha
405 2787 416 2803 ,
442 2774 509 2798 non
521 2764 582 2798 esse
594 2765 826 2809 autocephalos
837 2791 847 2808 ‚
874 2765 937 2800 effe
948 2765 1011 2809 juri
1025 2766 1086 2802 Pa-

208 2810 384 2848 triatchico
398 2813 491 2859 plene
503 2813 660 2858 subjectos
672 2840 679 2850 2

259 2860 352 2897 Hinc
375 2863 513 2900 inferens
524 2864 621 2898 tertio
643 2865 760 2903 definit
781 2864 901 2900 Canon
925 2864 1082 2908 ejusmodi

208 2910 441 2953 Metropolitas
460 2916 573 2956 possea
586 2916 644 2949 suo
666 2914 851 2950 Patriarcha
862 2916 902 2950 ad
923 2916 1029 2953 sedem
1050 2916 1083 2949 &

209 2960 378 2998 civitatem
390 2961 636 3001 patriarchalem
649 2990 658 3005 ‚
687 2964 832 3009 adeoque
856 2967 890 2999 δε
900 2966 918 2999 ὲ
932 2966 1082 3000 Domino

209 3008 298 3053 Papa
311 3009 454 3045 Romam
465 3016 591 3047 evocari
601 3041 611 3054 ‚
639 3026 680 3048 ex
691 3014 815 3049 duabus
827 3017 998 3058 praesertim
1008 3026 1082 3049 cau-

209 3060 249 3094 fis
262 3085 268 3090 .
295 3059 407 3097 Primo
420 3086 430 3102 ,
455 3064 498 3094 ad
503 3062 670 3104 synodalem
680 3075 854 3101 conventum
867 3089 877 3107 ,
904 3065 936 3099 id
948 3065 992 3099 est
1003 3091 1013 3104 ,
1042 3065 1081 3098 ad

211 3110 314 3146 totius
327 3110 498 3144 dioeceseos
512 3113 682 3154 Synodum
697 3115 948 3151 patriarchalem
961 3141 969 3151 2
995 3114 1082 3148 Defi-

211 3160 263 3194 nit
274 3158 421 3197 adversus
430 3162 581 3196 eumdem
602 3163 820 3198 Hincmarum
832 3191 842 3205 ,
868 3165 923 3208 qui
938 3165 1082 3198 Nicolao

212 3209 318 3254 primo
329 3209 503 3252 Pontifici,
532 3213 689 3255 quosdam
701 3226 801 3257 nuper
813 3215 1003 3248 Gallicanos
1012 3214 1086 3256 Epi·

213 3261 328 3306 scopos
349 3261 389 3295 ad
412 3261 593 3298 istiusmodi
614 3263 704 3299 suam
716 3263 888 3305 Synodum
911 3265 1082 3303 evocanti,

214 3311 389 3352 pei->Caroli
401 3312 495 3345 Calvi
510 3312 611 3356 Regis
622 3313 784 3349 calamum
797 3313 997 3355 responderat
1022 3325 1084 3345 ma-

208 3361 303 3399 jorem
310 3369 430 3401 partem
440 3367 566 3398 omnium
579 3366 611 3395 E
607 3361 789 3405 piscoporum
802 3364 848 3395 die
868 3362 1007 3405 noiiuque
1016 3374 1082 3395 cum

213 3410 423 3452 aliisfidelibus
442 3421 545 3446 contra
553 3419 676 3455 piratas
698 3418 860 3446 maritimos
872 3435 883 3451 ,
907 3411 1082 3457 grassantes

1151 265 1356 306 'impediantur
1376 257 1504 301 venire(
1526 263 1576 297 Eo
1597 273 1743 306 tempore
1762 278 1804 300 ex
1824 268 1958 303 induero
1971 282 2025 312 pet

1154 313 1312 348 Carolum
1322 313 1514 355 Marcellum
1527 313 1660 356 peffimo
1671 324 1762 348 more
1775 314 1925 362 Episcopi
1938 321 1965 353 F
1966 331 2035 354 ran-

1154 376 1268 399 corum
1287 365 1322 398 &
1333 365 1454 407 Clerici
1468 364 1605 408 propriis
1616 362 1723 397 adhuc
1745 365 1897 403 manibus
1910 381 2033 414 pugna.

1154 414 1233 448 bant
1246 415 1279 448 in
1291 415 1402 459 Regio
1411 417 1560 452 exercitu
1571 438 1581 453 ,
1606 413 1643 451 ,δι
1652 413 1775 453 dudum
1789 415 1898 457 postea
1912 428 2031 461 pugna-

1154 476 1287 499 verunt.
1315 464 1427 501 Etiam
1449 463 1513 499 haec
1530 464 1695 505 alaudam
1707 463 1872 505 pontifice
1892 466 2034 504 ,addusta

1154 516 1189 548 in
1203 516 1266 549 suis
1290 514 1331 549 ad
1350 514 1475 555 dictum
1495 515 1621 558 Regem
1643 514 1757 548 litteris
1778 516 1894 554 verba,
1920 519 2033 551 Dicunt

1153 566 1234 607 quod
1243 563 1402 608 Episcopos
1414 565 1452 599 de
1461 572 1560 610 regnis
1574 563 1682 604 vestris
1700 567 1826 597 Romam
1839 567 1883 598 ad
1890 568 1911 598 5
1907 568 2035 605 ,nodum

1154 616 1296 649 mittendi
1306 616 1448 656 neceffltas
1458 627 1515 649 non
1525 613 1650 659 postulet
1661 638 1672 654 ,
1688 615 1760 647 sunt
1773 614 1915 649 omnino
1931 617 2036 652 Hinc-

1154 665 1252 705 mari‚
1262 665 1408 709 consueti
1420 665 1530 700 dicere
1542 680 1553 700 .·
1571 663 1797 708 Consueverunt
1812 668 2034 707 Metropolitani

1152 714 1199 754 bis
1213 720 1245 746 in
1257 714 1443 757 annofacere
1455 718 1578 754 synodos
1592 739 1603 756 ,
1627 717 1749 757 ideoque
1770 716 1815 748 ad
1825 717 2032 754 Patriam-bale

1148 765 1271 805 penitus
1284 776 1341 807 non
1349 764 1427 809 poffe
1446 761 1611 806 concurrere
1621 774 1724 808 caput.
1755 764 1926 808 Usurpatae
1941 776 2037 800 auto·

1152 813 1307 855 cephaliae
1317 815 1400 855 fastu
1426 816 1575 857 tumebat
1586 815 1789 850 Hincmatus
1803 839 1814 856 ,
1840 815 1980 857 ideoque
1991 816 2034 850 ab

1153 863 1247 896 omni
1284 862 1495 906 patriarchali
1515 864 1653 910 Synodo
1666 891 1677 907 ‚
1702 867 1852 906 imitatus
1878 865 2037 900 vetustam

1154 912 1388 956 Ravennatem
1402 912 1762 961 Archi-Episcoporum
1772 915 1954 959 superbiam
1966 940 1976 956 ,
2003 917 2036 950 se

1152 962 1331 998 blaterabat
1341 974 1530 1008 exemptum
1541 992 1548 999 .
1577 966 1621 1001 Et
1635 965 1719 1002 hanc
1746 966 1953 1000 insolentiam
1968 977 2040 1008 prae÷
2061 975 2196 1016 Epistm

1153 1015 1222 1048 sens
1234 1013 1354 1048 Canon
1367 1037 1379 1054 ,
1407 1026 1466 1048 nec
1489 1026 1558 1050 non
1579 1017 1615 1058 in
1634 1016 1780 1051 adductis
1802 1016 1920 1056 litteris
1934 1016 2036 1055 Nico-

1153 1065 1223 1106 laus
1236 1064 1360 1108 primus
1370 1064 1458 1109 large
1468 1066 1614 1100 refutant
1624 1091 1632 1098 .

1202 1113 1315 1149 Altera
1326 1115 1572 1156 evocandorum
1582 1115 1873 1160 Metropolitarum
1885 1118 1980 1150 causa
1987 1118 2035 1155 est

1152 1164 1197 1197 ad
1219 1166 1404 1200 coercendum
1429 1166 1494 1199 illos
1514 1167 1760 1210 &corrigendum
1773 1192 1784 1207 ,
1808 1178 1874 1200 cum
1892 1165 2038 1208 samaeas

1146 1213 1238 1258 super
1280 1214 1460 1259 quibusdam
1514 1216 1630 1255 deliciis
1658 1215 1787 1259 fhrfitan
1822 1215 2006 1260 accusaverit
2027 1241 2037 1248 .

1148 1265 1263 1300 'Etiam
1288 1266 1520 1307 haecdicuntur
1543 1269 1579 1301 in
1592 1267 1838 1307 Hincmarum,
1865 1267 1920 1316 qui
1943 1266 2039 1310 aRe-

1153 1315 1316 1351 menlibus
1336 1328 1392 1361 pet
1417 1316 1590 1357 Ebbonem
1614 1316 1930 1362 Archi-Episcopum
1950 1315 2038 1351 ordi-

1154 1368 1239 1402 natis
1249 1367 1387 1402 Clericis
1401 1391 1413 1408 ,
1425 1367 1444 1401 ὲ
1455 1367 1624 1402 Rothaldo
1636 1367 1852 1402 Sueffionenfi
1866 1379 1903 1401 ac
1914 1376 2035 1410 nepote

1152 1418 1209 1456 suo
1231 1418 1416 1450 Hincmaro
1438 1417 1645 1451 Laudunenfi
1673 1418 1844 1460 Episcopis
1867 1439 1879 1455 ‚
1903 1415 1944 1449 ab
1969 1416 2038 1458 ejus

1152 1464 1329 1508 tyrannico
1349 1465 1574 1500 damnationis
1584 1465 1707 1508 judicio
1721 1466 1864 1499 Romam
1876 1463 2038 1509 appellan-

1152 1514 1240 1552 tibus
1254 1540 1265 1555 ,
1292 1526 1354 1562 nec
1381 1526 1449 1549 non
1462 1515 1481 1549 a
1494 1517 1639 1551 Nicolao
1653 1516 1760 1559 primo
1783 1527 1821 1550 ac
1834 1513 1983 1548 Adriano
1995 1514 2039 1548 se-

1152 1565 1264 1601 cundo
1282 1564 1523 1606 Pontificibus,
1550 1565 1649 1600 distas
1661 1566 1896 1609 appellationes
1918 1564 2035 1599 admit-

1151 1614 1295 1652 tentibus
1308 1639 1319 1655 ,
1346 1614 1492 1652 Romam
1502 1625 1654 1652 evocatus
1668 1639 1679 1655 ‚
1705 1625 1756 1653 tot
1769 1626 1933 1650 morarum
1947 1638 1958 1653 ‚
1978 1623 2038 1648 ter-

1150 1664 1431 1708 giversationum,
1458 1664 1706 1699 mendaciorum
1718 1689 1729 1705 ‚
1754 1664 2036 1700 contumaciarum

1151 1708 1296 1760 vstrophas
1322 1714 1496 1752 contexuit
1515 1739 1526 1755 ,
1552 1724 1589 1748 ut
1617 1713 1813 1749 chamaleon
1841 1739 1852 1754 ,
1878 1713 2038 1752 secundus

1151 1763 1352 1803 Dioscorus,
1377 1764 1527 1800 &novus
1548 1762 1678 1800 Pharao
1701 1765 1852 1800 meruerit
1865 1763 1883 1796 a
1896 1762 2031 1796 laudato

1147 1805 1298 1848 Nicolao
1308 1812 1480 1855 appellari.
1508 1813 1607 1850 Hanc
1622 1813 1771 1847 Canonis
1794 1823 1919 1859 partem
1941 1813 2037 1856 respi-

1150 1861 1195 1894 cit
1216 1861 1250 1894 in
1283 1860 1399 1895 litteris
1418 1861 1457 1896 ad
1470 1862 1650 1898 Ecclesiam
1662 1863 1947 1898 Mediolanensem
1959 1865 2038 1897 San-

1149 1912 1215 1945 stus
1236 1911 1442 1946 Bernardus:
1469 1912 1565 1952 Potest
1586 1917 1722 1947 Romana
1744 1913 1873 1955 Ecclefiae
1894 1914 2035 1956 &finibus
2059 1918 2141 1958 Epist,
2155 1930 2218 1957 131·

1150 1970 1240 1998 ferree
1262 1960 1404 2004 sublimes
1425 1960 1621 2003 quascumque
1648 1962 1792 2005 persinas
1818 1964 2033 2004 Ecclefiasticas

1149 2022 1268 2044 evocare
1296 2011 1434 2055 &cogere
1458 2012 1503 2043 ad
1516 2010 1606 2054 suam
1623 2012 1843 2056 praesentiam,
1869 2025 1926 2046 non
1943 2013 2035 2056 semel

1149 2069 1205 2094 aut
1215 2060 1262 2092 bis
1272 2084 1283 2101 ‚
1305 2059 1363 2103 sed
1371 2066 1485 2103 quoties
1495 2063 1635 2103 expedire
1649 2063 1768 2096 videbit
1777 2088 1784 2095 .
1810 2063 1914 2112 Qod
1927 2065 2032 2107 ipsum

1149 2109 1183 2142 in
1195 2109 1312 2144 litteris
1323 2111 1363 2145 ad
1379 2110 1530 2145 eumdem
1543 2111 1743 2149 Pontificem
1756 2114 1937 2152 Nicolaum
1948 2137 1960 2152 ,
1978 2126 2036 2147 ex-

1149 2160 1308 2194 stantibus
1328 2160 1415 2205 apud
1437 2161 1659 2197 Flodoardum
1675 2163 1709 2197 in
1732 2159 1868 2199 historia
1880 2164 2031 2198 Eccleliae

1150 2209 1320 2245 Remenfis
1333 2234 1344 2254 ‚
1369 2211 1479 2247 noster
1500 2211 1671 2252 Remenfis
1691 2213 1886 2248 chamaleon
1910 2225 1950 2247 ex
1964 2226 2032 2248 ver-

1150 2261 1248 2294 satilis
1265 2261 1311 2294 sui
1324 2262 1448 2306 ingenii
1473 2270 1540 2296 arte
1550 2264 1595 2296 est
1609 2263 1742 2298 tandem
1765 2266 1944 2298 confeffus.
1975 2267 2032 2297 Di-¹
2052 2265 2196 2303 L·3·e·13·

1143 2321 1237 2354 gnum
1260 2312 1295 2344 <9⁹
1297 2310 1411 2351 justum
1422 2311 1460 2351 est
1471 2336 1482 2352 ‚
1508 2322 1543 2345 ut
1551 2323 1757 2356 quemcumque
1783 2312 1960 2356 Episcopum
1971 2318 2029 2347 Ro-

1147 2372 1255 2393 manus
1267 2361 1410 2402 Pontifex
1429 2359 1511 2404 adse
1523 2366 1648 2396 Romam
1660 2371 1761 2396 venire
1771 2366 1963 2397 mandaverit
1974 2387 1984 2403 ‚
2003 2364 2035 2407 fi

1147 2410 1306 2452 infirmitas
1319 2413 1371 2444 vel
1386 2410 1512 2455 gravior
1523 2424 1711 2456 quaecumque
1723 2415 1864 2453 neceffitas
1878 2439 1888 2455 ‚
1915 2416 2030 2448 velim,

1144 2460 1314 2502 possibilitas
1325 2483 1336 2499 ,
1355 2460 1430 2502 sicut
1442 2460 1524 2508 sacri
1533 2463 1696 2507 praefigunt
1707 2468 1844 2497 Canones
1855 2490 1865 2505 ,
1892 2476 1956 2498 eum
1969 2476 2028 2497 non

1148 2512 1329 2550 detinuerit,
1355 2512 1401 2544 ad
1418 2512 1500 2547 ,illum
1521 2519 1623 2550 venire
1638 2513 1781 2554 studeat:
1811 2516 1906 2549 Multo
1928 2519 2026 2558 magis

1147 2567 1237 2593 etiam
1256 2566 1303 2601 is,
1331 2572 1415 2603 quem
1435 2571 1493 2603 pro
1514 2564 1634 2605 querela
1655 2562 1736 2606 adse
1758 2575 1932 2606 quocumque
1943 2566 2027 2597 modo

1147 2611 1323 2646 clamantem
1332 2610 1503 2654 praeJ‘entiae
1517 2611 1545 2656 s
1539 2625 1585 2646 uae
1591 2615 1714 2654 judicat
1737 2613 1935 2647 exhibendum
1950 2639 1957 2645 .
1984 2618 2031 2646 Et

1147 2666 1318 2703 quicumque
1330 2663 1442 2695 viderit
1459 2664 1511 2700 vel
1518 2665 1648 2698 audierit
1657 2689 1667 2704 ,
1696 2665 1776 2706 quod
1788 2667 1853 2696 Rex
1865 2665 1899 2696 (Ὗ
1910 2662 2031 2705 Episco-

1143 2715 1178 2752 pi
1189 2710 1349 2752 Apostolicae
1362 2712 1444 2746 Sedis
1451 2711 1599 2757 summum
1611 2712 1778 2755 Pontificem
1791 2714 1929 2755 prompt?
1944 2712 2030 2745 obau-

1148 2761 1237 2792 diunt
1252 2762 1286 2794 ὢ·
1299 2760 1441 2796 honorant
1455 2787 1466 2801 ‚
1486 2764 1654 2805 promptius
1678 2766 1712 2797 (5
1722 2763 1859 2796 humilius
1877 2769 1920 2796 eis
1930 2760 2029 2804 ‘subje-

1147 2809 1239 2852 c‘lisui
1251 2811 1383 2844 obedient
1393 2837 1400 2843 .
1430 2812 1473 2846 Et
1486 2811 1571 2847 hanc
1583 2811 1805 2849 obedientiam
1821 2813 1950 2856 praesens
1964 2812 2026 2846 Ca-

1149 2872 1215 2894 non
1239 2862 1430 2897 confirmat.
1458 2863 1621 2906 Loquitur
1631 2863 1671 2900 de
1682 2862 1757 2896 solis
1770 2862 2022 2907 Metropolitis:

1147 2910 1250 2961 Qod
1264 2911 1522 2948 provincialium
1535 2913 1770 2956 Episcoporum
1784 2913 1886 2958 prima
1897 2937 1907 2954 ‚
1921 2912 2021 2947 etiam

1146 2961 1323 2998 criminalis
1343 2987 1353 3002 ,
1383 2962 1535 2997 instantia
1556 2963 1671 3008 spetiet
1685 2960 1725 2996 ad
1749 2962 1999 3006 Metropolitarn
2015 2988 2026 3004 ,

1145 3013 1178 3047 ὃς
1188 3011 1277 3053 quod
1289 3011 1352 3045 huc
1367 3014 1465 3057 usque
1475 3023 1588 3046 eorum
1606 3011 1714 3046 nullus
1726 3013 1940 3047 recalcitraret
1954 3012 2026 3046 Ro-

1147 3063 1253 3094 manis
1263 3062 1509 3097 evocationibus
1519 3084 1530 3100 ,
1554 3061 1606 3096 {ed
1619 3062 1726 3096 cuncti
1740 3062 1781 3096 ad
1807 3074 1861 3096 eas
1872 3062 2024 3097 adversus

1147 3111 1418 3147 Hincmarianam
1434 3112 1563 3147 suorum
1576 3112 1863 3156 Metropolitarum
1878 3110 2026 3156 tyranni-

1147 3161 1219 3194 dem
1233 3161 1465 3203 proclamarent
1476 3185 1483 3196 .,
1897 3158 1900 3162 ’

1196 3210 1307 3247 Etiam
1330 3209 1398 3244 haec
1422 3211 1523 3246 nostri
1537 3211 1686 3246 Canonis
1697 3236 1708 3253 2
1734 3214 1768 3247 δε
1780 3213 1885 3258 quarti
1909 3212 1950 3247 ab
1963 3212 2024 3247 illo

1148 3258 1274 3294 definiti
1287 3259 1382 3295 verba
1395 3285 1405 3300 ,
1431 3265 1457 3293 A
1470 3262 1574 3296 mundi
1588 3261 1777 3306 Principibus
1786 3262 1821 3306 se
1832 3265 1959 3298 detineri
1961 3262 2022 3305 fine

1146 3316 1258 3343 ratione
1283 3308 1443 3352 causantur
1468 3334 1478 3350 ‚
1503 3320 1621 3354 petunt
1647 3313 1864 3351 ,Hincmarum
1891 3338 1902 3353 ‚
1930 3312 2022 3353 cujus

1147 3360 1301 3393 ultimum
1322 3360 1355 3393 &
1370 3362 1620 3405 peremptorium
1646 3363 1796 3398 adversus
1807 3360 1940 3398 Nicolai
1961 3360 2022 3402 pri-

1146 3409 1192 3443 mi
1217 3410 1250 3443 δε
1277 3408 1415 3444 Adriani
1442 3411 1573 3446 secundi
1599 3410 1804 3449 Pontificum
1829 3436 1854 3458 ’⁷
1876 3412 2020 3445 Romam

1838 3469 1974 3495 evocan-
