2340 3762
71 1507 159 1550 Epist·
183 1517 226 1540 ιι.

61 2189 197 2230 sputu.

65 2570 94 2600 1³.
109 2579 175 2607 39²·

58 2988 175 3021 Luc-8.

57 3101 131 3142 Cap.
148 3114 159 3134 ι
167 3113 191 3143 5.

54 3223 77 3253 L
92 3221 216 3260 7.Epist.

60 3271 122 3293 110.

649 159 719 192 nc
753 155 990 190 octava
1025 142 1271 190 Srnono
1304 137 1647 190 Gnnn'nsn.

397 296 998 350 cinnanum.

258 444 374 511 Qod
386 450 573 496 Diaconus
591 464 658 495 non
669 437 844 518 first-epto
855 445 1137 510 Presbyteratus

407 513 529 578 officio
551 517 653 588 apud
688 537 750 565 nos
777 515 981 588 Episcopus

594 590 779 639 ordinetur
789 623 803 639 .

347 724 581 769 Ntiquiffimus
602 729 764 765 Romanae
785 740 824 764 ac
850 728 961 764 omnis
971 726 1031 763 sub
1048 726 1133 763 coelo

259 780 262 783 ⁴
377 777 524 814 Eccleszae
536 790 627 820 mos,
655 791 710 825 per
720 778 892 823 synodum
913 777 1134 814 Sardicensem

254 827 468 862 confirmatus
479 851 491 868 ‚
501 839 570 863 non
583 828 690 865 solum
701 829 931 872 Presbyterum
941 853 953 870 ,
969 828 1023 862 sed
1034 827 1132 861 etiam

253 875 448 911 Diaconum
470 878 613 918 permitit
635 879 715 922 eligi
735 880 768 911 in
789 878 1008 921 Episcopum:
1038 876 1132 911 Hinc

251 924 429 967 impudens
449 922 612 966 Photius,
636 926 725 960 suam
747 925 766 959 ὲ
785 925 1132 970 Laico‚praevaricato-

247 973 334 1009 tiam
344 974 535 1010 electionem
547 975 656 1011 alieno
669 977 754 1011 vitio
764 976 872 1011 fucare
889 976 1030 1011 moliens
1042 1000 1054 1017 ‚
1079 988 1130 1011 ca-

248 1023 405 1058 lumniari
421 1036 482 1059 nos
508 1036 577 1059 non
598 1026 749 1067 erubuit,
777 1025 868 1070 quod
893 1027 1065 1062 Diaconos
1074 1038 1130 1071 pet

247 1072 366 1109 saltum
381 1074 416 1107 in
429 1073 608 1119 Episcopos
630 1077 664 1112 δε
675 1077 871 1121 eligeremus
892 1077 926 1111 ὅ(
936 1078 1130 1112 consecrare·

247 1131 322 1158 mus
332 1149 340 1156 .
368 1123 494 1160 Verum
511 1122 695 1169 hujusmodi
706 1128 823 1162 saltum
837 1128 959 1162 fuimus
971 1138 1047 1161 cum
1059 1125 1128 1162 om-

245 1163 287 1208 ni
295 1172 357 1207 sub
375 1174 462 1209 coelo
482 1175 623 1211 Ecclesia
645 1178 766 1221 semper
776 1177 930 1212 acerrime
958 1176 1127 1212 detestati.

247 1221 387 1258 Etenim
410 1221 595 1269 ischyram,
619 1227 730 1263 Sansti
753 1225 925 1263 Athanasii
947 1227 1129 1263 calumnio-

246 1272 319 1310 sum
341 1276 560 1313 accusatorem
577 1301 593 1318 2
611 1288 708 1321 quem
730 1288 787 1323 per
807 1278 923 1313 saltum
943 1276 1127 1313 Eusebiana

244 1323 349 1359 factio
359 1327 561 1361 consecrarat
574 1326 607 1361 in
624 1329 845 1372 Episcopum,
871 1328 1041 1363 damnavit
1060 1329 1128 1363 lau-

245 1372 323 1410 data
334 1376 440 1410 nostra
451 1377 605 1420 Synodus
616 1378 810 1412 Sardicensis
819 1403 826 1411 .
854 1379 940 1413 Rem
952 1378 1061 1413 lucide
1071 1390 1128 1413 ex-

244 1433 377 1467 ponunt
398 1425 433 1459 in
457 1426 572 1460 litteris
592 1427 633 1461 ad
645 1427 857 1471 AEgyptiacae
874 1428 1052 1462 dioeceseos
1062 1428 1127 1463 Re-

242 1475 347 1508 stores
358 1498 369 1515 ,
395 1474 598 1509 exstantibus
607 1477 677 1519 post
689 1475 832 1519 Tyriam
844 1475 1018 1518 synodum
1030 1500 1041 1515 ,
1051 1477 1123 1511 Ma·

240 1524 366 1558 reolitae
374 1524 527 1574 gegionis
545 1523 728 1569 Presbyteri
750 1535 789 1559 ac
799 1525 944 1560 Diaconi
960 1537 967 1558 :
994 1524 1124 1567 Iscbyras

241 1572 280 1613 est
301 1572 385 1606 bomo
402 1576 523 1607 minim&
537 1574 687 1615 Presbyter
697 1600 709 1616 ,
733 1574 851 1616 tametfi
865 1574 896 1615 fe
905 1586 937 1608 eo
949 1583 1066 1609 nomine
1068 1579 1122 1616 ja-

241 1622 328 1656 o‘litet
338 1647 349 1662 ‚
373 1625 484 1665 quippe*
494 1625 651 1661 ordinatus
665 1627 687 1656 ἃ
697 1625 811 1658 colluto
833 1625 961 1667 quodam
970 1647 982 1663 ,
1005 1635 1064 1657 non
1074 1636 1124 1658 ve-

239 1681 295 1712 ro,
315 1669 374 1715 sed
381 1678 559 1717 imaginario
568 1672 732 1717 Episcopo,
757 1680 804 1708 cui
812 1680 847 1707 in
853 1675 989 1717 generali
1013 1677 1122 1714 synodo

240 1721 282 1755 ab
302 1721 383 1762 H‘fiO
403 1723 594 1757 &acaeterts
619 1722 800 1768 Epi-scopis,
824 1725 945 1767 quium?
964 1726 1095 1759 aderant
1108 1750 1119 1766 ‚

233 1771 343 1815 jufficm
355 1771 443 1814 fuit,
473 1780 506 1807 ut
510 1771 543 1816 se
557 1782 615 1815 pro
626 1774 818 1814 Presbytero,
842 1775 940 1817 qualis
953 1775 1120 1816 antedfue·

237 1831 291 1853 rat
303 1844 316 1861 ,
341 1820 463 1856 baberet
473 1846 486 1864 ‚
512 1833 603 1866 atque
621 1825 688 1858 ideo
697 1836 796 1858 omnes
817 1824 857 1858 ab
874 1836 907 1858 eo
923 1824 1078 1864 constituti·
1086 1830 1120 1856 in

234 1870 463 1913 veteremsuum
483 1875 619 1907 ordinem
628 1883 816 1909 recurrerunt
828 1899 835 1906 .
861 1872 1024 1916 lschyram
1044 1873 1119 1906 fuis·

235 1917 321 1954 seab
329 1918 439 1955 Hosio
457 1921 498 1955 ad
511 1923 613 1956 laicos
634 1925 788 1967 rejectum
800 1923 935 1958 testatur
953 1924 988 1957 in
1002 1923 1119 1964 litteris

234 1969 277 2003 td
286 1980 404 2005 omnes
419 1971 478 2005 sub
490 1971 576 2007 coelo
585 1971 769 2017 Episcopos
792 1971 1001 2008 orthodoxos
1012 1975 1118 2016 Syno-

234 2017 297 2052 dus
307 2019 554 2054 Alexandrina.
583 2021 662 2054 Alia
683 2024 765 2056 item
775 2022 918 2064 ejusdem
941 2023 1117 2058 dioeceseos

235 2067 392 2111 synodus
413 2068 450 2102 in
473 2069 590 2103 litteris
606 2094 617 2111 ,
645 2070 716 2114 post
738 2070 910 2113 synodum
934 2071 1117 2106 Chalcedo-

235 2119 372 2152 nensem
389 2118 592 2154 exstantibus
601 2132 618 2161 ,·
642 2118 684 2154 ad
703 2119 851 2155 Leonem
874 2120 1063 2165 Augustum
1074 2123 1115 2157 de

234 2168 294 2203 suo
305 2167 636 2204 Pseudo-Patriarcha
656 2169 844 2204 Timotheo
865 2170 991 2204 AEluro
1011 2172 1115 2216 queri-

235 2226 308 2251 tur:
332 2217 497 2262 Episcopus
500 2217 564 2260 fine
581 2230 688 2252 manus
699 2218 876 2262 impositione
903 2220 1037 2262 exstitit,
1057 2220 1118 2264 sed

234 2278 324 2310 neque
329 2274 459 2310 priorem
481 2269 594 2302 babens
605 2269 826 2308 Presbyter-atus
837 2272 983 2319 Ordinem
993 2271 1114 2313 Baptis-

231 2328 284 2350 ma
286 2317 365 2359 feru
376 2343 388 2359 ,
412 2321 556 2353 &omnes
580 2325 783 2362 operationes,
807 2331 877 2363 quae
895 2325 923 2354 ei
944 2322 1112 2355 nullatenus

229 2378 318 2411 agere
332 2369 534 2411 competebant
545 2394 556 2410 ,
581 2375 724 2403 exercuit.
752 2369 901 2404 Priorem
916 2380 1040 2413 partem
1061 2383 1112 2405 ex·

230 2417 369 2458 ponitin
381 2421 527 2453 virorum
547 2418 725 2453 illustrium
746 2419 900 2465 catalogo
920 2420 1112 2456 Gennadius

60 2458 134 2495 (3²9⁸
149 2460 195 2494 ⁶9·
229 2466 453 2502 Maffilienfis:
481 2469 649 2504 Timotheus
654 2469 756 2513 paffus
774 2469 813 2511 cst
822 2468 855 2512 se
866 2470 905 2503 ab
924 2482 982 2504 uno
992 2470 1129 2514 sipisim}

224 2523 267 2559 po
276 2516 453 2560 Epist-opum
460 2518 527 2560 fieri
540 2544 547 2552 .
574 2519 791 2554 Posteriorem
817 2521 851 2553 in
863 2520 993 2555 erudito
1008 2521 1050 2555 de
1070 2523 1115 2556 sa-

229 2566 293 2601 cris
303 2567 578 2603 ordinationibus
587 2580 684 2613 opere
697 2568 833 2614 Iacobus
844 2570 973 2604 Hallier
984 2571 1116 2614 Episco-

230 2627 291 2659 pus
317 2618 551 2652 Cavalonensis
576 2630 584 2651 t
612 2624 685 2653 Non
707 2627 780 2661 puto
804 2618 1009 2663 reprehensam
1020 2620 1110 2665 fuiffi

229 2666 350 2710 Baptis
343 2673 385 2700 mi
402 2670 585 2702 collationem
602 2671 623 2702 ἃ
636 2681 694 2703 non
707 2670 875 2709 Presbytero
886 2695 897 2710 ,
923 2681 994 2703 nam
1005 2673 1026 2703 ἀ
1038 2675 1110 2704 Dia-

229 2723 309 2750 conis
325 2717 582 2763 Baptismafuiffe
594 2721 733 2754 collatum
738 2719 816 2763 satis
840 2720 975 2762 ufitatum
981 2720 1046 2762 fuit
1057 2734 1111 2755 an-

229 2768 356 2810 tiquitus
369 2781 378 2811 ;
403 2767 462 2811 sed
471 2768 522 2801 boc
533 2772 666 2804 maxim?
674 2770 803 2810 existimo
814 2770 987 2813 reprehendi
996 2796 1007 2812 ,
1031 2774 1112 2815 quid

227 2823 280 2857 qui
300 2818 454 2857 Presbyter
481 2831 539 2852 non
558 2821 640 2863 effet,
668 2819 831 2863 Episcopus
853 2829 968 2854 creatus
987 2820 1048 2863 fit,
1074 2823 1108 2856 δ’

229 2864 423 2908 Episcopalia
440 2875 542 2902 munia
556 2894 566 2909 ‚
587 2878 667 2912 puta
690 2869 842 2913 Baptismi
863 2872 1042 2904 collationem
1062 2870 1109 2914 so-

227 2916 366 2956 lennem,
393 2928 459 2958 quae
480 2925 566 2953 certis
590 2920 691 2953 diebus
718 2919 863 2963 Episcopo
872 2919 1083 2963 reservabatur
1095 2947 1105 2962 ‚

228 2965 264 2998 <w
275 2967 338 2998 alia
349 2965 514 3009 hujusmodi
524 2968 675 3012 usurparit
686 2995 694 3002 .
723 2969 881 3004 AElurum
902 2971 992 3003 enlm
1008 2972 1106 3006 invasi

227 3014 444 3059 Episcopatus
469 3027 616 3062 tempore
633 3044 644 3060 ,
671 3020 747 3054 licet
769 3021 862 3054 fuiffe
875 3019 1105 3063 Presbyterum

227 3064 376 3099 adfirmet
387 3065 545 3111 Evagrius
558 3067 804 3112 Epiphanienfis
817 3096 828 3111 ,
854 3071 949 3104 fuiffe
969 3081 1011 3104 ex
1023 3071 1106 3106 Dio-

227 3115 310 3149 seori
321 3116 489 3150 creatione
500 3118 709 3154 solummodo
724 3121 914 3154 Diaconum
937 3120 1043 3155 lucide
1069 3121 1102 3154 in

227 3165 398 3199 Breviario
410 3165 552 3200 insinuat
563 3167 736 3203 Liberatus
749 3169 1015 3214 Carthaginenfis
1025 3196 1032 3203 .
1045 3168 1104 3204 'Et

227 3215 268 3249 ad
280 3216 453 3260 Syagrium
467 3216 798 3261 Augustodunensem
812 3220 1008 3262 Episcopum
1031 3221 1104 3254 scri-

227 3263 275 3298 bit
287 3265 417 3299 Sanaus
441 3266 620 3312 Gregorius
638 3269 802 3313 Magnus:
831 3270 979 3302 Ordinato}
996 3271 1041 3303 ad
1049 3275 1103 3303 Or-

228 3316 314 3348 dines
347 3314 581 3358 adscendendum
594 3317 631 3358 est
646 3343 655 3359 ‚
682 3329 753 3351 nam
773 3316 870 3361 casum
889 3325 1005 3360 appetit
1017 3343 1028 3359 ,
1052 3327 1102 3362 qui

227 3364 272 3395 αεὶ
277 3363 387 3407 summi
397 3366 448 3399 loci
451 3367 576 3412 fastigia
581 3366 740 3410 postpositis
746 3368 893 3412 gradibus
899 3376 957 3410 per
974 3369 1101 3412 abrupta

225 3421 335 3454 quaertt
345 3415 532 3460 adscensum.
560 3419 643 3463 Agit
664 3419 700 3453 in
723 3416 980 3463 Neophytorum
1004 3420 1104 3456 fimo-

1115 3463 1123 3516 l

1908 166 2003 211 349

1201 223 1329 259 niacam
1340 221 1477 258 haerefim
1491 246 1503 264 ,
1527 222 1595 267 ejus
1606 234 1714 260 tamen
1726 225 1829 263 sermo
1839 228 1950 264 locum
1964 234 2074 268 omni*

1201 274 1247 309 uo
1257 271 1356 309 habet
1366 273 1402 308 in
1414 272 1530 318 quovis
1543 274 1760 317 promotionis
1770 281 1868 314 saltu.
1897 283 1977 313 Eum
1990 306 2000 321 ,
2021 290 2073 326 qm

1194 322 1277 370 saltu
1280 323 1344 367 fine
1349 324 1450 369 gradu
1461 326 1585 357 Diaconi
1595 324 1639 357 ad
1648 326 1667 358 5
1669 326 1844 359 acerdottum
1848 329 1991 372 profflivit
2003 355 2015 371 ‚
2039 339 2073 366 m

1200 375 1443 419 degradationem
1463 373 1594 407 debitam
1614 374 1721 417 refilire
1746 376 1857 410 statuit
1878 383 1959 420 apud
1981 383 2073 427 Jaco-
2088 388 2159 427 Gap.
2177 390 2203 416 a.

1200 423 1280 461 bum
1292 424 1503 460 sirmondum
1515 424 1655 460 secunda
1665 425 1819 468 synodus
1830 426 2073 467 Sueffionenfis.

1202 474 1246 511 Et
1256 474 1342 521 apud
1352 474 1550 510 Gratianum
1574 473 1762 510 Alexander
1783 477 1944 512 secundus
1962 478 2074 515 Ponti·
2090 499 2163 532 Dist.
2178 510 2225 538 52·

1199 526 1255 561 fex
1282 523 1389 560 scribit
1413 524 1586 558 Grimaldo
1614 525 1777 570 Episcopo
1804 526 2040 564 Constantienfi
2062 546 2074 566 .-
2090 550 2115 571 c.
2140 549 2163 570 ι,

1199 576 1353 610 solicitudo
1372 575 1542 610 Daemonis
1553 577 1626 608 Tuae
1647 575 1762 616 studuit
1786 576 1946 621 confidere,
1975 582 2074 615 utrum

1195 633 1331 668 portator
1343 625 1461 666 istarum
1469 626 1638 660 litterarum
1661 628 1845 661 Diaconatus
1871 630 1905 663 6·
1926 630 2074 670 Presbyte-

1198 671 1284 708 ratu‘s
1293 677 1412 718 officium
1424 677 1546 711 idoneus
1561 674 1767 720 fiper-agere,
1792 689 1844 711 nec
1863 690 1922 719 ne,
1947 680 2011 713 cum
2031 683 2077 715 ad

1181 701 1187 761 i
1200 725 1236 759 id
1241 725 1414 768 pra-postero
1424 725 1508 770 cursu
1517 751 1529 767 ,
1550 726 1786 761 subdiaconatus
1796 729 1897 762 ordine
1902 729 2049 775 palipofito
2063 754 2075 771 ,

1180 764 1376 820 lnegligentia
1394 777 1494 818 potius
1516 777 1605 818 queim
1624 775 1764 820 superbia
1786 801 1798 817 ‚
1822 778 2003 822 cognoscatur
2021 782 2075 814 ad·

1196 823 1298 866 scendi
1319 838 1335 860 e
1346 851 1353 859 .
1380 826 1464 861 vnde
1472 837 1524 859 nos
1535 824 1735 870 conscribendo
1747 826 1901 862 Charitati
1911 831 1981 864 Tuae
1991 842 2075 864 man·

1200 875 1307 908 damus
1318 899 1329 915 ‚
1353 884 1387 908 ut
1398 876 1436 909 ab
1447 878 1533 919 ffcio
1542 877 1720 912 Sacerdotali
1733 889 1799 912 eum
1818 877 1978 921 prohibeas
1988 903 2000 920 ,
2025 881 2075 913 do-

1200 934 1251 957 nec
1258 931 1395 966 proximo
1405 935 1528 970 quatuor
1539 934 1702 970 temporum
1702 930 1820 970 Jejunio
1839 929 2075 964 subdiaconatus

1198 973 1386 1016 ministerium
1397 981 1424 1010 ei
1433 977 1510 1010 reete
1520 982 1655 1019 imponas
1664 1002 1676 1019 .
1704 977 1783 1022 &fic
1798 980 1933 1021 deinceps
1949 981 1995 1013 ad
2010 991 2075 1013 ma-

1191 1026 1264 1066 J'ora
1275 1025 1365 1068 offiia
1376 1036 1442 1060 eum
1451 1026 1546 1059 redire
1567 1029 1706 1061 concedas
1719 1051 1726 1059 .
1752 1028 1858 1074 Qod
1870 1028 2075 1072 Rescriptum

1199 1074 1310 1109 laudat
1323 1099 1334 1115 ‚
1359 1074 1393 1110 &
1404 1087 1445 1110 ex
1458 1075 1519 1110 illo
1532 1077 1559 1109 C
1562 1076 1680 1110 leticum
1688 1099 1700 1117 ‚
1716 1081 1766 1118 qui
1777 1078 1945 1111 inordinato
1955 1079 1989 1111 Θ
1996 1085 2075 1119 prae-

1191 1124 1303 1166 postero
1309 1122 1391 1169 saltu
1402 1149 1413 1167 ,
1423 1126 1487 1160 cum
1496 1136 1555 1159 non
1563 1125 1631 1169 effi’t
1639 1124 1808 1160 benedicitis
1819 1131 1852 1160 in
1865 1127 2010 1161 clericum
2020 1150 2031 1168 ,
2042 1133 2076 1161 in

1196 1175 1413 1210 subdiaconum
1425 1174 1461 1222 se
1478 1175 1594 1219 fecerat
1617 1176 1753 1209 ordinari
1771 1200 1783 1216 ,
1819 1175 1937 1214 eodem
1972 1176 2076 1212 modo

1195 1225 1396 1261 tractandum
1421 1226 1536 1261 definit
1558 1227 1693 1261 Sandtus
1713 1225 1772 1260 lvo
1793 1225 1974 1270 Episcopus
1997 1227 2075 1262 Car·
2099 1262 2110 1268 ,
2134 1258 2166 1290 .st
2197 1262 2214 1291 8

1195 1276 1355 1311 nutenfis.
1382 1276 1512 1312 Eodem
1521 1276 1624 1311 modo
1634 1275 1835 1312 trastandum
1854 1277 1965 1311 nescio
1976 1288 2074 1321 quem
2090 1262 2141 1298 ¹²9¹
2167 1269 2192 1291 ’¹
2218 1268 2243 1320 ς’,

1194 1326 1441 1362 Subdiaconum
1459 1350 1471 1366 ,
1495 1327 1553 1371 qui
1575 1326 1781 1362 Diaconatus
1802 1324 1931 1361 Ordine
1952 1336 2074 1370 praeter-

1192 1376 1288 1411 misso
1311 1379 1343 1411 se
1357 1378 1474 1412 fecerat
1489 1377 1530 1411 ad
1542 1375 1721 1412 Sacerdotii
1731 1375 1894 1413 Ordinem
1903 1387 2074 1420 promove·
2088 1374 2145 1408 L.5.
2155 1372 2248 1410 tit-²9-

1191 1426 1239 1465 ri,
1264 1427 1400 1460 mandat
1411 1427 1626 1461 Innocentius
1652 1426 1764 1460 tertius
1778 1425 1942 1468 Episcopo
1963 1426 2074 1460 Bono·
2088 1421 2111 1442 c·
2139 1423 2166 1442 ¹⁸

1191 1474 1294 1507 nienfi
1321 1499 1329 1506 .
1360 1474 1552 1509 Patriarchae
1589 1476 1671 1510 item
1698 1474 2073 1523 Constantinopolitano

1190 1523 1316 1558 L‘atino
1327 1549 1338 1565 ‚
1364 1536 1421 1569 per
1430 1524 1643 1560 Flandrenses
1654 1525 1782 1559 nostros
1802 1534 1882 1559 tunc
1895 1524 2046 1568 impofito
2060 1550 2073 1567 ‚

1187 1573 1398 1608 cumGraecis
1409 1575 1493 1615 illis,
1519 1575 1577 1618 qui
1597 1575 1721 1608 omiffis
1731 1573 1916 1608 minoribus
1936 1574 2072 1618 majores

1188 1623 1331 1657 Ordines
1352 1625 1492 1668 recipere
1504 1624 1771 1667 praesumpserant
1782 1649 1794 1665 ‚
1819 1623 2025 1667 dispensandi
2037 1626 2072 1659 li·

1187 1674 1329 1707 centiam
1343 1674 1545 1718 postulanti,
1571 1674 1747 1718 rescripfit:
1773 1675 1918 1708 cumillis
1939 1674 2070 1708 authori-

1188 1731 1249 1756 tate
1270 1722 1367 1764 nostra
1378 1722 1526 1768 dispenses
1540 1748 1550 1763 ‚
1575 1723 1682 1767 quibus
1705 1724 1876 1757 litterarum
1888 1721 2014 1765 scientia
2034 1727 2070 1758 Θ

1186 1774 1221 1806 ά
1229 1784 1343 1806 morum
1349 1779 1494 1816 gravitas
1501 1772 1709 1816 suffragantur
1721 1795 1734 1812 ,
1756 1770 1894 1811 iniunt‘la
1902 1774 1992 1815 prius
2005 1774 2067 1807 illis

1180 1826 1362 1861 poenitentia
1372 1826 1565 1863 competenti.
1594 1821 1710 1855 Exstat
1723 1821 1779 1855 lon
1783 1833 1825 1866 ga
1846 1822 1879 1855 &
1891 1823 1984 1858 variae
1997 1827 2067 1859 eru‘-¹
2082 1834 2108 1863 ιτ.
2120 1842 2131 1863 1
2140 1842 2186 1867 ι..

1184 1870 1324 1905 ditionis
1337 1872 1433 1915 plena
1444 1871 1593 1915 Epistola
1604 1871 1640 1905 in
1660 1870 1803 1914 ejusdem
1814 1871 1987 1907 Pontificis
1999 1874 2066 1908 vita

1184 1920 1348 1962 publicata
1368 1921 1642 1963 perFranciscum
1667 1921 1901 1964 Bosquettum.
1928 1923 1974 1957 Et
1985 1921 2065 1959 hinc

1183 1969 1226 2003 de
1235 1969 1413 2004 tolerandis
1434 1979 1491 2003 aut
1502 1980 1571 2002 non
1594 1968 1773 2004 tolerandis
1785 1971 1983 2007 Graecorum·
1994 1974 2065 2008 riti·

1183 2018 1242 2053 bus
1261 2019 1383 2063 scripsit
1403 2019 1444 2053 ad
1464 2019 1666 2063 Episcopum
1689 2017 1940 2062 Tusculanum,
1967 2023 2063 2058 suum

1182 2069 1217 2102 in
1227 2069 1342 2113 Cypro
1354 2069 1455 2103 insula
1467 2069 1632 2114 Legatum
1643 2094 1655 2111 ,
1680 2068 1895 2106 Innocentius
1908 2082 2059 2114 quartus:

1181 2120 1319 2152 Volumus
1345 2120 1380 2153 (ν
1399 2117 1539 2163 expresse
1559 2125 1752 2163 precipimus
1777 2145 1788 2161 ,
1815 2123 1896 2163 quod
1918 2122 2060 2166 Episcopi
2077 2118 2215 2172 Conffin'
2241 2159 2244 2162 ,

1179 2172 1277 2214 ᾶνςεσὶ
1291 2168 1406 2212 septem
1419 2171 1548 2203 ordines
1555 2168 1718 2213 secundum
1727 2181 1834 2204 morem
1845 2174 1990 2206 Romana
1999 2177 2058 2208 Ec·
2082 2189 2123 2216 ¹4·

1177 2217 1263 2261 clefiae
1273 2220 1310 2254 de
1320 2228 1423 2254 caetero
1431 2220 1586 2262 conferant
1597 2244 1609 2261 ,
1635 2221 1698 2254 cum
1707 2220 1762 2254 buc
1770 2220 1860 2264 usque
1871 2231 1934 2256 tres
1955 2224 1994 2257 de
2005 2230 2059 2258 mi-

1176 2269 1294 2303 noribus
1315 2270 1465 2313 neglexisse
1486 2270 1736 2314 &praetermfflsse
1758 2273 1915 2315 dicantur3
1944 2274 1988 2306 illi
2012 2283 2059 2308 ta-

1177 2331 1244 2352 men
1255 2342 1265 2358 ,
1290 2325 1341 2362 qui
1345 2321 1415 2360 jam
1434 2319 1508 2364 sunt
1519 2322 1623 2354 taliter
1633 2322 1764 2354 ordinati
1777 2345 1788 2361 ,
1811 2329 1866 2363 per
1875 2333 1921 2355 eor
1932 2330 2057 2366 propter

1175 2374 1299 2403 nimiam
1309 2367 1436 2412 iprrum
1446 2370 1668 2404 multitudinem
1681 2376 1713 2404 in
1729 2370 1770 2413 fic
1775 2369 1918 2415 ficsceptis
1933 2375 2057 2408 Ordinis

1175 2419 1228 2451 bus
1240 2421 1399 2453 tolerentur
1409 2444 1416 2452 .
1442 2419 1654 2455 Recentiores
1674 2421 1763 2455 enim
1779 2421 1883 2456 Graeci
1895 2423 2000 2457 solum
2013 2435 2056 2458 ex

1175 2468 1382 2504 inferioribus
1393 2469 1574 2504 Ordinibus
1595 2471 1801 2505 Lecioratum
1821 2471 2000 2508 admittunt
2020 2474 2055 2508 ὃς

1174 2520 1367 2553 conferunt:
1395 2519 1463 2567 Qi
1476 2531 1548 2554 mos
1562 2531 1604 2555 an
1625 2532 1733 2555 novus
1744 2522 1782 2556 iit
1792 2545 1804 2561 ,
1829 2519 1977 2566 adeoque
1986 2534 2053 2557 cor-

1173 2568 1327 2614 rigendus
1339 2594 1349 2609 ,
1363 2570 1442 2605 alibi
1454 2571 1513 2604 erit
1525 2569 1770 2613 disquirendum
1782 2596 1789 2603 .
1816 2572 1951 2606 Interim
1965 2573 2052 2609 lucet

1171 2630 1307 2653 omnem
1333 2620 1368 2653 in
1394 2619 1623 2655 Ecclesiasticis
1647 2619 1801 2666 gradibus
1820 2621 1934 2656 saltum
1958 2622 2051 2657 fuisse

1170 2670 1294 2713 semper
1311 2669 1330 2703 a
1343 2670 1495 2704 Romana
1515 2671 1550 2705 δε
1561 2670 1655 2704 omni
1677 2670 1796 2705 Latina
1818 2670 1959 2706 Ecclesia
1973 2672 2052 2717 rigi·

1167 2719 1294 2753 diffime
1314 2719 1506 2755 damnatum
1527 2746 1534 2753 .
1568 2720 1625 2754 Est
1651 2720 1819 2763 disciplina
1841 2719 1941 2765 longe
1967 2722 2053 2756 anti·

1167 2769 1315 2813 quiffima
1326 2795 1336 2810 ,
1364 2770 1480 2814 utpote
1495 2770 1586 2813 cujus
1610 2771 1644 2803 in
1658 2769 1743 2804 libro
1764 2769 1804 2805 de
1815 2770 1891 2815 fuga
1904 2771 1938 2804 in
1949 2773 2050 2814 perse.

1166 2821 1301 2854 cutione
1315 2820 1468 2855 meminit
1478 2819 1724 2855 Tertullianus:
1752 2826 1814 2855 Hoc
1820 2819 1931 2863 sentire
1953 2821 2047 2864 &fh-
2062 2827 2098 2858 C·
2115 2838 2159 2860 11.

1165 2881 1229 2903 cere
1238 2881 1354 2904 omnem
1371 2874 1424 2905 Dei
1430 2870 1552 2914 servum
1565 2878 1675 2912 oportet
1686 2894 1696 2911 ,
1722 2876 1812 2904 etiam
1834 2875 1958 2904 minoris
1970 2871 2022 2905 loci
2032 2895 2047 2913 ,

1164 2928 1197 2952 ut
1219 2923 1342 2962 majoris
1354 2920 1419 2963 fieri
1428 2921 1507 2963 poffit
1518 2946 1530 2962 ,
1548 2919 1579 2961 fi
1586 2931 1670 2963 quem
1675 2921 1805 2963 gradum
1825 2919 2045 2964 experfecutio-

1164 2975 1211 3001 nis
1221 2972 1382 3005 tolerantia
1394 2970 1600 3015 adscenderit.
1629 2970 1796 3004 Generosa
1818 2971 1906 3004 enim
1919 2970 2044 3006 Christi

1165 3021 1306 3054 Domini
1320 3021 1476 3055 confeffio
1495 3021 1533 3054 ἀ
1543 3029 1783 3055 tormentorum
1799 3021 1972 3055 tolerantia
1985 3032 2046 3065 pu·

1161 3069 1242 3113 giles
1252 3071 1326 3105 suos
1346 3071 1458 3114 primis
1472 3070 1618 3103 Ecclefiae
1629 3070 1752 3104 saeculis
1774 3078 1830 3104 aut
1844 3070 2042 3107 'admovebat

1163 3119 1282 3159 Clero,
1310 3128 1366 3153 aut
1379 3120 1495 3163 inipso
1516 3120 1748 3163 promovebat.
1776 3120 1820 3154 Et
1841 3121 1877 3155 in
1901 3121 2044 3156 Praescri-

1163 3170 1315 3212 ptionum
1336 3168 1421 3203 libro
1441 3170 1487 3202 ait
1509 3170 1596 3204 idem
1610 3170 1736 3204 Doctor
1755 3170 1790 3204 in
1801 3170 2042 3206 Haereticorum

1161 3219 1270 3253 castris
1282 3218 1376 3253 facile
1387 3219 1523 3262 profici,
1548 3220 1646 3254 etiam
1656 3219 1675 3253 ὲ
1686 3219 1861 3264 neophytis
1870 3246 1882 3263 ,
1902 3219 2040 3263 ideoque

1160 3277 1273 3302 eorum
1285 3269 1520 3304 Ordinationes
1539 3271 1602 3305 effe
1621 3270 1707 3306 leves
1719 3295 1731 3312 ,
1757 3271 1962 3310 temerarias,
1990 3271 2037 3302 in-

1159 3318 1361 3353 constantes.
1388 3320 1432 3353 Et
1441 3318 1522 3353 liber
1532 3319 1738 3355 pontificalis
1759 3320 1899 3355 statuisti:
1925 3318 2035 3352 laudat
2049 3325 2145 3365 04¹³·

1160 3368 1278 3411 Cajum
1289 3368 1484 3404 Pontificem
1496 3394 1507 3410 ‚
1533 3379 1569 3403 ut
1580 3370 1621 3405 ad
1632 3369 1774 3405 Ordines
1796 3367 2033 3404 Ecclefiasticos

1158 3418 1198 3453 fic
1218 3418 1412 3455 adscendant
1427 3420 1463 3454 in
1484 3418 1647 3462 Ecclesia,
1673 3421 1730 3465 qui
1756 3418 1898 3454 ordinari
1910 3428 2038 3452 meren-

1907 3475 1983 3508 tur,
