2340 3762
642 181 708 211 De
744 180 975 210 OCTAVA
1009 164 1246 209 §mono
1281 160 1618 210 GENERALI.

228 251 304 296 gtio
320 247 506 284 Patriarcha
518 247 734 284 Antiocheno
756 261 810 293 pet
823 248 927 282 solum
951 247 1105 282 Antecess

231 302 332 333 sorem
356 299 531 333 Paulinum
550 310 658 334 creato
679 301 885 334 consecratos
902 321 912 336 ‚
937 299 1104 332 admiserat

233 359 300 384 non
311 348 356 382 ita
367 350 490 393 pridem
505 349 660 384 Pontifex
676 348 888 383 Innocentius
902 349 1040 391 primus.

209 438 213 443 ,
283 397 447 433 Adversus
459 398 713 442 Metrophanem
735 400 887 443 replicare
904 398 1034 441 patabat
1045 398 1104 432 Za-

229 448 355 483 charias
368 447 641 484 Chalcedonenfis
653 474 663 490 ,
686 450 799 484 verum
826 447 944 493 Legati
958 449 1102 483 Romani

232 499 497 539 intercesserunt,
524 500 564 533 ad
588 499 740 534 Bafilium
764 500 952 543 Augustum
973 499 1105 533 interlo-

231 547 317 582 cuti:
348 553 423 582 Ecce
433 550 579 583 multoties
592 553 764 584 audivimus
781 549 1043 589 corttradic‘liones,
1070 549 1104 582 <tt

232 599 387 632 verborum
402 607 521 643 pugnas
544 612 640 634 eorum
658 625 669 640 ,
694 612 761 642 quae
782 599 860 632 nihil
879 601 940 632 illis
957 598 1100 642 prosunt,

221 651 260 681 -eo
272 651 353 690 quod
358 649 535 691 dissonantes
556 650 616 692 fint
628 653 647 682 ἃ
661 651 741 683 νεέῖα
761 655 875 683 ratione
886 674 896 690 ‚
922 648 1103 692 acffinodicis

230 700 460 742 &regularibus
478 699 730 743 drspofitionibus.
760 701 801 734 Et
823 700 863 734 ad
892 709 1103 734 contumaces

227 747 548 794 Pseudo-Episcopos
563 764 572 783 :
600 753 693 784 Sinite
707 749 845 793 excusare
856 748 1054 792 excusationes
1071 756 1103 780 in

223 805 355 839 peccatis
368 824 379 840 ‚
406 802 484 833 &in
505 799 598 833 verba
618 802 742 834 malitiae
763 801 911 833 declinare
923 824 934 839 ,
959 807 1047 841 atque
1070 803 1102 833 in

229 859 343 881 vanum
364 849 497 882 laborare
510 874 520 890 ,
546 851 579 882 (vs
586 852 734 890 procedite
749 849 866 891 sandlae
888 848 953 880 huic
975 848 1103 886 synodo,

227 897 435 939 &salvamini
457 899 497 929 ab
521 898 725 930 anathematis
749 899 1007 930 condemnatione.
1036 896 1103 929 Eos

227 946 268 979 ad
279 945 524 988 refipiscendum
537 947 610 979 sunt
620 946 702 980 serio
713 944 853 980 hortati.
882 946 984 993 Qod
997 945 1102 988 ipsum

227 1006 282 1038 per
302 994 448 1029 lectum&
470 995 692 1031 Constantino
714 994 891 1030 Secretario
906 996 1100 1040 Epanagno-

225 1045 332 1078 ilicon
356 1046 538 1079 sermonem
561 1046 638 1080 fecit
659 1046 791 1080 Basilius
811 1046 998 1089 Augustus,
1026 1046 1101 1079 offe-

225 1105 299 1128 rens
318 1107 376 1140 pro
400 1097 472 1139 ipsis
494 1095 680 1139 procidere,
707 1096 822 1132 calcari
845 1095 996 1135 omnium
1015 1095 1100 1139 pedi-

227 1144 285 1178 bus
296 1168 307 1185 ,
334 1146 369 1179 in
382 1146 474 1180 sacco
498 1146 533 1180 <Sc
544 1146 651 1181 cinere
661 1147 769 1190 palam
784 1145 941 1180 volutari.

432 1411 717 1455 ACTIO
795 1409 896 1454 VII.

273 1544 307 1578 N
319 1544 488 1589 septimam
500 1542 676 1579 Aetionem
686 1568 697 1585 ,
725 1543 838 1578 fastam
849 1541 963 1586 quart&
985 1542 1105 1578 Calen-

297 1595 352 1627 das
377 1595 601 1634 Novembres,
627 1594 752 1628 rursum
774 1603 814 1625 ex
827 1592 937 1625 Basilii
959 1593 1102 1636 Augusti

222 1643 401 1683 mandato,
428 1644 462 1677 &
475 1643 704 1677 Romanorum
725 1642 926 1687 Legatorum
947 1643 1099 1685 permissu

222 1692 263 1732 est
285 1693 467 1726 introdullus
481 1692 604 1727 Pharius
614 1718 626 1734 ,
652 1693 752 1728 baculo
773 1697 897 1725 innixus
909 1716 920 1732 ,
946 1695 980 1726 Ca·
993 1703 1058 1725 cum
1071 1703 1101 1726 eo

222 1746 382 1786 Gregorius
392 1742 588 1786 syracusanus
603 1769 610 1776 .
638 1741 765 1778 Verum
775 1742 923 1776 adversus
945 1741 1099 1776 baculum

220 1790 374 1826 Marinus
388 1793 545 1828 Romanae
556 1794 702 1828 Ecclefiae
716 1794 888 1827 Diaconus
909 1804 946 1826 ac
956 1793 1099 1835 Legatus

218 1841 413 1876 interceffit:
440 1844 543 1878 Tollite
566 1844 698 1878 baculum
713 1844 750 1877 de
771 1854 862 1875 manu
884 1844 965 1882 effus,
983 1842 1098 1883 fignum

217 1889 258 1930 est
271 1896 349 1923 enim
358 1893 519 1934 dignitatis
527 1894 686 1934 pastoralis
695 1916 706 1932 ,
731 1893 810 1935 quod
818 1891 866 1924 bic
883 1891 990 1923 habere
1003 1889 1099 1923 nulla-

217 1941 305 1975 tenus
316 1941 422 1982 deber,
446 1947 519 1984 quia
543 1943 631 1984 lupus
646 1944 707 1983 est,
734 1945 835 1974 &non
847 1939 965 1980 Pastor.
993 1939 1097 1973 Bacu-

215 1989 270 2025 lus
291 1990 350 2024 iste
362 2003 429 2024 non
452 1992 622 2025 senestutis
632 1991 771 2025 fulcrum
781 2000 870 2030 erat,
896 1990 950 2023 sed
965 1989 1098 2032 Episco-

216 2040 293 2081 pale
302 2037 420 2081 pedum
432 2062 439 2068 .
467 2039 592 2072 Pedum
603 2040 687 2073 istud
708 2041 744 2071 in
757 2038 943 2072 solennibus
967 2039 1097 2072 ac'iubus

218 2088 276 2121 fibi
288 2089 427 2131 praeferre
438 2096 493 2122 aut
505 2089 736 2131 praeferendum
759 2097 869 2121 curare
878 2087 923 2121 est
943 2089 1096 2130 antiquus

215 2148 293 2173 mos
329 2137 588 2174 Patriarcharum
627 2137 1095 2179 constantinopolitanorum.

212 2187 314 2223 Hinc
329 2190 427 2223 etiam
441 2188 598 2232 Iosephus
610 2186 795 2222 Patriatcha
808 2187 959 2221 Ferratiae
981 2186 1021 2221 ad
1033 2188 1096 2221 Eu-

214 2239 353 2282 genium
365 2249 514 2282 quartum
527 2238 724 2273 Pontificem
745 2237 942 2282 ingressurus
960 2235 1096 2272 Patriar-

214 2285 310 2322 chale
320 2289 441 2331 pedum
454 2313 465 2329 ,
489 2288 578 2333 quod
601 2288 759 2322 elevatum
780 2287 923 2321 famulus
941 2297 1016 2320 ante
1028 2287 1095 2330 ejus

213 2348 338 2381 equum
353 2340 453 2382 usque
466 2337 506 2373 ad
519 2338 638 2382 Papale
650 2338 805 2382 palatium
826 2346 965 2380 portarat
975 2359 985 2375 ‚
1011 2338 1093 2371 sum.

214 2387 279 2429 pfit
302 2388 336 2421 in
348 2399 483 2432 manus3
510 2387 620 2423 verum
630 2388 648 2421 ὲ
660 2388 747 2432 Papa
769 2388 921 2431 regressus
935 2386 1091 2421 occultari

214 2436 351 2479 juffitin
362 2438 490 2472 thecam
507 2439 712 2483 gestatoriam
727 2452 737 2471 :
763 2437 866 2485 Qod
888 2448 1004 2480 nempe
1028 2438 1091 2471 isto

213 2484 352 2521 honoris
378 2489 498 2532 infigni
524 2499 614 2523 extra
640 2489 803 2532 proprium
836 2486 1090 2521 patriarchatum

213 2546 286 2570 non
300 2537 400 2580 poffet
413 2539 460 2571 uti
474 2563 481 2570 .
510 2538 594 2572 Rem
614 2539 678 2573 late
701 2540 735 2571 in
747 2537 873 2580 Synodi
896 2538 1089 2570 Florentinae

18 2589 88 2630 ,1--4
108 2597 149 2619 ω
165 2598 193 2623 4·
213 2583 350 2621 historia
374 2587 524 2622 describit
546 2587 707 2631 Sylvester
717 2587 936 2632 Sguropulus.
964 2586 1079 2620 Graeco

211 2646 286 2670 rum
320 2636 437 2680 pedum
457 2637 503 2671 est
529 2637 724 2672 Latinorum
747 2637 981 2681 Episcoporum
1004 2637 1088 2680 pedo

211 2685 314 2730 longe
326 2687 454 2722 brevius
467 2700 478 2721 .-
506 2686 638 2721 Etenim
662 2686 817 2722 incedens
830 2687 1007 2730 Episcopus
1030 2688 1084 2729 ipfi

209 2735 366 2770 innititur
390 2747 426 2772 ut
437 2738 592 2781 scipioni.
621 2738 678 2771 Est
703 2736 947 2781 planeredtum,
974 2738 1087 2779 acejus

208 2785 383 2821 summitas
393 2788 428 2820 in
440 2799 611 2831 utramque
624 2797 744 2830 partem
770 2788 974 2825 incurvatur,
1000 2786 1086 2830 quasi

208 2833 247 2868 {in
261 2833 405 2870 adversas
416 2837 512 2871 facies
535 2837 677 2871 invicem
694 2837 943 2880 adspicientium
966 2837 1086 2881 serpen-

209 2894 302 2917 tum.
332 2884 388 2917 Est
400 2886 487 2933 virga
498 2897 647 2931 argentea
659 2912 669 2927 ‚
695 2888 846 2922 deaurata
857 2911 868 2927 ,
895 2897 961 2922 arte
972 2888 1005 2920 &z
1017 2888 1083 2930 pul-

207 2932 399 2968 chritudine
421 2937 592 2970 notabilis.
620 2937 730 2971 Etiam
754 2937 795 2971 de
816 2938 934 2971 Sansto
947 2936 1083 2970 Thoma

207 2983 435 3018 Cantuarienfi
456 2985 759 3031 Archi-Episcopo,
785 2998 842 3030 pro
866 2986 1082 3020 Eccleflastica

208 3033 359 3068 libertate
378 3034 528 3069 adversus
541 3036 670 3080 Regem
681 3039 774 3071 suum
784 3036 967 3070 Henricum
979 3037 1085 3069 secun-

209 3082 289 3118 dum
303 3094 464 3118 certaturo
475 3109 486 3125 ,
512 3084 621 3119 scribit
634 3087 829 3122 Guilielmus
841 3086 1080 3130 Neubrigenfis:

209 3138 335 3168 Curiam
348 3135 486 3178 ingreffus
498 3134 536 3174 est
548 3146 656 3168 crucem
665 3147 835 3180 argenteam
846 3147 916 3170 ante
923 3136 959 3179 se
963 3143 1081 3178 portari

205 3182 328 3228 solitam
340 3197 430 3219 manu
448 3190 571 3226 propria
592 3185 732 3226 bajulans
745 3211 755 3227 ,
782 3185 1000 3229 volentibusque
1020 3193 1079 3227 qui-

210 3235 335 3280 busdam
362 3233 570 3278 Episcoporum
594 3259 605 3274 ,
631 3241 683 3277 qui
707 3238 834 3270 aderant
858 3259 869 3274 ‚
893 3236 1081 3274 ministerium

209 3287 367 3327 portanda
387 3295 458 3319 ante
468 3285 685 3326 Metropolitum
691 3292 846 3328 proprium
856 3292 949 3318 crucis
955 3283 1080 3327 suscipe-

213 3346 245 3368 re
267 3337 393 3376 abnuit,
419 3347 470 3369 nec
492 3335 580 3368 alium
591 3340 622 3367 in
644 3336 694 3369 illo
704 3343 843 3369 conventu
863 3335 976 3377 publico
986 3342 1076 3368 crucIs

210 3383 342 3426 baiulum
353 3411 364 3427 ,
391 3394 652 3429 quantumcumque
661 3394 777 3429 rogatus
789 3411 799 3427 ‚
824 3385 940 3427 admifit
951 3408 958 3416 .

258 3434 385 3469 Baculo
407 3435 506 3480 igitur
516 3432 654 3469 Photius
672 3435 734 3469 fuit
747 3435 888 3471 omnino
907 3434 1075 3480 spoliatus.

308 3484 413 3526 christ.
427 3490 507 3530 Lupi
516 3490 602 3529 Oprr.
616 3488 692 3519 Tom.
705 3490 758 3520 ΠΙ.

1872 175 1970 234 387
1986 201 1994 206 “

1166 244 1208 277 Et
1219 243 1313 278 illum
1325 243 1471 288 alloquio
1484 246 1541 280 suo
1561 245 1728 291 dedignati
1737 253 1854 300 Legati
1867 254 2044 298 Apostoli⁴,

1165 294 1195 327 ci
1218 294 1325 330 dixere
1346 295 1387 328 ad
1399 294 1566 328 Bahanem
1589 295 1761 333 patritium
1774 317 1783 334 .·
1810 310 2031 347 Inpraecedenu

1166 343 1282 377 AHione
1293 350 1378 377 venit
1398 345 1442 376 aa‘
1452 356 1504 378 nos
1523 351 1573 378 vir
1583 345 1634 386 iste
1643 346 1766 390 forenfis
1788 352 1820 384 (a
1829 360 1943 390 curialis
1955 358 2031 392 Pbo-

1165 399 1225 426 tius
1236 417 1246 433 ‚
1271 395 1305 428 Θ
1323 396 1527 428 admonuimus
1542 396 1625 429 illum
1639 405 1696 439 per
1708 400 1893 441 apostolicam
1913 408 2040 441 audioria

1165 452 1256 476 tatem
1266 445 1310 476 ad
1326 446 1535 477 revertendum
1545 451 1578 477 in
1589 446 1745 489 Ecclesiam
1763 458 1818 491 per
1829 452 1920 486 libelli
1931 458 2041 497 expo-siv
2060 443 2063 445 “

1164 500 1282 534 tionem,
1290 502 1323 526 ut
1335 500 1509 536 recipiamus
1521 502 1627 528 eumin
1638 507 1864 537 communionem
1869 501 2031 545 saecularis.

1165 548 1341 586 1nterrogate
1354 544 1436 577 illum
1448 568 1458 583 ,
1477 543 1588 586 fiforte
1613 549 1751 592 intelllgit
1762 550 1866 584 bonum
1887 555 1920 587 (¹5
1932 565 2035 588 conve-

1165 591 1312 635 niensfibi
1322 618 1332 634 ‚
1348 593 1378 635 fi
1387 594 1451 627 vult
1454 594 1557 636 facere
1565 595 1692 630 libellum
1703 623 1709 630 .
1739 600 1863 635 Verum
1875 602 1910 636 in
1923 607 2037 645 nequi-

1164 644 1206 676 tia
1217 643 1283 676 ,ille
1295 642 1470 678 obduratus
1479 644 1616 679 Patritio
1634 649 1773 692 reposuit
1786 663 1793 683 :
1821 657 1930 687 Omnes
1941 658 2036 696 Impe-

1163 702 1290 726 ratorem
1303 692 1426 732 nostrum
1431 693 1568 737 sanc‘lum
1579 696 1738 737 custodiant
1757 706 1789 733 in
1803 703 1908 735 multos
1921 715 2014 737 annos
2027 729 2033 736 .

1166 744 1208 776 Et
1228 742 1405 787 Gregorius
1428 746 1661 786 Syracusanus:
1691 752 1738 781 Et
1758 762 1808 783 nos
1824 751 1956 793 similiter
1972 767 2035 787 oret-

1164 804 1228 824 mus
1239 797 1414 834 Imperatori
1434 794 1523 834 nostro
1539 794 1663 837 fando,
1691 803 1818 835 Vicariis
1839 812 1937 836 autem
1948 810 2038 837 ratio-

1165 853 1229 873 nem
1240 853 1296 874 non
1302 843 1472 884 praebemus
1482 869 1489 876 .
1519 845 1563 879 Et
1574 846 1698 882 rursum
1712 849 1870 885 Photius:
1893 855 1912 884 5
1915 859 1924 884 i
1936 854 2036 896 audis-

1159 888 1226 932 sent
1246 891 1362 935 Legati
1374 892 1519 928 Romani
1543 907 1609 938 quae
1629 899 1760 933 diximus
1786 903 2011 936 nudiustertius
2024 927 2037 942 ,

1165 951 1220 971 non
1240 947 1339 982 utique
1363 941 1439 976 hanc
1460 950 1711 990 interrogationem
1732 953 1954 995 praetendiffent
1978 967 1989 985 :
2010 951 2041 994 fi

1165 992 1235 1024 vero
1246 991 1444 1032 definitionem
1449 993 1536 1035 suam
1542 996 1694 1038 posuerint
1706 1006 1739 1032 in
1746 1007 1924 1043 poenitentia
1936 1027 1946 1043 ‚
1959 1002 2037 1036 hanc

1160 1048 1220 1083 per
1240 1049 1327 1081 opera
1333 1039 1390 1083 sua
1413 1043 1606 1082 demonstrent
1618 1070 1625 1077 .
1653 1048 1696 1081 Et
1709 1051 1890 1094 Gregorius
1901 1054 2040 1094 Syracu«,

1166 1092 1277 1124 sanus:
1300 1089 1361 1132 Jpfi
1375 1098 1583 1132 poenitentiam
1603 1104 1695 1138 agant
1707 1121 1718 1137 ,
1740 1097 1830 1140 super
1849 1103 1954 1142 quibus
1967 1102 2042 1135 deli-

1165 1149 1291 1183 querunt
1303 1165 1310 1172 .
1339 1140 1411 1175 Nec
1422 1141 1510 1177 aliud
1522 1143 1562 1177 ab
1574 1145 1641 1187 ipso
1654 1148 1763 1187 potuit
1782 1151 1966 1193 extorqueri
1979 1175 1986 1183 .

1217 1190 1282 1231 Post
1293 1190 1476 1234 haecingreffi
1491 1191 1564 1235 sunt
1582 1193 1720 1238 Episcopi
1732 1195 1833 1230 Photii
1845 1223 1856 1239 ‚
1881 1200 1899 1233 ὲ
1914 1200 2040 1235 Photio

1167 1241 1343 1275 consecrati
1357 1266 1367 1281 ‚
1394 1242 1435 1275 de
1454 1242 1570 1285 quibus
1592 1244 1904 1291 LegatiApostolici
1927 1250 1967 1284 ad
1981 1251 2041 1284 Ba-

1171 1290 1288 1324 hanem
1302 1304 1312 1323 :
1339 1296 1375 1323 In
1380 1294 1564 1333 praecedenti
1578 1295 1695 1330 Ae‘i‘ione
1705 1298 1912 1333 admonuimus
1924 1311 1970 1334 eos
1983 1324 1994 1340 ,
2005 1308 2040 1333 uz·

1159 1338 1282 1381 faciant
1305 1341 1396 1374 libelli
1414 1340 1653 1384 satisfac‘lionem
1663 1370 1674 1386 ‚
1701 1348 1921 1390 &recipiamus
1940 1361 1987 1384 eos
2006 1355 2040 1382 in

1169 1390 1284 1425 laicam
1313 1398 1536 1426 communionem
1557 1403 1712 1438 tamquam
1730 1395 1909 1440 saeculares,
1935 1402 2042 1434 &non

1168 1441 1314 1472 declinent
1324 1447 1357 1473 in
1368 1448 1546 1475 contrariam
1559 1450 1643 1476 viam
1657 1469 1667 1484 ‚
1686 1445 1759 1486 ficut
1771 1448 1903 1490 magister
1915 1449 2045 1481 illorum.

1167 1492 1348 1532 Interrogate
1363 1501 1427 1533 ergo
1446 1492 1510 1524 illos
1528 1492 1700 1536 singulatim
1711 1518 1721 1535 ‚
1748 1498 1847 1529 utrum
1850 1497 1952 1538 faciat
1972 1503 2043 1540 quis

1166 1549 1203 1571 ex
1227 1538 1297 1579 ipsis
1318 1539 1449 1572 libellum
1468 1565 1474 1572 .
1504 1543 1595 1575 Aliud
1615 1546 1743 1576 nolumus
1765 1556 1802 1578 ex
1823 1546 1890 1587 ipsis
1916 1549 2041 1581 audire.

1167 1590 1292 1620 Etenim
1315 1590 1348 1621 eb·
1365 1587 1533 1631 sandliffimi
1550 1593 1713 1626 Orientales
1740 1598 1850 1627 Vicarii
1871 1604 1962 1638 atque
1988 1609 2041 1630 nos

1140 1642 1142 1645 '
1164 1639 1266 1671 eadem
1280 1640 1403 1671 dicimus
1417 1664 1423 1670 .
1451 1640 1507 1673 Ab
1520 1642 1594 1684 ipfis
1607 1643 1675 1676 fieri
1689 1642 1877 1686 voluerunt,
1889 1657 1956 1680 non
1971 1647 2041 1680 sim-

1164 1687 1284 1731 plicem
1308 1688 1499 1723 orthodoxae
1521 1690 1594 1726 fidei
1619 1716 1630 1732 ,
1656 1693 1709 1727 sed
1731 1694 1921 1730 Romanurn
1951 1695 2043 1730 libel·

1163 1738 1233 1771 lum
1248 1763 1259 1779 ,
1285 1740 1516 1783 expreffimque
1541 1740 1700 1778 Photium
1722 1743 1756 1775 &
1770 1745 1970 1787 Gregorium
1983 1746 2043 1787 Sy-

1162 1788 1355 1822 racusanum
1366 1789 1632 1824 anathematizari
1644 1814 1651 1820 .
1663 1791 1848 1834 Respondit
1859 1791 1933 1826 vero
1945 1795 2042 1837 Joan-

1161 1846 1218 1868 nes
1231 1837 1398 1870 Heraclea:
1412 1837 1592 1882 Episcopus
1603 1864 1614 1879 ‚
1641 1840 1778 1885 Europae
1801 1843 2014 1887 Metropolita
2028 1868 2041 1884 ‚

1161 1886 1178 1919 a
1189 1884 1314 1918 Photio
1335 1888 1543 1922 consecratus
1559 1902 1565 1921 :
1592 1894 1659 1922 Nos
1670 1896 1707 1923 ils
1723 1915 1733 1931 ,
1758 1903 1826 1934 quae
1837 1902 1938 1926 contra
1950 1900 2040 1927 ratio-

1160 1944 1227 1966 nem
1232 1933 1323 1974 fat‘la
1334 1957 1344 1974 ‚
1371 1935 1424 1967 vel
1431 1935 1498 1967 ae‘la
1509 1960 1519 1976 ‚
1546 1940 1599 1970 vel
1609 1942 1725 1980 agenda
1743 1941 1817 1982 sunt
1828 1965 1840 1981 ‚
1859 1952 1970 1985 parere
1991 1955 2041 1978 ne-

1160 1994 1214 2024 que
1225 1981 1417 2026 disposuimus
1429 1995 1519 2027 neque
1529 1987 1665 2021 volumus
1680 2012 1691 2028 ,
1717 1991 1750 2023 &¹
1759 1988 1850 2031 firper
1869 1993 1974 2033 quibus
1986 2004 2040 2025 nos

1160 2038 1279 2077 exigitis
1290 2058 1302 2075 ‚
1332 2040 1469 2076 quoniam
1479 2042 1615 2069 novimus
1626 2048 1661 2070 ea
1674 2062 1684 2077 ,
1710 2039 1870 2081 quaefat‘la
1877 2040 1951 2084 sunt
1964 2067 1975 2082 ‚
1992 2041 2040 2085 fe-

1158 2084 1285 2117 cundum
1306 2084 1419 2117 nullum
1441 2086 1558 2118 modum
1578 2085 1753 2131 suscipimus
1776 2114 1783 2121 .
1810 2091 1854 2125 Et
1881 2091 1916 2126 in
1939 2091 2040 2127 Pauli.

1160 2132 1432 2177 Carthophylacis
1445 2135 1554 2169 locum
1579 2138 1725 2173 suffec'lus
1739 2138 1922 2175 Euschemo
1934 2142 2038 2176 Caesa-

1158 2184 1270 2217 reenfis
1283 2185 1317 2217 in
1332 2184 1536 2234 Cappadocia
1549 2185 1846 2233 Archi-Episcopus
1859 2204 1870 2224 .-
1897 2194 1963 2235 Ego
1973 2198 2011 2225 iis
2023 2218 2037 2234 ,

1157 2243 1223 2275 quae
1230 2241 1285 2275 per
1297 2239 1440 2268 rationem
1450 2246 1506 2267 non
1513 2234 1586 2278 sunt
1600 2237 1669 2270 alia
1678 2263 1688 2279 ,
1716 2239 1749 2272 (θ’
1760 2245 1809 2281 qui
1820 2251 1877 2272 non
1883 2240 2038 2283 sedantur

1157 2287 1291 2317 Canones
1302 2283 1475 2317 sanctorum
1486 2285 1680 2327 Apostolorum
1698 2287 1912 2331 &sanilarum
1924 2303 1959 2324 ac
1970 2299 2037 2325 uni·

1156 2332 1234 2376 vers
1227 2334 1318 2366 alium
1341 2335 1516 2372 Synodorum
1527 2359 1538 2375 ‚
1568 2347 1625 2370 nnn
1649 2338 1766 2370 tantum
1775 2337 1804 2380 fi
1810 2343 1959 2375 Romanus
1984 2342 2041 2376 vel

1157 2382 1426 2425 Hierosolymitanus
1432 2383 1472 2426 fit
1481 2409 1492 2425 ‚
1513 2383 1572 2428 sed
1584 2385 1639 2427 etsi
1645 2389 1772 2431 Angelus
1783 2391 1819 2422 de
1832 2391 1897 2424 coelo
1908 2397 2014 2425 veniat
2023 2416 2035 2432 ‚

1154 2434 1186 2466 (Ἰ
1197 2444 1252 2465 non
1265 2439 1423 2466 conveniat
1437 2432 1460 2476 s
1457 2446 1512 2467 ano
1523 2437 1612 2469 verbo
1623 2462 1636 2478 ,
1661 2449 1755 2480 neque
1771 2447 1864 2481 pareo
1888 2453 1983 2483 neque
1989 2441 2037 2484 se·

1152 2494 1223 2524 quor
1245 2508 1252 2515 .
1281 2487 1313 2516 A
1341 2484 1518 2518 manifestis
1543 2497 1580 2519 ac
1601 2489 1819 2530 perduellibus
1852 2490 2031 2534 Canonum

1155 2533 1446 2574 praevaricat-iribus
1472 2535 1576 2577 sperni
1599 2548 1738 2580 quatuor
1760 2540 2031 2576 Patriarchalium

1152 2581 1273 2616 sedium
1286 2584 1476 2627 unanimem
1489 2585 1681 2623 sententiam
1694 2611 1704 2627 ‚
1730 2589 1764 2623 δε
1776 2589 1902 2623 adfidue*
1913 2590 1952 2623 ad
1965 2590 2028 2624 Ca-

1150 2643 1253 2666 nones
1268 2633 1418 2676 appellari
1430 2634 1622 2679 indignatus
1633 2637 1677 2671 est
1691 2638 1824 2671 Basilius
1838 2639 2026 2683 Augustus,

1149 2694 1187 2716 ac
1199 2694 1253 2726 per
1264 2683 1430 2718 Bahanem
1441 2684 1617 2719 patritium
1631 2687 1671 2720 ad
1685 2687 1759 2721 illos
1772 2688 1921 2722 loentus:
1947 2691 2025 2723 Dici-

1148 2741 1177 2766 te
1189 2758 1198 2773 ,
1227 2738 1293 2774 quis
1306 2737 1409 2767 Canon
1428 2745 1483 2767 vos
1496 2737 1622 2776 adjuvet
1632 2762 1639 2769 .
1671 2739 1717 2769 Et
1727 2737 1776 2769 ubi
1783 2736 1915 2780 posuerit
1925 2743 2026 2772 Domi-

1148 2794 1203 2815 nus
1223 2788 1356 2816 Canones
1369 2807 1380 2823 ‚
1406 2789 1438 2816 in
1449 2784 1579 2826 Ecclcfiis
1592 2784 1675 2828 suis,
1702 2797 1741 2818 an
1751 2792 1783 2819 in
1794 2789 1891 2830 aliquo
1913 2790 1970 2821 alio
1980 2791 2020 2822 lo-

1147 2844 1176 2864 co
1195 2834 1211 2864 ,ἓ
1238 2837 1279 2866 Et
1291 2833 1341 2866 ubi
1362 2832 1489 2874 Ecclefiae
1505 2834 1566 2876 fint
1587 2835 1670 2869 bodie
1690 2860 1701 2876 ,
1729 2838 1763 2869 &t
1783 2837 1832 2870 ubi
1842 2841 2023 2879 praedicetur

1149 2883 1369 2925 evangelium?
1395 2884 1449 2924 Est
1462 2885 1541 2917 alius
1552 2886 1627 2917 locus
1640 2910 1650 2926 ,
1671 2893 1785 2927 praeter
1808 2899 1892 2930 quem
1919 2898 2023 2923 tenent

1143 2929 1309 2974 sanc‘liffimi
1323 2935 1455 2966 Vicarii?
1483 2936 1537 2968 Ad
1549 2934 1703 2969 Canones
1714 2935 1824 2971 eadem
1839 2940 2022 2974 temeritate

1147 2984 1339 3025 provocanti
1352 2983 1482 3017 fastioni
1496 2985 1665 3021 Acacianae
1678 2987 1720 3019 ita
1732 2987 1830 3021 etiarn
1839 2989 2020 3032 -respondit

1146 3032 1279 3066 Sanstus
1302 3033 1457 3067 Pontifex
1470 3034 1634 3068 Geiafius:
1663 3037 1802 3070 Viderint
1813 3062 1824 3078 ,
1838 3037 1954 3079 ,fialios
1965 3038 2020 3072 ba·-
2038 3042 2124 3082 Epist.
2146 3057 2177 3081 4·

1143 3081 1210 3114 bent
1232 3086 1369 3115 canones
1392 3108 1404 3124 ,
1431 3083 1534 3126 quibus
1558 3091 1686 3126 ineptias
1706 3085 1781 3129 suas
1810 3099 2018 3130 exequantur.

1147 3132 1224 3165 Veri
1237 3133 1324 3165 enim
1338 3131 1491 3167 Canones
1504 3133 1577 3167 sunt
1588 3159 1600 3176 ‚
1626 3137 1711 3179 quia
1726 3137 1870 3181 quinque
1880 3137 2015 3173 Patriar-

1142 3181 1290 3215 chalibus
1312 3182 1439 3216 sedibus
1462 3183 1662 3226 probantur,
1687 3185 1721 3218 &
1741 3187 1917 3222 secundnm
1938 3189 2015 3222 illos

1142 3231 1301 3266 Photium
1320 3233 1354 3266 ὅς
1366 3232 1540 3267 fastionem
1552 3234 1618 3277 ejus
1632 3235 1781 3271 Romana
1793 3238 1934 3274 Ecclefia
1944 3249 2014 3274 om·

1144 3280 1223 3314 nino
1240 3282 1417 3325 judicarat.

1192 3332 1238 3366 At
1250 3333 1322 3365 vide
1334 3333 1619 3371 schismaticorum
1641 3337 1876 3380 impudentiam
1887 3361 1894 3367 -
1923 3335 2010 3369 Rafi-

1143 3382 1188 3414 lio
1203 3382 1354 3427 Augusto
1365 3385 1399 3417 in
1412 3385 1529 3418 faciem
1542 3386 1671 3420 dixere:
1699 3392 1780 3422 Deus
1796 3383 2008 3427 custodiatsan-

1141 3432 1286 3474 c‘liffimum
1298 3439 1451 3477 imperium
1465 3435 1611 3477 vestrum,
1637 3439 1760 3472 verbum
1777 3440 1939 3480 petivimus
1952 3440 2007 3468 im·

1490 3486 1520 3520 C
1545 3499 1563 3522 c
1588 3500 1606 3522 c
1656 3499 1678 3524 2
1872 3489 1957 3527 pum·
