2340 3762
49 288 123 327 Cap.
132 297 158 325 5.

602 205 909 261 Senon-1⁵,
944 217 1004 247 ετ
1038 201 1646 250 ΝοτῑςιιισςτκΛτῐ.
1907 202 1974 265 σὲ,

225 297 277 322 aut
290 287 369 330 fitlli
382 289 588 331 impoffibilitas
598 289 719 330 fuerit,
748 288 954 326 Presbyterum
974 287 1096 325 utilem,

224 341 309 380 cujus
318 339 451 382 dignitas
461 351 526 374 cum
531 341 696 381 prudentia
704 347 827 379 pateat.
854 336 998 377 In'y'ustum
1013 361 1025 377 ,
1049 336 1095 369 in-

224 389 297 433 quit
308 414 318 430 ,
344 395 450 432 accipit
461 389 511 424 hoc
519 399 609 424 caetus
623 389 734 430 noster,
759 396 793 423 ut
802 385 1096 433 qutsquambEptsqi-

218 446 327 481 porum
348 444 509 474 Diaconum
542 441 584 472 ad
597 438 689 482 suam
700 439 860 483 personam
883 439 1016 482 diuigat.
1042 438 1097 470 Hic

221 494 301 523 enim
321 513 331 528 ‚
356 496 428 533 quia
446 489 623 528 Presbyterts
649 497 743 523 minor
760 489 811 533 ff
831 489 974 526 videtur,
994 486 1097 531 fidere

221 550 286 573 eum
298 539 452 583 Epist-opis
463 545 496 573 in
507 541 634 573 Concilio
654 542 735 574 nulla
755 544 868 572 ratione
884 543 1076 580 permittitur
1087 562 1094 569 .

220 589 267 625 Et
278 589 505 636 Presbyterum
516 591 699 635 Legatum,
722 588 799 624 licet
821 587 989 635 synodalia
1012 589 1096 623 Aeta

218 637 545 675 scire&1hbscribere
558 640 740 684 permittat,
767 638 873 674 sedere
894 648 1003 673 tamen
1026 649 1095 673 non

218 688 292 723 vult
302 711 314 728 ‚
338 690 397 724 nifi
409 691 494 726 retro
508 691 780 736 Episcoposinter
798 689 941 733 reliquos
962 687 1097 731 Presby-

218 747 305 774 teros
315 741 519 783 presentium
531 741 782 786 Episcoporum.
818 738 988 774 Diaconos
1006 737 1095 773 enim

216 785 254 824 in
274 790 419 833 synodis
429 791 514 826 retro
535 791 714 834 Episcopos
732 791 806 824 suos
818 787 987 834 oportebat
999 788 1094 822 stare.

270 839 411 875 Praesens
418 839 529 885 itaque
541 842 659 875 Canon
674 864 685 881 ,
710 851 780 874 non
800 839 931 874 tantum
953 839 989 872 in
1007 838 1096 872 Pres-

1161 287 1239 321 item
1249 288 1414 333 originem
1425 286 1533 328 ducit,
1559 287 1649 333 quod
1659 288 1701 323 de
1715 289 1940 334 Metropolitae
1963 291 2043 327 Dia-

1160 349 1248 371 cono
1281 338 1313 371 &
1338 335 1624 383 chartophylace,
1653 339 1888 383 Episcoporum
1914 341 2043 377 elemo-

1161 397 1217 421 nes
1226 398 1303 425 cum
1322 387 1506 424 Provinciae
1519 390 1696 434 Episcopis
1707 389 1870 434 dirigente
1882 414 1893 429 ,
1919 403 1956 426 ac
1978 392 2044 426 illis

1161 432 1342 481 praefidente
1354 439 1502 478 ,scribit
1519 440 1561 476 in
1579 430 1666 474 iibro
1676 439 1717 474 de
1739 437 1833 473 sacris
1853 439 2044 475 Ordinatio-

1161 487 1255 521 nibus
1278 488 1424 530 Symeon
1452 487 1751 533 Archi-Episcopus
1772 488 2046 525 Thessalonicen-

1161 539 1197 571 sis
1211 550 1218 569 z
1244 540 1281 570 In
1295 539 1390 571 medio
1399 537 1702 582 Epffcoporumftdet
1711 564 1723 580 ,
1747 551 1804 572 non
1813 548 1848 573 ut
1859 539 2046 582 chartopby-
2060 525 2133 565 cap·
2142 529 2171 556 ⁶·

1159 589 1212 621 lax
1223 612 1235 631 ‚
1259 599 1295 620 ea
1315 593 1403 620 enim
1426 593 1541 621 ratione
1560 588 1733 623 cathedram
1766 596 1845 623 mter
1864 588 2044 635 Episcopus

1161 637 1338 679 nonhabet,
1357 636 1419 681 sed
1429 644 1553 672 atvices
1573 650 1666 684 agens
1689 635 1793 683 magni
1810 638 1950 683 Epfiopl
1962 666 1970 674 .
1997 642 2046 683 Et

1132 719 1137 723 .
1162 689 1196 724 in
1226 687 1436 727 Florentina,
1456 689 1597 734 Synodo
1611 690 1810 735 =.Gregorius
1832 687 2046 732 Monachus,

1161 737 1331 780 quomodo
1341 739 1450 779 vices,
1477 740 1692 775 ita'&locum
1714 737 1829 774 habuit
1852 740 2047 775 Patriarche

1162 788 1405 829 Alexandrini,
1431 798 1528 833 atque
1537 789 1582 824 ita
1604 790 1723 824 Marco
1746 788 1961 833 Ephesiorum
1986 790 2048 825 Ar-

1161 836 1218 872 chi
1230 857 1240 868 ÷
1252 825 1420 882 Episcopo
1432 862 1444 879 ,
1482 838 1690 874 Antiocheni
1714 839 1852 875 Vicario
1865 863 1878 879 ,
1900 840 2047 883 praelatus

1161 887 1294 931 praebuit
1305 888 1533 923 duraeinvidiae
1543 891 1653 924 ansam
1667 916 1678 932 ,
1704 891 1753 924 uti
1776 891 1810 925 in
1822 890 1964 933 ejusdem
1987 889 2045 933 Sy·

1160 938 1240 972 nodi
1268 937 1403 973 historia
1433 941 1573 983 exponit
1621 940 1781 984 Sylvester
1811 940 2044 985 Sguropulus.

1151 988 1252 1036 ”Qu
1275 988 1310 1023 &
1333 989 1368 1023 in
1385 986 1541 1026 Romana
1564 989 1704 1025 Adriani
1727 989 2046 1026 secundiPontificis
2062 983 2133 1015 5⁶⁶2·
2152 998 2181 1022 4·

216 1046 251 1072 ta
270 1048 371 1081 nuper
380 1039 532 1082 synodus
542 1039 676 1074 Petrum
689 1039 840 1074 Ecclefiae
852 1037 1096 1077 Alexandrinas,
1158 1033 1296 1082 Synodo
1308 1062 1320 1079 ,
1350 1050 1407 1083 per
1427 1038 1593 1075 laudaram
1617 1043 1765 1076 ostavam
1787 1040 1922 1085 probata
1945 1040 1980 1075 &
2002 1040 2047 1074 le·
2061 1033 2144 1096 ἓξὲξ·
2156 1074 2169 1101 5

217 1087 252 1120 &
278 1087 460 1134 Georgium
490 1088 684 1131 Theodori,
714 1101 782 1124 non
805 1086 1017 1129 Patriatchae,
1042 1087 1094 1122 sed
1160 1090 1229 1128 dia,
1257 1090 1398 1132 Joannes
1422 1089 1571 1125 Ecclefiae
1606 1090 1785 1125 Urbinatis
1814 1090 1984 1124 Diaconus
2010 1091 2045 1124 δε
2063 1113 2087 1135 c,
2102 1087 2146 1141 ¹53·
2175 1087 2184 1096 ‘

217 1135 367 1179 Vicarii,
403 1139 633 1180 solummodo,
659 1150 757 1185 quem
780 1140 938 1174 nescimus
957 1151 998 1173 an
1020 1138 1094 1182 Epi·
1160 1140 1303 1183 Legatus
1325 1138 1476 1183 Episcopi
1498 1140 1547 1174 sui
1567 1140 1644 1175 loco
1666 1140 1747 1175 sedit
1781 1151 1820 1175 ac
1844 1139 2044 1183 subscripsit.
2065 1143 2164 1179 Aeta.

215 1188 334 1232 scopus
345 1190 464 1231 fuerit,
488 1190 783 1233 Hierosolymitani
793 1190 938 1235 Legatos
958 1189 1094 1232 Presby-
1162 1190 1342 1224 Eccunffls
1354 1190 1514 1225 Dominis
1524 1189 1782 1236 Cardinalibus‚
1807 1190 1908 1228 etiam
1920 1190 2045 1227 Diaco-

216 1247 303 1272 teros
313 1235 443 1274 admisit
453 1238 494 1273 ad
507 1238 1093 1285 consessum&suffragiuminterPae
1165 1240 1232 1280 nis,
1259 1240 1436 1282 Romana,
1455 1240 1490 1274 &
1515 1240 1713 1283 cruciferis,
1741 1239 1843 1278 etiam
1868 1241 2046 1276 solummo-

213 1288 372 1323 triarchas
389 1300 399 1321 .’
440 1290 488 1325 Ita
518 1290 726 1334 postmodum
746 1290 782 1323 in
809 1291 923 1323 ostava
956 1287 1092 1330 Synodo
1163 1287 1207 1323 de>
1229 1289 1414 1330 Diaconis,
1448 1291 1594 1334 primum
1611 1302 1688 1326 ante
1707 1291 1840 1333 quosvis
1866 1291 2048 1335 Episcopos

215 1337 373 1381 Iosephus
384 1338 593 1380 Monachus,
620 1339 766 1374 Ecelefiae
789 1337 1020 1374 Alexandrinae
1032 1336 1093 1371 Ar·
1163 1350 1200 1373 ac
1212 1339 1444 1382 Metropolitas
1455 1340 1567 1374 locum
1575 1341 1639 1384 jam
1652 1341 1779 1386 pridem
1788 1339 1879 1376 dedit
1900 1340 2048 1377 Ecclesia

213 1384 454 1426 chi-Diaconus
467 1413 478 1428 ,
502 1401 540 1426 ac
551 1387 728 1430 Michaelis
748 1386 940 1421 Patriarchae
950 1388 1092 1430 Legatus
1163 1387 1536 1437 Constantinopolitana
1548 1414 1562 1431 ,
1584 1391 1687 1429 etiam
1706 1399 1795 1437 extra
1817 1390 2019 1439 legationem
2039 1416 2047 1423 .

216 1433 534 1479 seditacsubscripfit
547 1438 622 1469 loco
637 1435 761 1472 laudati
772 1433 967 1471 Michaelis.
996 1434 1090 1469 Hinc
1150 1442 1155 1449 ¹
1719 1439 1721 1441 ’

219 889 344 932 byteris
353 889 506 935 Legatis,
532 889 585 924 sed
606 890 705 923 etiam
728 891 764 923 in
793 889 956 923 Diaconis
978 888 1093 931 probat

216 948 342 973 morem
369 938 504 974 laudatae
524 939 650 983 Synodi
675 937 896 990 Antiochenae
910 962 917 970 .
946 938 989 971 Et
1009 938 1097 972 vide·

216 996 272 1022 tur
287 987 381 1023 fuisse
403 989 590 1024 Graecornm
610 1000 683 1033 mos
701 990 833 1027 usitatus
845 1014 852 1021 .
885 988 1018 1025 Nam&
1029 989 1096 1022 sex-

599 1667 675 1801 C
731 1717 818 1802 A
877 1720 974 1802 N
1031 1682 1277 1854 ΟΝ
1355 1666 1676 1812 '‘V111.

282 1934 332 1982 N
357 1932 558 1983 omnibus
583 1951 659 1995 ea,
694 1953 792 2003 quae
824 1934 850 1986 a
874 1936 1028 1986 nostris
1066 1933 1218 1985 fanestis
1244 1936 1443 1987 Patribus
1469 1937 1643 1989 decreta
1668 1939 1790 2001 sunt,
1826 1959 1907 1992 nos
1932 1961 2046 2010 quo-

212 2052 227 2062 ¹,
314 2020 401 2069 que
414 2020 507 2053 rata
520 2022 570 2054 ac
585 2005 707 2055 firma
720 2004 800 2056 effe
816 2008 1038 2068 volente8‚
1075 2012 1303 2057 Canonem
1315 2025 1496 2076 quoque
1508 2026 1791 2071 renovamus,
1828 2016 1907 2079 qui
1919 2014 2043 2078 jubet

214 2071 540 2140 uniuscujusque
580 2078 819 2125 Provinciae
856 2076 1166 2145 Episcoporum
1203 2080 1443 2145 quotannis
1474 2077 1565 2128 fieri
1589 2081 1814 2147 SynodOS,
1851 2083 1925 2131 ubi
1948 2090 2046 2133 Me-

213 2143 505 2209 tropolitanus
531 2143 769 2212 Episcopus
796 2145 926 2195 satius
950 2146 1031 2196 effe
1067 2146 1236 2197 duxerit
1254 2186 1267 2196 .
1314 2151 1537 2218 Qoniam
1564 2167 1710 2200 autem
1737 2169 1820 2220 pro
1853 2168 1921 2202 ter
1941 2160 2045 2203 Bar-

212 2210 418 2261 barorum
442 2215 728 2276 incursiones,
747 2220 807 2265 v&
819 2216 1025 2283 quasdam
1055 2218 1162 2266 alias
1187 2218 1427 2268 incidentes
1453 2218 1598 2269 causas
1622 2239 1710 2271 non
1735 2171 1932 2291 possunt,
1963 2228 2042 2292 qui

212 2283 414 2331 Ecclefiis
441 2284 662 2352 praefident
685 2322 698 2346 ,
748 2286 946 2354 Synodos
988 2288 1055 2336 bis
1080 2290 1127 2337 in
1152 2305 1267 2339 anno
1297 2289 1460 2350 facere,
1497 2290 1636 2340 visum
1673 2292 1736 2342 est
1777 2308 1825 2341 ut
1859 2296 2041 2345 omnino

213 2350 343 2401 semel
376 2355 423 2401 in
447 2371 565 2404 anno
597 2372 774 2423 propter
812 2358 1130 2408 Ecclefiasticas
1172 2359 1452 2426 quaestiones,
1513 2376 1560 2409 ut
1587 2361 1920 2412 consentaneum
1953 2366 2015 2414 est
2026 2404 2040 2430 ‚

209 2438 480 2485 emergentes
515 2423 592 2472 fiat
627 2424 924 2492 praedictorum
960 2427 1271 2497 Episcoporum
1304 2429 1502 2498 Synodus
1518 2428 1544 2479 ὲ
1570 2429 1712 2482 santio
1734 2431 1903 2483 Paschae
1917 2436 2040 2488 Festo

211 2495 256 2540 &
282 2491 415 2560 usque
441 2492 497 2541 ad
509 2495 880 2547 Ocitobrismenfis
902 2500 1274 2567 complementum
1289 2500 1465 2564 singulis
1481 2503 1631 2562 annis,
1667 2504 1848 2565 inloco,
1875 2523 2037 2573 quem,

211 2576 260 2611 ut
288 2561 536 2629 praedistum
559 2565 643 2625 est,
673 2570 1038 2635 Metropolitanus
1073 2568 1309 2638 Episcopus
1333 2573 1547 2638 aptiorem
1574 2571 1862 2639 judicaverit,
1899 2579 1935 2627 Ii
1963 2596 2038 2628 au—

210 2646 328 2692 tern,
363 2635 442 2700 qui
478 2651 567 2683 non
594 2639 881 2697 conveniunt,
919 2638 1121 2708 Episcopi
1159 2640 1259 2690 curn
1297 2643 1343 2689 in
1381 2640 1464 2690 suis
1504 2643 1761 2694 civitatibus
1796 2662 1955 2708 agant,
1992 2652 2036 2697 δε

208 2699 300 2782 sani
325 2701 431 2763 sint,
467 2704 579 2754 &ab
590 2708 712 2755 omni
732 2708 978 2759 inevitabili
1003 2713 1046 2760 δι
1076 2709 1307 2761 necessario
1333 2714 1514 2777 negotio
1542 2713 1693 2778 liberi,
1732 2714 1921 2767 fraterne
1936 2735 2034 2767 cor-

209 2788 445 2840 riprantur.

645 3078 1322 3166 CANON
1435 3086 1594 3168 IX.

209 3246 451 3384 NUlli
479 3249 609 3300 licere
633 3255 810 3306 Clerico
835 3262 1142 3325 cauponariam
1167 3260 1330 3311 'habere
1357 3260 1608 3313 tabernam.
1644 3267 1686 3313 Si
1700 3280 1846 3316 autem
1859 3267 1906 3316 in
1922 3284 2024 3317 cau·

244 3390 251 3397 .
388 3335 548 3386 ponam
573 3324 741 3385 ingredi
779 3343 867 3374 non
899 3328 959 3376 est
984 3329 1254 3397 permissum,
1304 3348 1473 3399 quanto
1499 3336 1643 3397 magis
1669 3337 1764 3385 aliis
1790 3339 1836 3387 in
1866 3355 1916 3387 ea
1942 3341 2024 3386 mi-

210 3387 410 3449 nistrare,
446 3393 576 3452 &ea,
612 3411 709 3459 quae
731 3412 819 3444 non
843 3398 946 3447 licet
969 3399 1046 3468 ipfi
1086 3405 1265 3451 trastare
1292 3401 1310 3450 ἒ
1358 3405 1402 3452 Si
1430 3405 1530 3472 quis
1558 3420 1704 3457 autem
1731 3409 1818 3457 tale
1844 3407 2021 3470 fecerit,

210 3458 283 3506 vel
303 3456 428 3508 ceffet
443 3495 456 3519 ,
480 3462 551 3511 vel
576 3461 817 3531 deponatur
833 3503 846 3514 .

308 3526 410 3569 christ.
422 3531 499 3575 Lupi
510 3534 591 3575 oper.
606 3536 682 3568 rom.
692 3538 746 3569 111.
1577 3544 1596 3578 1
1894 3544 1974 3586 CA·
