2340 3762
393 211 465 251 66

723 206 1022 252 ‚Camertes
1058 204 1356 252 Concuu
1391 199 1729 253 ΤιωιιΛΝι.

775 364 1481 481 CANON.
1586 394 1690 481 X.

313 599 652 752 Episcopus,
685 608 948 678 Presbyter,
982 610 1055 664 vel
1095 612 1348 672 Diaconus,
1377 610 1632 679 iqui'usuras
1645 650 1659 675 ,
1706 612 1777 667 vel
1802 631 1900 685 quae
1936 613 2145 665 dicuntur

358 703 360 705 ¹
453 678 707 755 ,centesimas
728 682 933 750 accipit,
967 682 1041 740 vel
1066 679 1196 736 ,cesset
1216 718 1235 749 ,
1271 683 1345 737 vel
1368 681 1645 756 deponatur.
1883 728 1886 730 Α
1932 730 1935 733 ,
1971 705 1985 732 x
2142 714 2143 717 =

746 981 1431 1073 CANON
1540 987 1706 1073 XI.

351 1249 354 1250 γ
456 1202 773 1260 Επιοκςοωηι,
807 1201 973 1269 quiin
1005 1199 1266 1254 ‚sacerdotali
1296 1200 1471 1252 Ordine
1500 1216 1833 1263 enumerantur,
1870 1202 1943 1254 vel
1967 1201 2138 1261 laicuS,

474 1267 736 1337 Judaeorum
760 1287 926 1337 ,azyma
937 1270 1143 1323 comedat
1155 1307 1169 1332 ‚
1205 1271 1279 1323 vel
1297 1273 1434 1324 ullam
1443 1290 1547 1323 cum
1558 1275 1619 1324 eis
1638 1272 1981 1330 familiaritatem
1992 1274 2111 1320 ineat
2119 1306 2141 1331 ,Ι

306 1339 383 1404 vel
419 1341 465 1388 in
491 1338 653 1388 morbis
685 1338 903 1401 accersat,
938 1340 1092 1394 velab
1114 1343 1177 1390 eis
1220 1339 1460 1393 medicinas
1485 1343 1708 1414 accipiat,
1745 1342 1819 1391 vel
1841 1341 1928 1391 una
1952 1357 2054 1389 curn
2077 1343 2142 1391 eis

307 1410 357 1460 in
379 1407 548 1457 balneis
578 1409 750 1462 lavetur
766 1445 778 1457 .
815 1411 858 1456 Si
880 1412 983 1474 quis
1015 1425 1165 1459 autem
1193 1411 1278 1459 hoc
1303 1409 1445 1463 ,facere
1468 1409 1680 1473 aggreffus
1703 1411 1834 1464 fuerit
1857 1447 1872 1472 ‚
1907 1410 1938 1461 fi
1956 1410 2015 1469 fit
2039 1400 2143 1478 quiss'

307 1476 412 1530 dem
426 1477 936 1552 Clericu3,deponetur3
970 1477 1005 1533 fi
1028 1494 1174 1533 autem
1186 1473 1322 1533 laicus
1329 1515 1348 1546 ,
1385 1476 1653 1547 segregetur,
1854 1471 1857 1476 ¹
1993 1475 1995 1478 ’
2132 1475 2137 1480 ’

495 1652 999 1701 SCHOLION-

406 1797 659 1842 Ntiquiffimum
669 1796 714 1832 est
727 1796 878 1831 Canonis
892 1792 1053 1840 p'raesentis
1062 1795 1210 1835 interdi-v

431 1851 517 1884 &um
532 1872 539 1882 .
565 1848 729 1894 Vulgares
749 1847 935 1892 Apostolici
956 1846 1113 1881 ..Canones
1128 1857 1197 1882 om-

129 1906 229 1943 8069.
246 1884 347 1940 70·}ni
373 1899 560 1944 Episcopo,
586 1899 741 1939 Clerico,
768 1898 855 1932 laico
876 1896 1066 1942 rigidiffime
1085 1907 1196 1931 vetant

130 2180 216 2214 c.49

130 2220 225 2254 037.

304 1960 388 1985 cum
398 1948 515 1993 Judaeis
536 1949 701 1994 jejunare,
723 1947 804 1984 festa
827 1959 944 1993 agere,
966 1945 1118 1984 ,lucernas
1141 1959 1195 1982 ac-

305 2001 470 2041 cendere,
501 2001 617 2035 oleum
635 1999 679 2036 ad
708 1999 903 2043 Synagogas
924 1999 1004 2035 ferre
1023 2022 1034 2039 ,
1061 1997 1192 2041 Azyma

309 2061 366 2087 aut
378 2050 516 2095 quodvis
525 2051 670 2084 Xenium
681 2048 823 2095 accipere
834 2073 842 2080 .
870 2047 1077 2085 Confirmant
1089 2049 1194 2090 Syno-

303 2101 370 2136 1dus
392 2100 561 2135 Eliberina
580 2125 590 2140 ,
617 2098 849 2139 Laodiceam,
886 2107 999 2143 quarta
1022 2096 1193 2143 Carthagi-

303 2150 436 2191 nenfis‚
461 2152 496 2186 ὅ(
509 2152 542 2184 in
564 2149 722 2193 Hispanis
742 2150 776 2183 &
797 2148 977 2186 Gallicanis
997 2146 1193 2182 canonibus

219 2195 227 2205 ⁸
244 2190 291 2254 33:
309 2198 452 2236 nihilest
475 2199 695 2244 frequentius.
734 2199 858 2233 Eorum
877 2197 998 2243 quippe
1018 2199 1103 2235 sacra
1124 2198 1191 2242 jam

309 2251 460 2291 dudum,
487 2263 556 2285 non
575 2249 786 2288 solummodo
806 2260 907 2283 vacua
928 2260 969 2286 ac
990 2259 1113 2293 egena,
1139 2246 1191 2284 sed

304 2303 342 2337 &
353 2301 520 2337 mortifera
540 2313 578 2335 ac
597 2300 675 2338 Deo
693 2301 794 2336 exosa
812 2299 975 2334 elementa
995 2299 1078 2333 fasta
1092 2299 1166 2332 sunt
1178 2322 1190 2340 ,

310 2350 452 2396 ideoque
462 2363 532 2388 non
550 2350 685 2391 minus,
707 2350 809 2394 quam
831 2349 853 2384 ,ὲ
875 2348 1051 2394 gentilium
1069 2348 1191 2383 sacrile-

313 2402 379 2447 giis
390 2424 401 2440 ,
410 2412 539 2444 oportet
550 2412 611 2435 nos
621 2400 664 2438 ,ab
675 2401 746 2444 ipfis
757 2398 918 2434 abstinere
932 2407 945 2432 .'
966 2399 1072 2436 Fuere
1084 2399 1168 2434 olim
1179 2422 1190 2439 ,

306 2452 360 2486 uti
371 2452 407 2485 in
419 2451 587 2495 Hispaniis
598 2475 609 2493 ‚
635 2451 680 2487 ita
701 2451 734 2484 &
749 2451 784 2483 in
797 2449 1027 2493 Galliisionge
1039 2449 1190 2492 plurimi:

308 2501 418 2547 ‘Qiod
442 2500 616 2545 Philippus
626 2498 786 2541 Pulcher,
812 2501 1014 2537 Francorum
1036 2499 1128 2541 Rex,
1154 2498 1191 2533 in

311 2563 374 2586 nos
385 2550 545 2586 Flandros
559 2561 696 2584 movens
706 2548 884 2584 exercitum
899 2574 910 2590 ,
921 2550 1056 2595 triginta
1070 2549 1192 2593 Judaeo-

310 2612 386 2636 rum
397 2601 501 2637 millia
513 2601 654 2641 armarit,
664 2611 701 2633 ac
713 2600 747 2633 in
760 2601 868 2634 fronte
878 2601 1018 2642 posuerit
1031 2624 1043 2640 ,
1053 2601 1186 2634 testatur

310 2652 348 2687 in
363 2650 525 2686 chronico
537 2651 703 2687 Henricus
722 2651 837 2691 Stero,
861 2649 1051 2686 Monachus
1070 2647 1186 2684 Altha-

134 2715 269 2749 ›Vl-¹295·
310 2702 437 2739 neniis.
461 2700 728 2739 Hinc&eorum
738 2700 857 2733 usualis
876 2702 986 2735 mensa
1005 2701 1068 2737 fuit
1090 2699 1186 2734 nobis

139 2762 228 2790 ³²94·

309 2752 397 2788 olim
407 2750 599 2787 severiffime
619 2748 803 2788 interdicta.
828 2749 906 2784 odo
924 2750 1102 2787 Parifienlis
1127 2749 1187 2787 sub

312 2802 478 2848 Gregorio
501 2804 620 2839 octavo
639 2799 800 2838 Pontifice
822 2800 998 2843 Episcopus
1018 2800 1128 2835 statuit
1150 2801 1185 2834 in

317 2852 380 2885 suis
399 2851 662 2897 Capitularibus,
694 2862 737 2887 ne
757 2849 904 2884 laniones
926 2849 1104 2885 Christiani
1125 2862 1187 2884 car·

1251 1653 1377 1693 'propter
1383 1651 1469 1686 illam
1481 1650 1649 1686 horribilem
1660 1650 1885 1684 immunditiam
1893 1674 1904 1690 ,
1925 1661 2021 1692 quam
2032 1655 2066 1683 in
2074 1659 2138 1682 con-

1254 1708 1400 1743 temptum
1409 1702 1594 1737 sacrament}
1603 1701 1716 1739 Altam
1727 1699 1871 1744 faciunt.
1898 1698 1956 1733 Ob
1977 1698 2138 1743 ejusmodi

1251 1751 1447 1796 'sacrilegum
1458 1750 1586 1788 facinus
1594 1745 1733 1793 fuereab
1739 1749 1812 1793 ipso
1823 1747 1979 1793 Philippo
1991 1748 2137 1784 Pulchro

1253 1797 1271 1833 ὲ
1298 1797 1410 1834 Gallia
1437 1794 1627 1846 proscripti,
1650 1799 1688 1835 ,δε
1719 1797 1740 1835 ὲ
1765 1797 1912 1843 pluribus
1936 1797 2137 1833 Christianis

1256 1849 1465 1894 Principibus
1476 1850 1555 1885 dure
1573 1862 1633 1894 pro
1642 1850 1762 1885 merito
1776 1848 1904 1894 puniti.
1931 1848 1978 1886 Et
1997 1849 2071 1892 quis
2083 1859 2138 1883 ne·

1255 1899 1333 1945 sciat
1345 1900 1503 1935 Carolum
1515 1900 1656 1935 Calvum
1668 1924 1679 1940 ‚
1700 1898 1935 1943 Imperatorem
1945 1910 1984 1933 ac
1994 1900 2137 1935 Franco-

1256 1960 1326 1986 rum
1339 1946 1468 1995 Regem
1484 1974 1496 1991 ‚
1521 1950 1660 1986 Sedeciae
1681 1949 1805 1993 Iudaei,
1829 1948 1952 1985 medici
1969 1949 2041 1989 sui,
2068 1959 2135 1983 ma-

1256 1999 1364 2044 leficio
1376 2001 1545 2037 occisum?
1571 1998 1743 2046 Hincjure
1762 1999 1862 2038 etiarn
1884 1998 2063 2044 Gregorius
2083 1998 2139 2034 de-

1254 2050 1363 2084 cimus
1374 2051 1486 2086 tertius
1501 2049 1656 2087 Pontifex
1664 2054 1781 2086 eorum
1792 2048 1938 2085 medicos
1955 2059 1995 2084 ac
2004 2045 2138 2089 medici-

1256 2100 1314 2134 rias
1325 2099 1474 2135 fidelibus
1485 2099 1655 2135 interdixit
1666 2123 1674 2132 .
2126 2115 2128 2118 ·
2153 2092 2156 2096 ”

1303 2150 1387 2186 Haec
1399 2149 1516 2190 verba,
1542 2152 1574 2185 51·
1592 2149 1726 2184 clericus
1742 2147 1808 2191 fit,
1828 2149 1996 2191 deponatur
2003 2159 2019 2191 ,·
2038 2146 2070 2191 ,ὅ
2082 2149 2137 2185 lat·

1253 2211 1323 2240 cus,
1343 2199 1537 2245 segregetur,
1559 2199 1743 2243 frequenter
1761 2208 1941 2234 occurrunt
1962 2198 1997 2232 in
2007 2197 2138 2240 Greco-

1254 2261 1326 2284 rum
1338 2249 1555 2289 Canonibus,
1581 2246 1781 2292 Episcopum
1800 2259 1857 2282 aut
1866 2248 2015 2292 quemvis
2035 2247 2139 2282 Cleri·-

1253 2311 1330 2334 cum
1341 2301 1396 2333 vix
1406 2299 1453 2334 ob
1467 2300 1571 2335 ullum
1582 2300 1706 2335 crimen
1721 2297 1921 2343 privantibus
1931 2298 2138 2343 gradu'fimui

1253 2351 1288 2384 &
1302 2350 1539 2384 communione
1550 2375 1557 2382 .
1587 2347 1757 2383 Adversari
1768 2344 1770 2346 ’
1780 2348 1812 2382 id
1826 2349 1990 2390 credideru
1997 2359 2032 2381 nt
2042 2349 2138 2382 Divi-

1254 2412 1300 2434 no
1322 2399 1477 2435 Carioni,-
1503 2404 1575 2434 Non
1597 2398 1768 2434 vindicabis
1792 2399 1840 2430 bis
1862 2404 1895 2430 in
1915 2395 2064 2440 idipsum.
2091 2397 2137 2431 Et

1253 2449 1331 2484 hinc
1350 2449 1391 2483 T
1392 2449 1587 2494 heophilum
1608 2447 1828 2484 patriarcham
1848 2447 2137 2487 Alexandrinum-4

1251 2501 1307 2544 qui
1322 2500 1442 2534 Bistem
1464 2499 1694 2544 Presbyterum
1713 2498 1875 2533 adulterio
1900 2497 2024 2542 lapsum
2044 2507 2135 2533 extra

1253 2551 1411 2585 laicorum
1422 2550 1521 2584 etiam
1530 2549 1802 2584 communionem
1817 2546 1975 2590 abjecerat
1987 2569 1999 2586 ,
2022 2547 2136 2591 culpat

1251 2599 1454 2635 Theodorus
1484 2599 1660 2635 Balsamon
1675 2622 1685 2638 ,
1719 2597 1832 2632 dicens
1851 2596 2006 2641 judicasse
2024 2596 2135 2632 adver·

1248 2651 1322 2688 sum
1347 2650 1558 2694 Apostolicos
1572 2673 1585 2691 ,
1610 2649 1718 2684 Sancti
1744 2647 1855 2683 Bafilii
1870 2672 1881 2689 ‚
1905 2648 1941 2682 ἀ
1963 2646 2134 2692 Carthagi-

1253 2701 1367 2736 nenses
1389 2701 1565 2740 canones,
1602 2699 1768 2735 Clericum
1795 2709 1893 2732 carne
1913 2698 2037 2741 lapsum
2063 2695 2134 2730 solo

1251 2751 1355 2794 gradu
1374 2774 1384 2790 ,
1414 2748 1624 2793 ‘nequaquam
1660 2748 1899 2785 communione
1921 2747 2133 2782 mulctantes.

1252 2801 1380 2835 Verum
1393 2800 1535 2835 Ecclefia
1558 2799 1678 2833 Latina
1702 2809 1773 2832 reos
1793 2797 1933 2842 graviter
1953 2796 2135 2840 Episcopus

1250 2852 1285 2887 ,ἃ
1297 2850 1442 2885 Clericos
1458 2849 1626 2884 muletavit
1647 2849 1829 2893 frequenter
1838 2856 1978 2890 utroque
1990 2870 2001 2885 ,
2028 2846 2076 2880 uti
2098 2845 2136 2881 li-

317 2913 370 2936 nes
378 2900 446 2945 suas
457 2905 476 2935 ᾶ
483 2907 514 2948 J
516 2904 612 2937 udaeis
622 2903 732 2935 laniari
738 2905 915 2942 permittant
926 2925 936 2940 ,
963 2900 1016 2942 nist
1023 2911 1101 2934 totas
1113 2901 1187 2933 deti·
1252 2912 1332 2949 quet
1345 2911 1387 2935 ex
1396 2900 1503 2948 primo
1515 2899 1549 2935 ὃ(
1560 2898 1702 2936 secundo
1716 2898 1856 2934 Canone
1867 2894 2042 2934 Sardicensi
2051 2921 2060 2930 ‚

312 2959 429 2989 mant.
455 2952 712 2987 Etiamicalcato
729 2962 787 2999 per
814 2961 870 2985 eos
890 2952 970 2987 vino
990 2951 1040 2988 uti
1061 2952 1187 2994 vetuit,

731 3163 949 3314 CA
1008 3163 1107 3313 N
1162 3233 1251 3315 O
1310 3164 1411 3316 N
1518 3164 1736 3315 xri.

317 3394 533 3534 POrro
557 3395 646 3445 hoc
666 3411 846 3460 quoque
867 3394 923 3444 ad
955 3397 1140 3447 nostram
1162 3399 1466 3461 cognitionem
1498 3396 1697 3463 pervenit
1710 3427 1724 3452 ,
1759 3386 1885 3458 quod
1897 3389 1943 3436 in
1957 3385 2134 3449 Africa,

449 3481 498 3516 et
528 3464 698 3532 Lybia,
734 3479 779 3513 et
806 3464 903 3514 aliis
930 3465 1039 3515 locis
1061 3466 1242 3533 quidam
1265 3486 1317 3519 ex
1341 3469 1394 3516 iis
1411 3502 1424 3526 ,
1459 3468 1539 3535 qui
1569 3465 1660 3513 illic
1687 3459 1808 3521 sunt,
1838 3457 2134 3523 religiofissimi

740 3540 752 3572 ἶ

2007 3528 2088 3572 'Rrae-
