2340 3762
0 3380 2 3404 >

58 3427 129 3467 Cap.
144 3431 171 3460 6.

605 174 1011 230 Scn01113‚·m
1045 168 1235 217 Nous
1270 182 1646 216 1LLusTRA11.
1877 183 1966 229 145

221 264 426 314 haeretico
456 298 471 323 ,
509 265 588 331 qui
624 265 735 313 hanc
770 279 926 314 vocem
963 258 1190 310 innovavit
1225 294 1238 306 .
1274 260 1374 309 Nos
1407 273 1585 324 quoque
1621 252 1924 304 confirmantes
1961 270 2012 303 ea
2023 278 2043 314 ,-

223 342 320 401 quae
355 332 382 382 ὲ
416 332 567 384 [ειηᾶἰε
602 334 753 384 nostris
788 331 985 382 Patribus
1021 328 1135 399 prius
1183 327 1253 396 pie
1289 326 1524 376 constituta
1559 325 1656 374 sunt
1691 362 1704 386 ‚
1752 326 2045 374 anathemati-

224 420 374 453 zamus
412 422 497 454 eos<
521 437 537 468 ,
582 407 661 471 qui
697 405 791 472 post
825 399 1000 473 praesens
1036 400 1255 449 decretum
1290 395 1497 462 ejusmodi
1533 413 1689 446 vocem
1724 394 1963 444 admittunt
1998 397 2045 443 in

224 474 426 523 Ecclefiis
459 511 472 537 ,
507 475 577 524 vel
613 476 764 541 aliquo
799 475 886 523 alio
921 471 1054 523 modo
1074 508 1088 533 ‚
1123 467 1375 519 san&iffimo
1410 466 1580 533 hymno
1615 464 1883 531 adjungunt.
1919 467 1979 512 Et
2014 462 2048 521 fi

224 542 287 591 est
321 543 498 612 quidem
533 544 814 594 Sacerdotalis
849 541 1014 592 ordinis
1050 579 1063 603 ,
1097 542 1175 607 qui
1212 533 1481 601 transgressus
1514 535 1576 587 est
1610 571 1624 595 ,
1659 553 1769 584 eum.
1791 532 2044 584 sacerdotali

226 611 440 677 dignitate
474 617 636 687 privari
671 615 866 684 jubemus
895 635 910 676 3
946 613 1007 663 fin
1041 626 1186 665 autem
1222 610 1356 662 laicus
1392 607 1463 660 vel
1498 604 1734 657 monachus
1759 640 1773 666 ‚
1810 605 2018 670 segregari
2029 608 2049 654 .’

413 817 904 862 Scuor1ou.

290 958 413 996 Actum
425 959 615 1005 Trisagium
629 984 640 1002 ‚
665 962 719 996 seu
731 958 875 1004 hymnus
887 985 897 1000 ,
920 960 954 993 in
969 970 1035 1003 quo
1047 962 1104 993 Ter

222 1035 225 1037 Α
313 1009 440 1054 fundus
455 1012 604 1052 canitur,
614 1012 658 1046 est
673 1010 728 1045 hic
746 1024 756 1044 .·
782 1011 907 1044 Saucius
920 1013 1002 1043 Deus
1016 1034 1026 1050 ,
1034 1007 1105 1053 san-

223 1061 292 1094 Hus
315 1064 419 1095 Fortis
442 1085 453 1101 ,
474 1059 597 1104 fundus
619 1063 798 1095 Immortalis
829 1059 962 1104 miserere
994 1060 1077 1093 nobis
1086 1085 1094 1092 .

221 1110 307 1153 Ejus
319 1111 480 1156 originem
490 1111 591 1145 edicit
603 1112 694 1146 Felix
705 1111 819 1146 tertius
829 1110 988 1145 Pontifex
997 1111 1030 1144 in
1055 1110 1107 1144 lit-

169 1194 179 1203 „
224 1161 304 1195 teris
318 1160 360 1195 ad
373 1161 509 1196 Petrum
530 1160 728 1205 Cnapheum
748 1163 802 1196 seu
819 1161 995 1195 Fullonem
1009 1184 1019 1200 ,
1045 1159 1107 1193 Pa-

222 1209 400 1245 triarcham
420 1210 672 1247 Antiochenam
695 1235 706 1252 ,
740 1211 968 1255 nequiffimum
1005 1210 1107 1250 Euty-

224 1258 420 1295 chianistam
431 1286 438 1292 .
464 1264 543 1294 Cum
562 1270 653 1295 terrae
666 1269 745 1294 motu
756 1261 1021 1302 Constantinopolis
1036 1272 1107 1302 qua-

228 1318 361 1352 teretur,
383 1309 566 1353 populusque
587 1316 619 1343 in
639 1319 740 1352 campo
763 1320 862 1344 oraret
875 1335 887 1351 ,
913 1310 1085 1352 infantulus
1098 1333 1108 1349 ,

230 1368 291 1393 toto
298 1362 406 1403 populo
413 1359 563 1404 speHante
584 1371 649 1394 cum
661 1363 760 1394 Proclo
783 1365 919 1394 civitatis
944 1357 1086 1402 Episcopo
1098 1383 1108 1398 ,

231 1414 267 1442 in
275 1412 376 1442 coelum
391 1417 448 1450 per
458 1420 548 1441 unam
571 1409 674 1441 boram
694 1418 799 1450 raptus
812 1409 870 1448 est,
897 1408 993 1449 ibique
1011 1406 1109 1448 hujufi

233 1457 312 1491 modi
323 1459 430 1490 didicit
450 1456 585 1495 hymnum
598 1480 609 1496 ‚
634 1458 807 1498 rursumque
830 1455 1009 1498 descendens
1031 1466 1110 1488 nun-

231 1510 327 1541 tiavit
337 1518 404 1549 quae
414 1511 447 1539 in
467 1505 574 1539 ethere
585 1507 726 1539 audierat
743 1530 754 1545 ,
777 1507 878 1538 dicens
890 1507 928 1539 de
950 1506 1016 1538 coelo
1030 1502 1114 1547 quafi

232 1558 273 1590 de
289 1555 478 1600 psallentium
498 1557 686 1590 multitudine
712 1554 881 1598 hujusmodi
906 1557 1009 1588 laudes
1035 1553 1109 1597 inso-

233 1607 320 1650 nuiffe
329 1607 450 1640 auribus
467 1604 533 1649 suis·
546 1630 557 1646 ,
581 1606 745 1648 dillumque
761 1605 817 1647 fibi
830 1614 863 1639 ut
882 1617 948 1639 eam
968 1606 1110 1638 laudatio-

233 1666 302 1689 nem
306 1656 414 1698 popula
424 1656 567 1688 indicaret
583 1679 596 1695 ,
617 1666 707 1697 quam
719 1655 772 1688 ubi
782 1656 885 1696 populi
910 1662 1087 1696 incoeperant
1098 1678 1108 1694 ,

234 1710 393 1739 civitatem
412 1713 579 1746 receperunt
608 1728 619 1745 ‚
645 1708 762 1748 Deoque
778 1713 835 1747 per
858 1703 1024 1747 hujusmodi
1048 1705 1111 1737 lau-

234 1755 304 1788 dem
307 1759 438 1796 propitio
440 1754 528 1796 fac‘lo
539 1778 550 1794 ‚
574 1754 614 1786 ab
636 1760 800 1787 imminenti
829 1760 877 1787 ira
886 1755 1005 1788 liberati
1014 1753 1088 1797 sunt
1103 1778 1110 1785 .

232 1803 279 1840 Et
290 1804 426 1838 sauctus
438 1804 646 1851 Qintianus
659 1804 1024 1847 Asculanusin·Apu11a
1037 1804 1112 1846 Epi-

234 1856 353 1898 scopus
364 1854 398 1887 in
411 1853 525 1888 litteris
536 1853 575 1887 ad
587 1854 737 1887 eumdem
751 1853 884 1887 Petrum
896 1879 903 1885 .
930 1858 1051 1895 Oportet
1066 1852 1111 1895 se-

236 1911 288 1948 qui
299 1905 510 1938 revelationem
526 1901 692 1946 sanblifflmi
705 1906 798 1937 Procli
820 1903 1113 1946 Constantinopolita—

235 1962 286 1990 ‘nae
307 1953 441 1996 Ecclefiae
452 1952 615 1996 Episcopi,
635 1955 755 1996 quando
780 1959 812 1987 in
823 1961 956 1995 campum
975 1965 1040 1987 cum
1053 1961 1113 1986 toto

232 2004 339 2048 populo
361 2009 488 2037 cucurrit
501 2028 511 2043 ,
538 2003 695 2041 flulluame
719 2002 785 2047 ipsa
807 2010 932 2038 civitate
948 2002 1003 2046 fich
1024 2012 1113 2037 terrae

235 2063 316 2088 mtu
327 2078 338 2094 ,
358 2053 535 2086 &omnibus
544 2053 646 2092 fletum
665 2053 867 2086 emittentibus
880 2077 890 2092 ,
914 2055 1034 2094 repenti
1040 2061 1114 2093 puer

236 2109 271 2137 in
282 2113 354 2136 aera
366 2102 489 2136 levarit}
498 2102 629 2143 quadam
640 2105 754 2135 virtute
764 2126 774 2142 ‚
800 2104 834 2135 (r
844 2101 910 2134 huic
922 2106 1030 2144 imponi
1045 2105 1111 2134 Tri-

232 2152 349 2197 sagium
361 2155 494 2185 Litaniae
505 2175 516 2191 ,
541 2152 576 2186 ά*
587 2152 680 2185 diem
691 2175 702 2192 ,
715 2150 943 2186 SANCTUS
956 2152 1060 2186 DEU
1069 2152 1090 2185 S
1101 2176 1110 2192 ‚

232 2202 455 2238 SANCTUS
467 2200 639 2235 FORTIS
651 2225 663 2241 ‚
689 2201 917 2236 SANCTUS
932 2201 1112 2235 lMMOR-

232 2251 375 2287 TALIS
385 2250 627 2285 MlSERERE
641 2250 779 2286 NOBIS
795 2275 806 2291 ,
834 2253 868 2285 (tt
879 2250 941 2284 baec
952 2257 1111 2285 annuncia·

232 2314 268 2336 re
272 2303 382 2344 populo
385 2301 482 2344 jussus
492 2300 530 2341 est
550 2324 560 2341 ,
578 2299 672 2342 sicque
677 2308 734 2342 per
745 2309 807 2334 tres
831 2301 920 2334 horas
934 2307 967 2334 in
977 2302 1110 2335 tribuna-

232 2351 344 2392 listans
352 2349 448 2394 secum
455 2351 544 2392 pedes
557 2349 641 2392 ipsius
654 2348 794 2393 Episcopi
804 2350 866 2384 baec
876 2356 1015 2385 narravit
1026 2376 1034 2384 .
1060 2355 1091 2385 Ε
1094 2361 1107 2385 t

230 2400 428 2443 ficpostquam
442 2403 582 2432 Litanias
599 2399 741 2441 fecerunt
755 2425 765 2440 ‚
785 2401 869 2441 stetit
887 2410 978 2435 terrae
995 2410 1090 2435 motus
1102 2427 1109 2433 .

233 2451 379 2485 Aeacius
398 2449 791 2492 Constantinopolitanus
820 2451 995 2495 Episcopus
1015 2451 1108 2486 adfir-

234 2510 302 2534 mat
318 2510 473 2543 puerum,
501 2498 540 2533 ad
555 2499 653 2533 instar
673 2498 767 2534 Pauli
783 2499 954 2544 Apostoli,
980 2510 1106 2544 raptum

233 2549 327 2583 fuisse
339 2552 373 2582 in
387 2548 517 2583 tertium
529 2548 648 2582 coelum
660 2574 670 2590 ,
697 2559 794 2593 atque
808 2551 876 2585 illic
898 2550 1051 2585 audivisse
1061 2563 1108 2585 ar-

235 2610 351 2633 canam
365 2598 580 2642 psalmodiam
592 2598 769 2632 sanQQrum
784 2599 990 2645 Angelorum
1004 2626 1011 2633 .
1039 2602 1108 2636 Ad-

234 2649 288 2683 dit
311 2649 463 2692 Asclepas
482 2649 662 2692 Episcopus
673 2648 871 2684 Trallenfis.
899 2651 975 2683 Cum
990 2663 1104 2694 graves

235 2707 326 2734 terrae
339 2707 431 2732 motus
453 2704 606 2732 civitatem
615 2697 968 2740 constantinopolitanam
978 2701 1108 2745 occupas-

230 2746 322 2792 sent,
347 2760 474 2793 magnus
496 2751 530 2783 eb·
536 2756 676 2790 parvus,
704 2750 789 2782 dives
800 2751 833 2782 ὦ·
839 2758 979 2792 pauper,
1000 2749 1107 2794 servus

234 2799 271 2831 θ
286 2799 373 2840 liber,
399 2808 487 2832 extra
505 2803 660 2832 civitatem
679 2803 712 2832 in
720 2808 822 2841 campo
839 2799 1004 2842 secedentes
1021 2800 1109 2843 simul

234 2858 442 2882 concurrerunt
454 2873 465 2890 ‚
485 2848 651 2892 frigoribus
673 2849 707 2882 Θ
720 2848 814 2888 hyeme
824 2850 866 2882 ibi
886 2853 938 2884 diu
946 2854 1034 2893 perdi
1045 2865 1104 2886 ma·

234 2899 327 2931 lentes
339 2921 350 2937 ‚
375 2910 464 2940 quam
483 2904 601 2932 civitati
626 2897 682 2940 ipsi
696 2902 833 2943 conjungi
845 2894 862 2932 .’
896 2901 954 2935 Eis
973 2901 1104 2936 aderant

232 2946 335 2981 etiam
354 2945 558 2982 Theodosius
580 2948 748 2993 Augustus
770 2950 950 2985 &Sanetus
970 2950 1104 2986 Procius

232 2995 422 3032 Patriarcha
433 3021 441 3030 .
467 2998 585 3042 ,Quibus
606 2999 656 3032 ubi
666 3002 748 3032 Deus
755 3008 877 3042 parcere
888 3003 1043 3034 clementer
1057 3004 1103 3035 dl-

232 3054 343 3090 gnatus
354 3044 392 3086 est
404 3070 415 3085 ,
440 3049 588 3081 revelavit
610 3049 694 3081 beato
713 3051 812 3085 Proclo
824 3049 989 3094 Trtsagium
1010 3054 1101 3085 accla-

234 3107 335 3136 mare,
362 3097 425 3128 cum
436 3094 492 3137 ipfi
505 3097 780 3140 adpropulsandam
802 3105 880 3132 iram
894 3105 1037 3134 Litanias
1049 3102 1101 3144 fa-

229 3154 346 3180 terent.
375 3149 420 3178 Et
435 3146 486 3179 boc
498 3157 557 3179 non
566 3153 618 3179 uni
633 3148 687 3181 vel
702 3149 810 3182 duobus
822 3159 921 3183 notum
937 3151 1023 3192 fuit,
1044 3152 1102 3195 sed

230 3197 425 3231 arimundo.
454 3196 600 3229 Similem
621 3196 728 3231 eidem
748 3199 873 3234 civitati
896 3212 964 3234 non
977 3201 1020 3236 ita
1041 3203 1101 3245 pri-

231 3245 308 3280 dem
328 3245 424 3280 antea
445 3246 623 3279 immissum
641 3245 811 3281 Divinitas
844 3259 999 3284 terrorem
1019 3267 1037 3291 ‚⁴
1056 3251 1101 3285 ob

233 3294 368 3330 Arcadii
392 3295 534 3340 Augusti
554 3295 725 3338 &Synodi
748 3297 789 3330 ad
803 3297 968 3342 Qercum
982 3299 1099 3334 ‹barba-

233 3344 369 3380 riem'in
387 3347 540 3380 Sanctum
560 3347 721 3389 Joannem
738 3343 1007 3388 Chrysostomum
1020 3372 1031 3388 ‚
1057 3361 1100 3384 re-

231 3394 294 3428 fert
305 3395 339 3429 in
350 3398 485 3432 trastatu
503 3396 544 3430 de
556 3395 644 3429 urbis
664 3395 795 3429 excidio
805 3396 936 3431 Sanetus
950 3396 1100 3442 Augusti-

232 3453 315 3479 nus.
334 3443 436 3479 Porro
460 3445 729 3489 hymnumissum
752 3446 853 3491 longe
873 3448 1100 3485 sanffiffimum

332 3494 440 3535 christ.
453 3499 531 3541 Lupi
543 3500 630 3539 Oper.
641 3498 775 3530 Tem-HI.

1165 806 1283 851 recepit
1292 807 1395 842 etiam
1408 806 1560 841 Romana
1571 815 1610 839 ac
1623 803 1732 839 omnis
1744 801 1864 838 Latina
1881 802 2022 838 Ecclesia
2036 827 2048 844 ,

1165 870 1200 892 ac
1213 858 1394 891 etiamnum
1407 856 1507 892 hodie
1529 857 1565 889 in
1578 857 1684 890 sancta
1707 854 1880 890 parasceve
1897 852 1997 900 graece
2010 864 2049 887 ac

1166 906 1266 941 latine
1277 906 1454 942 solenniter
1467 915 1638 941 cantamus
1647 931 1654 937 .
1859 929 1861 933 .

1216 956 1315 991 Recie
1325 957 1407 991 dicit
1418 959 1552 1001 praesens
1564 957 1685 990 Canon
1699 956 1897 990 sacrosancto
1920 953 2051 998 hymno

1166 1007 1257 1041 fuisse
1277 1008 1295 1040 ὲ
1322 1007 1476 1041 scelerato
1497 1006 1649 1040 haeretico
1671 1004 1805 1048 adjutas
1835 1016 1930 1040 voces
1948 1029 1958 1044 ,
1985 1006 2051 1046 ,Qui

1165 1058 1325 1100 crucifixus
1335 1066 1432 1103 esspro
1443 1057 1526 1091 nobis
1548 1054 1684 1099 miserere
1696 1056 1782 1096 nostri
1800 1081 1811 1097 ‚
1838 1054 1986 1097 istudque
2000 1052 2054 1086 ad-

1166 1104 1382 1145 ditamentum
1398 1132 1408 1147 ,
1432 1117 1469 1142 ut
1479 1107 1496 1140 a
1510 1107 1629 1150 pietate
1641 1106 1784 1141 alienum
1795 1131 1806 1147 ‚
1830 1106 1893 1139 effe
1903 1114 1979 1137 cum
1993 1103 2055 1136 suo

1167 1159 1295 1193 aue‘core
1313 1158 1332 1192 a
1347 1158 1463 1192 sanctis
1485 1157 1636 1191 Patribus
1658 1156 1816 1199 ejestum.
1845 1154 1971 1188 Austor
1995 1152 2052 1186 ille

1167 1209 1229 1242 fuit
1252 1208 1318 1252 jam
1340 1207 1442 1242 didius
1454 1207 1568 1242 Petrus
1594 1207 1690 1241 Fullo
1717 1231 1728 1246 ‚
1754 1206 1795 1240 ad
1818 1216 1915 1249 quem
1941 1202 2057 1237 scribit:

1170 1257 1319 1292 laudatus
1341 1257 1497 1292 Pontifex
1518 1257 1611 1291 Felix
1632 1255 1763 1290 tertius.
1791 1254 2060 1300 ,Quemadmodum

1169 1315 1219 1352 qui
1225 1307 1413 1352 piscationem
1419 1306 1573 1351 Jez‘lantur
1584 1329 1595 1345 ‚
1621 1305 1739 1339 hamum
1748 1304 1811 1349 esca
1821 1314 1975 1349 contegunt
1989 1328 1999 1343 ‚
2019 1303 2054 1336 (δ’

1168 1371 1204 1391 ex
1216 1357 1373 1400 improviso
1394 1362 1514 1399 capiunt
1525 1355 1618 1400 pisces
1645 1369 1654 1398 3
1672 1355 1715 1397 fic
1730 1357 1764 1389 (5·
1780 1365 1814 1389 tu
1827 1357 1972 1399 Angelicae
1991 1355 2057 1386 lau-

1169 1409 1282 1439 dationi
1299 1409 1485 1438 additionem
1506 1405 1651 1445 induxisti
1667 1430 1678 1446 ,
1706 1404 1894 1448 &Trisagiae
1919 1406 2059 1445 deprecae-.

1170 1462 1263 1493 tioni,
1289 1454 1501 1497 quafipietans
1514 1454 1632 1486 obtentu
1650 1478 1659 1493 ,
1685 1455 1786 1486 diram
1807 1459 1990 1495 impietatem
2001 1463 2057 1485 ex-

1169 1504 1311 1549 cogitasti.
1338 1508 1393 1536 Ex
1409 1503 1547 1545 pluribus
1571 1510 1650 1536 enim
1663 1503 1866 1537 Orientalibus
1886 1507 2055 1546 provinciis

1170 1557 1284 1588 litteras
1306 1552 1477 1597 suscepimus
1506 1578 1515 1593 ‚
1535 1552 1739 1597 significantes
1763 1554 1847 1586 nobis
1874 1578 1884 1594 ‚
1913 1553 2054 1595 quomoda

1173 1609 1326 1638 Veneratio
1343 1606 1408 1636 Tua
1418 1604 1530 1637 dudum
1545 1601 1694 1646 sepultum
1710 1604 1861 1636 Valentini
1884 1605 1990 1646 dogma
2012 1613 2059 1635 re·

1167 1653 1314 1698 sumpfit:
1341 1654 1476 1698 Dogma
1499 1654 1572 1687 Arii
1588 1678 1598 1693 ‚
1625 1653 1828 1698 Apollinarii
1853 1677 1864 1693 ,
1891 1650 2059 1695 Eutyche-

1173 1706 1234 1745 tis,
1263 1705 1475 1748 garrientium
1485 1704 1675 1737 Dominum
1699 1703 1804 1746 Jesum
1824 1701 1992 1736 Christum
2004 1713 2058 1735 ca-

1174 1765 1239 1788 rere
1252 1753 1394 1787 humana
1407 1753 1517 1787 anima
1531 1777 1542 1793 ‚
1567 1754 1629 1786 effe
1650 1763 1690 1785 ex
1718 1752 1783 1786 sola
1795 1763 1890 1787 carne
1911 1751 1944 1785 &
1957 1752 2057 1785 Divi-

1175 1805 1275 1838 nitate
1294 1803 1510 1846 compositum
1532 1827 1543 1843 ‚
1571 1801 1725 1846 ideoque.
1741 1802 2055 1849 upicam.,naturam

1175 1855 1392 1888 incarnatam.
1421 1853 1577 1886 Etinsra.
1605 1854 1648 1884 Tu
1663 1859 1695 1885 in
1707 1852 1829 1895 Ecclesia
1839 1848 1929 1896 ausu}
1957 1864 1988 1886 es
2011 1854 2057 1885 di-

1174 1916 1258 1943 cere,
1284 1905 1364 1945 quod
1390 1902 1533 1937 UNUS
1566 1902 1842 1937 INCREATAE
1870 1902 2055 1951 ATQJE

1181 1953 1470 1989 INDlVlDUAE
1481 1952 1772 1988 TRINlTATlS
1783 1953 2053 1987 PASSIONEM

1175 2003 1359 2039 SUssllT.
1387 2004 1430 2037 Et
1453 2004 1486 2036 in
1514 2002 1576 2036 alia
1602 2002 1770 2045 Epistola.
1797 2004 1988 2046 ,Quandoque
2009 2005 2053 2036 dt-

1175 2060 1216 2087 cis
1227 2056 1403 2086 Trinitatem
1410 2060 1533 2094 propter
1545 2063 1599 2084 nos
1609 2051 1760 2093 cucifixam
1774 2077 1784 2092 ,
1811 2064 1868 2086 non
1880 2053 2028 2094 christum
2038 2066 2053 2095 ‚-

1175 2104 1348 2146 quandoque
1357 2110 1454 2136 autem
1464 2103 1659 2137 immortalem
1686 2105 1830 2144 spirltum
1845 2127 1855 2143 ,
1881 2103 2058 2137 Manichaei-

1175 2165 1269 2195 zans3
1295 2154 1470 2195 quandoque
1482 2152 1520 2186 ab
1531 2151 1592 2191 istis
1605 2152 1763 2195 diffugiens
1775 2178 1785 2194 ‚
1813 2158 1884 2187 mels
1900 2165 2059 2196 argumen-

1173 2209 1215 2236 tis
1226 2201 1416 2246 reprehensus
1440 2200 1669 2244 &sermonibus
1684 2228 1694 2243 ,
1721 2202 1822 2243 dixisti
1837 2203 2056 2245 Christumpqsl

1175 2254 1370 2286 immortalem
1381 2255 1522 2294 spiritum
1534 2253 1690 2293 ptrffionem
1707 2251 1868 2296 sustinuiffi·
1881 2278 1891 2294 ‚
1910 2253 1981 2294 ficut
2002 2256 2056 2286 5a-

1174 2302 1340 2346 mosatenus
1364 2301 1559 2342 &Nestorius
1572 2326 1583 2342 ‚
1610 2314 1700 2335 unum
1717 2303 1814 2345 filium
1828 2304 1997 2337 dividentes
2020 2310 2057 2336 in

1174 2354 1356 2387 dualitatem
1364 2352 1491 2394 filiorum
1503 2376 1511 2384 .
1538 2353 1725 2394 ,Quandoque
1746 2362 1846 2385 autem
1866 2353 1960 2387 &his
1983 2355 2055 2394 ceffi-

1165 2403 1208 2444 sti
1219 2429 1230 2444 ‚
1257 2414 1312 2436 non
1323 2402 1528 2435 detrectando:
1558 2403 1592 2436 (θ’
1611 2402 1713 2442 venisti
1722 2403 1769 2435 ad
1773 2405 1863 2445 peJus
1877 2405 1889 2445 (
1901 2404 1945 2436 est
1962 2403 2053 2438 locus

1172 2454 1267 2496 plene
1296 2451 1472 2486 mendosus
1486 2476 1497 2492 ‚
1524 2450 1629 2485 forsan
1644 2452 1708 2486 hoc
1725 2452 1827 2487 modo
1842 2452 2053 2487 restituendus

1169 2502 1423 2546 &corrigendus
1442 2503 1454 2543 )
1478 2509 1532 2544 per
1557 2501 1749 2536 cherubicum
1773 2502 1906 2541 hymnum
1917 2514 1973 2536 non
1988 2505 2053 2546 glo·

1170 2553 1311 2595 rificando
1319 2551 1454 2594 fimiliter
1463 2555 1644 2585 Trinitatem
1662 2575 1672 2591 ‚
1690 2552 1846 2595 sedtotum
1864 2553 1997 2591 hymnum
2007 2555 2054 2587 ad

1165 2604 1261 2646 filium
1279 2602 1429 2644 referendo
1442 2626 1452 2642 ,
1479 2603 1580 2635 volens
1598 2602 1722 2644 firmare
1746 2603 1877 2636 morbum
1889 2610 1987 2636 cancri
2007 2615 2052 2634 ro-

1169 2655 1268 2686 dentis
1283 2677 1293 2692 ,
1319 2664 1404 2694 quem
1427 2652 1628 2685 innocentibus
1638 2652 1782 2693 intulisti:
1806 2657 1879 2686 Non
1897 2654 2050 2694 praedicas

1170 2703 1315 2743 Christum
1322 2711 1378 2744 pro
1389 2703 1470 2735 nobis
1491 2702 1659 2745 crucifixum
1672 2728 1681 2742 ‚
1690 2701 1746 2746 fi'd
1762 2708 1941 2746 unigenitum
1949 2703 2050 2743 filium

1168 2755 1245 2794 Dei,
1271 2758 1320 2795 qui
1331 2758 1363 2785 in
1374 2754 1469 2786 medio
1480 2755 1585 2785 Patris
1607 2754 1641 2786 (θ’
1651 2756 1781 2795 Spiritus
1795 2753 1833 2793 est
1843 2777 1852 2792 ,
1878 2754 1954 2796 glori
1950 2753 2024 2795 ficas
2039 2776 2047 2784 .

1171 2804 1213 2836 Et
1225 2804 1358 2837 Sanflus
1370 2802 1575 2850 Qintianus
1601 2804 1784 2836 Asculanus
1808 2803 1987 2844 Episcopus
2010 2803 2046 2836 in

1170 2854 1284 2887 litteris
1293 2852 1334 2887 ad
1346 2854 1497 2887 eumdem
1510 2853 1644 2886 Petrum
1658 2877 1664 2884 .
1691 2855 1772 2895 ,Quis
1783 2851 1877 2884 adbuc
1893 2850 2047 2894 sustinebit

1167 2913 1196 2937 te
1209 2909 1430 2945 pervertentem
1448 2905 1668 2946 Evangekum,
1688 2912 1744 2934 non
1749 2903 1943 2943 praedicando
1954 2913 2044 2936 unum

2075 1231 2195 1273 Epist.3.

2074 1926 2195 1967 Epist-4·

1161 2954 1259 2996 filium
1284 2960 1316 2987 in
1339 2953 1456 2987 duabus
1478 2959 1593 2986 naturis
1610 2956 1766 2983 Dominum
1788 2951 1911 2990 nostrum
1929 2956 1961 2996 J
1964 2952 2046 2994 esum

1168 3002 1314 3043 Christum
1326 3027 1336 3042 ,
1363 3005 1398 3037 (⁶1
1408 3002 1483 3036 bunc
1492 3002 1662 3044 crucifixum
1674 3026 1683 3041 ‚
1706 2999 1763 3043 sed
1772 3003 1865 3035 Deum
1877 3025 1887 3040 ,
1906 3001 2019 3043 fortem
2033 3026 2047 3043 ‚

1167 3055 1360 3086 immortalem
1375 3076 1385 3092 ,
1410 3053 1549 3085 videlicet
1562 3062 1652 3084 unam
1666 3054 1827 3084 TrinitatIs
1832 3051 2047 3094 substantiam,

1166 3105 1268 3136 dicens
1281 3103 1448 3144 crucifixam
1466 3102 1482 3133 ?
1509 3105 1553 3134 Et
1566 3112 1621 3132 non
1626 3098 1653 3142 s
1647 3101 1720 3133 olum
1735 3124 1746 3140 ‚
1769 3100 1828 3145 fied
1842 3103 1877 3135 (2⁹
1889 3113 1980 3135 unam
1994 3114 2046 3134 na-

1166 3162 1262 3185 turam
1273 3155 1327 3184 Dci
1339 3152 1425 3184 Verbi
1447 3152 1480 3184 &
1492 3155 1589 3183 carnis
1600 3151 1674 3182 dicis
1687 3176 1694 3182 .
1724 3150 1768 3185 Et
1794 3151 1826 3184 in
1839 3150 2046 3187 Anathema-

1166 3204 1266 3235 tismis
1281 3227 1288 3234 .
1314 3203 1344 3234 52
1357 3207 1422 3243 quis
1442 3211 1544 3232 nomen
1556 3198 1707 3243 Trisagion
1721 3224 1733 3240 ‚
1758 3200 1809 3235 hoc
1821 3201 1858 3239 est
1871 3225 1882 3241 ,
1908 3210 1953 3236 ter
1971 3201 2044 3245 san-

1165 3252 1243 3285 Hum
1255 3275 1265 3290 ,
1291 3253 1363 3284 dicit
1377 3258 1499 3291 propter
1523 3261 1574 3282 nos
1593 3250 1761 3291 crucifixum
1773 3275 1785 3292 ,
1808 3253 1843 3286 6
1858 3263 1915 3284 non
1941 3256 2041 3284 Domi-

1166 3313 1235 3334 num
1238 3305 1269 3346 J
1272 3300 1349 3343 esum
1361 3298 1507 3340 Christum
1518 3321 1529 3340 ‚
1551 3299 1646 3341 filium
1659 3303 1715 3333 Dei
1729 3306 1911 3346 unigenitum
1922 3325 1933 3342 ,
1959 3303 2043 3334 dam-

1166 3358 1269 3383 netur.
1296 3352 1326 3382 51·
1353 3355 1419 3391 quis
1436 3349 1498 3391 post
1519 3361 1618 3384 vocem
1630 3359 1676 3383 ter·
1693 3349 1832 3393 sanilam
1854 3355 1948 3384 Deum
1970 3353 2042 3383 dicit

1166 3400 1336 3441 crucifixum
1341 3408 1467 3441 propter
1478 3411 1529 3432 nos
1540 3422 1550 3438 ‚
1578 3401 1612 3433 (9⁹
1623 3411 1680 3432 non
1691 3403 1790 3442 potius
1813 3413 1902 3433 unum
1919 3401 2016 3442 filium
2029 3423 2040 3438 ‚

1145 3472 1147 3474 -
1162 3456 1206 3484 cui
1214 3455 1247 3483 in
1258 3451 1355 3485 medio
1365 3449 1532 3494 tersanllae
1542 3455 1621 3485 vocis
1631 3450 1753 3489 hymnus
1766 3452 1874 3485 dicitur
1885 3472 1897 3489 ‚
1922 3450 2044 3483 damne-

1663 3499 1702 3533 T

1924 3506 1992 3531 tur.
