2340 3762
367 176 466 223 280

291 257 516 301 persecutione
534 257 641 302 'hplis
664 260 830 293 ullatenus
867 254 1150 289 communicarent
1163 278 1173 295 ,

290 307 384 350 supra
407 309 591 343 audivimus
614 308 719 352 rigide
741 314 902 339 vetantem
926 305 1077 338 Sanctum
1105 303 1173 348 Cy·

291 358 461 401 prianurn.
490 360 533 393 Et
558 358 713 401 populum
737 354 1172 398 constantinopolitanum,

288 409 386 443 sese&
405 410 548 444 Nestorii
561 404 714 447 Episcopi
727 403 775 436 sui
795 402 943 439 haerctica
955 404 1087 449 publice
1108 405 1175 440 bla-

289 454 670 496 teramiscommunione
697 453 918 497 separantem,
945 456 1119 490 laudarunt
1140 455 1175 488 &

290 510 426 545 Sanetus
438 505 582 546 Cyrillus
602 502 635 536 ὃς
650 503 784 539 sanetus
795 504 955 540 Pontifex
968 506 1153 540 Celestinus
1168 531 1175 537 .

288 560 340 595 Et
361 555 479 591 Clerici
491 553 644 587 Edefleni
669 554 754 598 apud
768 555 979 600 Berytenscm
1003 556 1176 600 Synodum

291 609 381 644 fuere
399 603 548 648 profesti,
575 604 598 637 si
611 604 748 647 quidem
771 605 834 640 lbae
848 606 1014 652 Episcopo
1038 608 1097 641 suo
1112 606 1178 641 Ne-

292 656 435 692 storiana
454 654 639 698 praedicanti
660 657 977 699 communicassent,
1005 658 1071 692 sese
1092 657 1178 692 futu-

291 717 345 742 ros
353 705 446 740 suiffe
457 705 623 739 obnoxios
632 703 791 750 gehennae
800 732 807 739 .
835 707 880 741 Et
891 706 1058 743 decretum
1070 707 1177 750 suum,

286 768 358 801 quo
370 756 474 791 vetuit
485 755 666 790 fimoniaco
677 765 733 790 aut
756 756 938 803 conjugato
959 760 1067 803 palam
1091 759 1178 793 Pres-

289 807 411 851 bytero
421 806 658 842 communicari
671 806 707 840 in
722 807 860 842 Divinis
868 834 880 850 ‚
906 810 969 844 esse
981 821 1023 844 ex
1034 810 1178 854 antiquis

290 857 489 893 Canonibus
498 855 652 892 haustum
665 855 847 902 Gregorius
856 860 1009 903 septimus
1021 860 1177 895 Pontifex

288 907 338 943 est
349 908 500 944 testatus.
528 909 573 942 Et
586 906 847 943 Constantienfis
859 910 1008 945 Ecclefiae
1022 911 1156 945 Clerum
1169 936 1179 952 ‚

287 957 311 995 ὲ
324 958 436 994 Caroli
449 957 606 1001 Episcopi
618 957 666 991 sui
680 957 854 994 simoniace
865 961 994 1006 ingreffi
1015 962 1050 996 &
1066 962 1178 995 Eccle-

291 1009 452 1043 fiasticam
477 1005 691 1042 substantiam
724 1008 906 1054 diffipantis
940 1011 1179 1047 communione

291 1058 498 1095 recedentem
510 1082 522 1099 ,
547 1057 642 1093 fuiffe
651 1058 693 1093 ab
705 1057 823 1094 eodem
833 1060 995 1096 Pontifice
1006 1061 1176 1096 laudatum

117 1099 155 1131 A·
171 1100 255 1137 ¹0⁶9·
292 1109 406 1144 scribit
427 1108 621 1145 Lambertus
647 1108 958 1155 Schafnaburgenfis
978 1136 986 1144 .
1015 1111 1177 1146 Attamen

291 1161 328 1196 δε
340 1157 395 1194 hic
405 1158 612 1193 discretionis
634 1155 763 1201 spiritus
775 1159 821 1193 est
832 1172 915 1205 opus
929 1174 936 1194 :
965 1160 1020 1195 Ne
1032 1160 1182 1196 .vitandae

289 1209 461 1247 maculosa».
473 1207 722 1243 communionis
733 1220 889 1253 praetextu
899 1211 1052 1246 feriamus
1069 1212 1180 1247 Eccle-

291 1261 372 1295 fiam
400 1283 411 1300 ‚
436 1260 470 1294 &
495 1258 620 1302 pacifici
642 1257 787 1294 Domini
819 1273 939 1307 agrum
966 1262 1182 1297 schismaticis

291 1307 550 1346 contentionum
561 1307 700 1342 zizaniis
721 1310 874 1349 vitiemu's
893 1337 901 1345 .
928 1314 1019 1348 Nam
1039 1312 1103 1346 &a
1115 1312 1180 1347 Ne-

292 1360 406 1402 storii,
434 1358 582 1394 haeretica
605 1358 830 1403 pmdicamis,
857 1364 1096 1399 communione
1113 1375 1181 1398 nou

291 1411 350 1445 nili
362 1409 433 1454 post
446 1409 646 1453 Apostolicae
659 1409 751 1445 Sedis
764 1413 960 1446 sententiam
981 1412 1183 1447 retrocedere

294 1460 404 1495 voluit
415 1484 426 1500 ,
445 1460 501 1502 qui
518 1459 631 1503 populi
645 1459 1015 1506 Constantinopolitani
1026 1461 1182 1497 recessum

292 1509 451 1547 Laudabat
464 1535 476 1551 ‚
502 1510 636 1545 santius
648 1510 793 1552 Cyrillus
805 1510 1068 1547 Alexandrinus.

349 1561 403 1594 Ex
414 1559 503 1595 hisce
514 1559 713 1595 canonibus
737 1561 833 1596 suum
846 1562 883 1596 in
895 1562 1035 1605 Synodo
1050 1561 1186 1607 Lugdu-

296 1610 385 1645 nenfi
411 1607 579 1643 decretum
597 1631 609 1648 ,
636 1607 766 1642 exstans
792 1610 880 1652 apud
904 1612 1035 1645 sextum
1062 1610 1186 1645 librum

115 1674 277 1707 intinge.
296 1658 463 1697 Bonifacii
485 1657 611 1697 οόὶανί,
638 1656 793 1693 fundavit
813 1659 995 1705 Gregorius
1015 1660 1163 1695 decimus
1178 1685 1185 1692 .

120 1723 148 1747 C·
172 1725 202 1746 ²1..

125 2215 206 2254 Capi
215 2213 242 2244 8.

296 1715 329 1748 ss
352 1714 496 1745 canonici
517 1710 536 1743 ἃ
557 1710 682 1741 Divinis
707 1709 810 1751 cessare
835 1711 985 1744 voluerint
1006 1736 1017 1752 ‚
1039 1719 1132 1753 prout
1153 1717 1185 1743 in

297 1758 435 1802 Ecclefiis
447 1757 594 1800 aliquibus
600 1757 657 1799 sibi
672 1769 709 1791 ex
720 1759 930 1802 consuetudine
939 1786 950 1802 ‚
969 1760 1023 1804 seu
1048 1762 1187 1801 cont-efflo-

302 1823 340 1847 ηε
353 1810 406 1844 vel
419 1809 580 1851 privilegio
591 1809 687 1849 Papae
697 1830 708 1847 ‚
734 1811 787 1842 vel
794 1811 871 1842 alias
892 1812 1054 1844 vindicant
1066 1835 1077 1851 ,
1102 1819 1187 1844 ante·

299 1873 394 1905 quam
415 1860 459 1893 ad
478 1859 657 1903 ceffationem
673 1857 844 1902 hujtesmedi
863 1873 976 1904 quoquo
995 1862 1079 1894 modo
1087 1868 1188 1902 proce-

301 1913 380 1947 dam
397 1935 412 1952 ‚
433 1909 619 1951 instrumento
640 1907 757 1951 publico
780 1911 938 1952 ceJJ‘ationIs
959 1911 1046 1954 ipfius
1066 1909 1187 1954 causam

299 1967 501 2005 exprimant,
527 1960 650 1994 &illud
657 1964 705 1999 ei,
731 1969 834 1993 contra
854 1971 943 2002 quem
962 1962 1067 2003 caffare
1090 1966 1188 1994 inten-

301 2013 402 2050 dunt,
421 2011 578 2055 affignent.
606 2005 715 2044 Aliter
733 2009 890 2044 ecstantes
909 2010 1049 2055 graviter
1071 2011 1167 2054 punit
1180 2035 1189 2042 .

298 2062 410 2099 Addit
422 2059 616 2095 Bonifacius
632 2060 765 2093 octavus
778 2059 989 2096 ceffitionem
1012 2060 1099 2095 hanc
1119 2072 1188 2096 non

300 2114 391 2157 posse
415 2109 521 2145 indici
541 2134 551 2150 ,
578 2109 638 2143 nisi
661 2109 789 2145 vocatis
819 2110 974 2146 omnibus
996 2110 1167 2148 vocalibus
1181 2135 1189 2142 .

297 2161 404 2201 Recte
415 2161 461 2195 ait
471 2158 655 2205 Gregorius
667 2159 708 2194 ab
727 2160 800 2204 ipsis
812 2162 993 2196 Canonicis
1016 2161 1121 2197 indici
1148 2173 1191 2198 ex

302 2211 543 2248 consuetudine
562 2220 618 2244 aut
635 2209 834 2253 Apostolico
857 2212 1030 2258 privilegio
1046 2227 1058 2246 .-
1084 2211 1192 2247 Ceffi·

299 2264 353 2299 tio
363 2262 455 2297 enim
476 2262 520 2297 est
532 2258 677 2305 quaedam
690 2259 854 2306 Episcopo
872 2272 929 2297 aut
953 2263 1045 2298 alteri
1063 2261 1191 2306 potenti

301 2315 446 2359 personat
457 2311 613 2346 subtracta
626 2312 820 2347 communio
834 2337 846 2353 ,
871 2312 1011 2359 ideoque
1022 2313 1114 2358 juxta
1131 2324 1191 2346 no·

303 2366 405 2400 strum
419 2363 604 2407 praesentem
618 2360 792 2396 Canonem
806 2362 912 2397 indici
926 2375 996 2398 non
1023 2362 1118 2408 poffit
1129 2362 1189 2396 nisi

306 2427 362 2459 per
374 2424 428 2448 aut
441 2412 512 2457 post
523 2412 718 2447 sententiam
733 2413 927 2455 synodalem
941 2439 947 2446 .
978 2414 1021 2447 Et
1035 2413 1115 2447 hinc
1124 2412 1192 2456 qui·

307 2463 384 2499 dam
395 2463 466 2507 post
478 2462 555 2497 disti
569 2460 734 2497 Bonifaci'i
747 2473 893 2508 tempora
906 2463 1061 2508 Episcopi
1082 2463 1194 2497 viden-

307 2522 363 2549 tur
384 2513 429 2547 ad
448 2511 599 2546 eumdem
620 2512 767 2548 nostrum
790 2515 966 2550 Canonem
980 2514 1193 2559 provocasse3

309 2563 470 2599 verumin
497 2562 678 2596 Viennensi
703 2564 840 2606 synodo
861 2564 1028 2609 respondit
1039 2564 1195 2598 Clemens

131 2633 292 2669 Lusum,
308 2615 446 2660 quintus
470 2625 478 2645 :
505 2613 694 2646 saecularium
718 2621 772 2646 aut
793 2617 982 2659 Regularium
1004 2613 1195 2656 Ecclefiarum

133 2682 207 2704 Cal»-

307 2670 475 2700 conventus
496 2662 548 2696 boc
567 2667 650 2696 unico
659 2663 770 2697 lumine
790 2666 835 2697 ad
855 2666 1041 2707 repellendas
1064 2667 1194 2706 injurias

310 2722 340 2751 ei
343 2715 451 2757 fas‘las
459 2719 588 2756 privare
612 2713 746 2746 nolumus
761 2738 773 2754 ‚
799 2726 851 2748 nec
861 2716 1018 2750 debemus.
1047 2716 1090 2748 Et
1115 2713 1195 2748 hinc

311 2775 402 2811 patet
424 2763 634 2798 cessationem
656 2762 751 2797 istam
776 2775 844 2799 non
868 2768 931 2799 effe
943 2764 1197 2799 Ecclefiasticam

311 2817 480 2850 censuram
492 2839 503 2854 ,
529 2811 646 2857 utpote
655 2823 726 2855 quae
740 2824 808 2848 non
832 2825 888 2859 per
899 2816 1049 2851 Ecclefiae
1067 2815 1174 2851 claves
1185 2837 1197 2854 ‚

313 2864 368 2901 sed
381 2866 491 2908 paffim
503 2863 521 2898 a
534 2861 670 2898 subditis
681 2863 781 2899 soleat
793 2864 915 2899 indici.

365 2915 478 2960 Pergit
503 2913 652 2948 laudatus
678 2912 860 2960 Gregorius
875 2915 1041 2951 decimus.
1067 2912 1199 2954 Detesta-

316 2967 405 3000 bilem
414 2964 540 3008 abusum
565 2964 723 2998 horrendae
752 2966 951 2999 indevotionis
974 2967 1090 3000 illorum
1113 2989 1124 3005 ,
1148 2967 1200 3004 qui

318 3020 421 3050 Crucis
424 3041 435 3057 ,
452 3017 546 3049 beatae
556 3019 690 3058 Virginis
701 3018 824 3056 Μανία,
835 3018 1016 3058 aliorumque
1026 3015 1200 3048 SanHorum

317 3069 462 3109 imagines-
473 3070 654 3100 irreverenti
664 3064 739 3109 ausu
751 3066 933 3107 nudantes,
946 3079 998 3100 eas
1010 3072 1042 3099 in
1052 3076 1204 3109 aggrava·

320 3119 430 3149 tionem
448 3116 607 3158 cessationis
616 3114 806 3156 prosternunt
825 3121 858 3150 in
881 3125 992 3151 terram
1010 3139 1021 3156 ‚
1046 3117 1080 3149 (v
1098 3118 1202 3148 urticis

317 3161 472 3208 spinisque
475 3164 649 3206 supponunt
663 3190 674 3205 ,
695 3168 819 3207 penitus
843 3167 1060 3208 reprobantes,
1085 3164 1206 3207 aliquid

322 3213 383 3248 tale
389 3211 456 3253 fieri
469 3214 504 3246 de
517 3224 619 3248 caetero
626 3214 786 3255 districtius
792 3217 983 3258 prohibemus
996 3229 1003 3248 :
1031 3218 1202 3250 statuentes

323 3269 359 3299 {it
367 3267 399 3295 in
410 3272 455 3294 eos
468 3284 479 3300 ,
504 3269 555 3304 qui
565 3266 668 3296 contra*
676 3264 803 3306 fecerint
816 3291 827 3307 ‚
854 3269 950 3301 ultrix
969 3266 1113 3308 procedat
1122 3265 1202 3298 dura

322 3310 476 3358 sententia
497 3335 509 3351 ‚
536 3322 601 3352 quae
629 3315 831 3356 delinquentes
857 3316 898 3359 fic
916 3322 1027 3359 puniat
1046 3320 1207 3361 graviter,

328 3361 409 3406 quod
425 3361 499 3394 alies
507 3361 529 3392 ἃ
534 3356 671 3402 similium
689 3364 922 3406 praesumptione
943 3367 1115 3410 compescat.
1143 3364 1206 3399 Lo-

329 3412 388 3461 qui
405 3409 532 3448 videtur
551 3420 595 3447 ex
607 3407 734 3449 decima
757 3414 851 3447 tertia
874 3417 1012 3458 Synodo
1023 3415 1207 3451 Toletana.

605 173 897 223 Cano-Nes
931 168 1828 224 S'Y'Nont‘ocrAvAE'Ge‘NeitA5213,

1235 258 1290 288 Vae
1301 253 1349 287 bis
1365 277 1375 294 ‚
1399 258 1452 296 qui
1471 261 1542 296 opus
1556 257 1614 288 Dei
1625 254 1750 297 faciunt
1763 258 1977 299 fraudulenter
1991 262 2034 300 'ae
2045 263 2115 308 defi-
2131 264 2239 301 Capa-

1235 306 1334 337 diosd.
1361 306 1394 336 si
1417 315 1468 337 vae
1490 305 1536 337 illi
1556 309 1712 340 incurrant
1733 331 1745 348 ‚
1770 314 1824 351 qui
1846 312 2021 354 negligenter
2039 324 2113 358 opus

1237 358 1292 387 Dei
1299 353 1421 399 fuciunt
1438 378 1450 395 ‚
1475 355 1555 396 quod
1568 353 1745 399 supplicIum
1767 359 1977 402 merebuntur,
1999 370 2051 406 qut
2061 369 2115 398 Di.

1236 409 1318 438 vinae
1335 403 1495 447 servitutis
1518 406 1648 447 cultum,
1674 410 1794 441 malitia
1818 413 2018 447 intercedente
2040 437 2052 454 ,
2075 415 2114 448 ab

1240 454 1390 489 altaribus
1429 453 1539 495 Cbristi
1558 454 1725 498 ficbducunt
1744 460 1757 493 ἒ
1782 461 1852 493 Illos
1886 461 2034 505 dicimus,
2065 470 2118 507 q'ui

1236 503 1386 546 obstinata
1406 511 1516 539 mentis
1539 505 1686 548 dolositate
1706 508 1831 551 confufi,
1856 512 1923 544 cum
1941 513 2046 556 aliqua
2064 525 2115 548 eos

1237 556 1354 589 malitia
1370 555 1584 597 fraternorum(
1605 558 1773 602 ‚iurgiorum
1787 566 1948 606 pupugerit
1972 585 1984 602 ,
2007 562 2116 606 insana

1238 607 1313 640 illicb
1325 612 1490 641 temeritate
1509 607 1626 650 abrepti
1640 629 1659 649 ,·
1676 609 1792 642 altaria
1813 612 1999 646 denudantes
2020 604 2119 657 sutrii·

1238 656 1366 698 vestibus
1377 666 1491 691 exuunt
1501 683 1512 699 ,
1538 659 1702 692 luminaria
1706 658 1891 702 fitbtrahunt
1905 685 1918 703 ,
1946 675 1981 697 ac
1992 666 2120 698 Divino-

1237 719 1302 740 rum
1307 706 1517 751 sacrificiorum
1529 708 1640 741 cultum
1647 708 1818 753 subducunt
1829 735 1837 743 .
1865 711 1986 747 Canon
1997 714 2120 757 praeser·

1239 759 1300 793 tim
1319 758 1455 793 damnat
1464 769 1520 793 eos
1539 784 1550 800 ,
1578 759 1635 802 qui
1656 760 1772 793 altaria
1794 760 1871 802 veste
1880 762 1995 805 lugubri
2022 765 2122 797 inulaeb

1240 818 1307 842 rent
1316 833 1328 850 ‚
1354 810 1438 844 acin
1452 809 1631 844 Ecclesiam
1642 807 1834 846 inducerent
1854 812 1963 847 nescio
1976 824 2048 858 quie
2057 813 2120 849 alia

1239 859 1330 904 figna
1342 860 1538 903 lugubritatis
1550 885 1556 891 .

1289 908 1351 943 Ast
1361 910 1450 944 dices
1458 906 1527 944 haec
1539 910 1671 946 vetustis
1689 923 1728 947 ac
1740 912 1884 957 probatis
1897 914 2045 949 Ecclefiae
2055 926 2125 949 mo·

1241 959 1329 994 ribus
1339 971 1535 1005 repugnare.
1564 961 1698 996 Etenim
1709 962 1751 997 de
1767 963 1913 998 Radulfo
1928 965 2123 999 Cicestrenli

1243 1011 1407 1054 Episcopo
1421 1035 1432 1052 ,
1457 1009 1714 1046 Ecclefiasticam
1734 1012 1917 1051 libertatern
1941 1014 1978 1048 &
1999 1014 2126 1050 castita-

1242 1071 1308 1095 tem
1331 1059 1481 1094 adversus
1502 1060 1724 1094 Guilielmum
1740 1061 1869 1096 Rufum
1884 1074 1922 1096 ac
1937 1064 2125 1099 Heni-icum

1243 1111 1382 1153 primum
1395 1133 1406 1150 ‚
1434 1108 1622 1153 Anglorum
1635 1109 1760 1154 Reges,
1785 1111 1983 1146 defendente
1996 1137 2007 1153 ,
2030 1123 2127 1148 cneo*

1242 1158 1388 1194 miastice
1401 1158 1513 1193 scribit
1526 1159 1726 1194 Guilielmus
1738 1160 1919 1196 monachus
1930 1161 2128 1198 Malmesbe-

1243 1210 1351 1245 rienfis
1363 1223 1374 1243 :
1396 1212 1462 1258 *Per
1476 1218 1570 1243 totam
1581 1210 1730 1252 Dioecesim
1750 1213 1868 1245 Divina
1879 1223 1989 1247 vacare
2011 1214 2105 1255 offiia
2116 1237 2129 1254 ,
2146 1211 2177 1240 F·
2200 1217 2267 1245 25⁷·

1243 1262 1278 1295 6·
1303 1258 1496 1302 Ecclefiarum
1514 1262 1633 1300 januas
1647 1260 1749 1303 spinis
1771 1261 1879 1302 obstrui
1895 1268 2059 1306 praecepit.
2085 1263 2130 1297 Et

1245 1310 1410 1345 trucidato
1433 1310 1551 1344 Sansto
1573 1309 1711 1345 Thoma
1736 1308 2043 1357 Archi-Episcopo,
2068 1312 2132 1349 Ec'·

1246 1360 1347 1396 clefiae
1362 1359 1603 1395 Cantuarienfis
1622 1361 1716 1399 fuisse
1733 1361 1856 1396 nudata
1876 1362 2048 1399 altaria&
2061 1373 2134 1399 crui·

1245 1423 1298 1445 ces
1309 1413 1405 1445 testas
1415 1434 1426 1450 ‚
1437 1410 1609 1452 quomodo
1620 1412 1655 1444 in
1670 1411 1846 1447 Parasceve
1856 1413 1938 1448 solet
1948 1438 1961 1455 ,
1986 1412 2132 1456 ejusdem

1248 1459 1394 1493 Ecclefiae
1420 1457 1604 1493 monachus
1635 1459 1807 1496 Gervafius
1833 1462 1968 1497 testatur
1989 1489 1997 1496 .
2061 1461 2130 1498 uod

1246 1511 1387 1554 Ioannes
1398 1510 1530 1544 ostavus
1539 1508 1698 1546 Pontifex
1710 1535 1723 1555 ‚
1747 1510 1766 1544 ὲ
1779 1511 1968 1547 Comitibus
1978 1513 2062 1548 Lam
2104 1522 2133 1545 r-

1247 1571 1284 1595 to
1308 1560 1344 1594 &
1366 1558 1549 1594 Adelberto
1574 1569 1684 1602 captus
1709 1585 1722 1602 ,
1755 1562 1791 1596 δε
1813 1562 1855 1595 ad
1880 1562 2132 1597 Carolomanno

1247 1619 1417 1649 tamquam
1451 1609 1643 1650 Imperatori
1675 1610 1897 1653 profitendum
1923 1611 2136 1654 compulsus,

1250 1657 1428 1693 Ecclesiam
1447 1657 1645 1692 Vaticanam
1668 1658 1818 1693 clauserit
1831 1683 1843 1700 ‚
1868 1659 1903 1692 &
1915 1659 2023 1695 Sansti
2044 1659 2135 1695 Petri

1249 1708 1363 1743 Altare
1382 1707 1494 1742 cilicio
1507 1709 1623 1743 texerit
1635 1732 1646 1749 ,
1672 1709 1762 1756 leges
1774 1709 1860 1753 apud
1873 1708 2020 1745 Annales
2033 1710 2136 1745 Fran·

1249 1770 1365 1795 corum
1384 1759 1411 1793 F
1414 1758 1560 1793 uidenses
1573 1784 1581 1791 .
1609 1758 1655 1793 Et
1676 1760 1763 1804 apud
1775 1759 1945 1805 Rogerum
1958 1759 2137 1795 Hoveden-

1253 1812 1335 1844 sem.
1363 1807 1506 1851 Ioannes
1528 1807 1757 1843 Dublinienfis
1768 1808 2090 1856 Archi-Episcopus,
2114 1809 2136 1845 ὲ

1251 1861 1379 1903 Ioanne
1391 1858 1578 1893 Moretonii
1591 1858 1725 1895 Comite
1735 1885 1747 1901 ‚
1774 1860 1984 1904 postmodnm
2002 1860 2139 1905 Anglor

1252 1919 1324 1943 rum
1337 1908 1431 1953 Rege
1443 1931 1453 1947 ‚
1479 1909 1559 1943 dura
1570 1910 1674 1953 passus
1693 1911 1728 1944 δε
1738 1909 1857 1951 ejestus
1869 1935 1881 1951 ‚
1906 1911 2061 1945 interdidi
2067 1908 2139 1953 sen·

1251 1965 1375 1994 tentiam
1385 1960 1471 1992 dedit
1492 1963 1525 1992 in
1540 1958 1966 2004 Archi-Epifiopatumsuum,
1993 1962 2136 1996 &abiit-

1252 2013 1399 2052 Praecepit
1419 2014 1530 2043 Cruces
1550 2010 1584 2043 ὁ·
1608 2014 1751 2053 imagines
1773 2011 1971 2044 Catbedralis
1999 2009 2137 2052 Ecclefi'ae

1252 2065 1284 2093 in
1296 2069 1409 2094 terram
1419 2060 1523 2100 deponi
1537 2083 1548 2099 ,
1575 2057 1714 2100 &spinis
1730 2060 1911 2093 circumdari
1920 2083 1932 2099 ‚
1957 2067 1992 2093 ut
1996 2058 2037 2103 fic
2046 2061 2139 2098 maie*

1245 2109 1382 2152 falleres
1393 2117 1573 2143 terrerentur
1582 2133 1593 2149 ,
1619 2109 1653 2142 Θ
1666 2110 1687 2140 ἃ
1698 2109 1853 2144 voluntate
1859 2109 2013 2154 saeviendi
2035 2115 2069 2144 in
2078 2112 2140 2144 Ee-

1253 2159 1341 2202 clesiae
1353 2160 1428 2192 bona
1449 2168 1675 2192 revocarentur.
1706 2159 1752 2193 Et
1763 2159 1856 2195 Deus
1876 2160 2046 2195 miraculo
2058 2171 2140 2195 con·

1255 2209 1413 2244 firmavit.
1439 2212 1521 2242 Erat
1524 2208 1671 2251 fiquidem
1686 2213 1718 2243 in
1729 2209 1907 2245 cathedrali
1916 2209 2043 2252 Ecclefia
2058 2221 2141 2254 que-

1255 2262 1328 2294 dam
1350 2264 1435 2293 Crux
1448 2284 1459 2300 ,
1485 2264 1517 2292 in
1529 2269 1592 2301 qua
1614 2265 1710 2304 imago
1731 2260 1877 2303 crucifixi
1902 2261 2058 2304 expreffitis
2073 2267 2144 2295 erat

1255 2309 1374 2354 incisa,
1399 2321 1490 2351 quam
1510 2321 1609 2343 omnes
1618 2314 1653 2343 in
1675 2316 1814 2344 maxima
1836 2317 2031 2346 veneratione
2051 2310 2147 2344 habeb

1255 2360 1347 2396 bant.
1374 2360 1450 2393 Ciam
1462 2369 1562 2393 autem
1573 2358 1636 2393 baec
1657 2361 1723 2403 effbt
1732 2360 1814 2394 humi
1829 2360 1980 2402 prostrata
1994 2384 2006 2400 ‚
2033 2362 2068 2394 θ
2078 2358 2145 2404 spt-

1255 2417 1303 2445 nis
1315 2408 1506 2454 circumsepta
1518 2435 1528 2450 ,
1549 2409 1634 2451 feria
1653 2409 1745 2452 fisciar
1757 2410 1849 2452 sabla
1870 2409 1910 2451 est
1922 2415 2058 2454 magone
2071 2435 2083 2451 ‚
2107 2410 2146 2445 6·

1257 2466 1397 2504 apparuit
1401 2459 1500 2502 facies
1511 2461 1578 2500 eJ'us
1583 2457 1701 2503 fieffiesa
1712 2460 1814 2494 rubore
1825 2459 2016 2502 vehementi,
2041 2460 2142 2499 velue!

1256 2512 1323 2554 effet
1343 2517 1377 2543 in
1386 2516 1500 2544 camino
1524 2510 1666 2550 ardenti,
1693 2511 1728 2543 Θ
1744 2508 1837 2553 sudor
1857 2522 1984 2555 magnus
2007 2515 2107 2544 exivit
2120 2509 2146 2543 ἃ

1254 2561 1332 2601 facie
1341 2562 1404 2602 ejus
1415 2584 1427 2601 ,
1453 2561 1488 2594 <a
1499 2559 1537 2592 ab
1548 2561 1635 2593 oculis
1659 2562 1724 2601 ejus
1736 2560 1885 2595 cadebant
1902 2562 2030 2604 guttula·
2041 2564 2054 2602 ,'
2077 2556 2149 2600 aest

1253 2612 1337 2652 fleret
1349 2635 1357 2644 .
1384 2613 1467 2645 Hora
1484 2618 1585 2644 autem
1606 2610 1668 2643 diei
1689 2610 1770 2644 illius
1779 2608 1870 2654 fiscia
1892 2612 2032 2645 &dextro
2055 2606 2145 2652 ipsstr

1258 2664 1349 2695 latere
1371 2662 1437 2695 &1³1
1453 2661 1565 2707 dextra
1581 2661 1664 2693 illius
1685 2662 1823 2694 mamilla
1845 2666 1945 2695 exivit
1962 2659 2087 2703 fitngais
2105 2658 2144 2693 θ

1257 2723 1338 2755 aqua
1359 2736 1366 2743 .
1394 2710 1439 2745 Et
1460 2708 1546 2754 apud
1572 2709 1747 2745 Theodori
1770 2710 1913 2745 Leaoris
1934 2708 2146 2744 Collectanea

1260 2762 1403 2796 Aeacius
1424 2760 1820 2802 Constantinopolitanus
1843 2759 2024 2802 Episcopus
2045 2781 2058 2798 ,
2084 2757 2148 2792 Ba*

1260 2812 1353 2845 filisci
1379 2809 1586 2853 Imperatoris
1608 2809 1643 2843 in
1654 2808 1829 2852 Synodum
1843 2807 2149 2843 Chalcedonensem

1260 2859 1431 2897 violentias
1456 2860 1643 2893 fraenaturus
1660 2881 1672 2898 ,
1688 2856 1817 2903 seipsum
1829 2881 1840 2898 ,
1860 2857 1963 2902 surdem‘
1973 2857 2149 2902 Episcopa-

1261 2913 1325 2947 lem
1335 2935 1345 2951 ‚
1370 2920 1404 2942 ac
1415 2908 1519 2943 altare
1531 2914 1626 2952 nigris
1637 2914 1750 2942 amiciit
1764 2933 1773 2941 .
1801 2909 1853 2943 Ex
1867 2920 1935 2952 quo
1946 2917 2036 2952 patet
2046 2907 2148 2942 titum

1262 2963 1363 2997 etiam
1390 2957 1476 3004 apud
1491 2960 1620 2995 Graecos
1632 2958 1810 2993 obtinuisse
1821 2984 1828 2991 .
2125 2970 2133 2990 2

1314 3009 1514 3054 Respondeo
1539 3019 1648 3043 tamen
1663 3007 1730 3043 haec
1743 3033 1755 3049 ,
1782 3008 1858 3043 licet
1876 3009 2005 3043 adversa
2018 3033 2031 3049 ‚
2044 3007 2091 3052 „in
2102 3003 2149 3040 se-

1263 3063 1294 3097 se
1314 3061 1433 3096 mutud
1454 3070 1523 3093 non
1547 3070 1694 3103 pugnare
1713 3084 1720 3092 .
1750 3059 1877 3094 Urticae
1900 3058 1967 3093 istae
1991 3059 2027 3094 &
2052 3055 2150 3101 spina

1265 3114 1337 3146 sunt
1348 3112 1427 3144 ritus
1441 3108 1628 3143 indifferens
1641 3133 1651 3148 ,
1676 3109 1733 3153 qui
1744 3108 1877 3144 diverfis
1900 3105 2100 3152 temporibus
2111 3116 2150 3140 ac

1265 3174 1305 3197 ex
1315 3160 1446 3196 diversis
1453 3159 1554 3193 caufis
1567 3158 1660 3203 poffit
1672 3160 1735 3193 esse
1747 3159 1839 3194 Utilis
1850 3183 1862 3200 ‚
1888 3157 2014 3193 inutilis
2024 3180 2035 3196 ,
2063 3157 2151 3189 scan-

1264 3211 1413 3250 dalosus,
1436 3208 1648 3244 aedificativus
1663 3234 1674 3249 ‚
1699 3209 1841 3254 ideoque
1864 3206 2008 3244 &hodie
2020 3203 2150 3251 probati

1266 3262 1308 3298 ab
1330 3260 1474 3296 Ecclefia
1502 3284 1513 3301 ,
1538 3260 1571 3293 &
1595 3258 1803 3303 postmodum
1825 3256 2003 3301 improbari
2025 3281 2033 3288 .
2059 3254 2151 3288 Eum

1269 3314 1336 3347 fine
1346 3311 1498 3357 legitima
1510 3310 1604 3344 causa
1616 3311 1736 3344 faeium
1751 3308 1880 3343 videtur
1902 3303 2071 3342 dumtaxat
2093 3304 2153 3348 ime

1269 3363 1404 3407 probate
1420 3361 1514 3398 tertia
1523 3358 1651 3399 decima
1662 3358 1816 3406 synodus
1829 3356 1996 3394 Toletana
2008 3378 2017 3388 ·

2154 1929 2182 1965 Ρ-
2200 1941 2268 1971 7⁷3·

2016 3474 2132 3543 CA·-
