2340 3762
76 601 155 641 cap.
167 604 217 641 26.

11 1284 14 1287 Δ
65 1288 188 1332 Epist-13

671 194 739 224 nn
774 192 1021 229 sennim
1056 177 1304 224 Srnono
1335 175 1679 228 GENERAH.

249 259 364 307 gffstis
374 288 384 296 .
408 264 535 297 Etenim
543 265 579 299 ὀ·
588 267 623 298 in
632 266 812 298 annulorum.
820 265 948 304 circulis,
956 265 990 298 <5
999 269 1033 297 in
1043 263 1139 298 calici-

251 311 357 351 bun&
360 312 487 355 phialis,
495 317 530 349 <5
539 321 573 348 in
583 314 782 348 thalamorum
784 314 971 358 parietibus,
982 317 1017 350 (w
1028 313 1134 358 ubique

251 366 364 395 iconam
370 362 512 407 [anaqam
518 365 604 398 illam
613 375 779 399 exararunt
790 366 876 399 multi
888 391 897 403 ‚
924 374 959 398 ut
972 376 1031 399 non
1037 363 1135 409 solum

250 413 392 447 audirent
403 412 547 456 sanc‘lum
556 415 731 449 vocabulum
743 416 822 455 istud
831 440 843 456 ‚
863 412 924 458 sed.
945 416 980 449 ὦ*
990 417 1132 450 viderent

248 469 377 505 corporis
385 465 493 510 ubique
499 465 632 508 figuram
643 490 654 507 ,
675 468 710 500 (ς
732 467 845 509 duplici
863 467 1003 508 quadam
1019 472 1131 510 migra·

248 517 340 547 tionis
350 515 433 549 illius
453 513 648 558 consolatione
663 516 857 559 fruerentur.
888 515 935 549 Et
955 516 997 551 de
1009 516 1134 551 Roma·

246 563 302 598 nis
309 576 347 600 ac
358 566 477 599 Sancto
488 566 656 610 Symeone
667 567 789 611 Stylita
808 565 918 600 scribit
930 566 965 599 in
978 566 1135 602 monasti-

245 624 285 648 ca
294 612 431 649 historia
450 614 684 651 Theodoretus
697 643 707 649 .
731 620 848 651 Ferunt
871 623 1010 649 maxima
1032 623 1066 648 in
1078 619 1138 649 Ro.-

245 675 297 697 ma
306 664 445 700 celebrem
451 667 526 700 ades)
539 672 641 701 virum
651 668 703 711 effe
713 691 724 708 ‚
749 673 824 701 utin
848 666 984 700 omnibus
1007 667 1135 709 officina-

245 724 314 749 rum
325 714 475 756 vestibulis
482 725 604 759 parvas
625 720 688 760 eius
708 722 852 762 imagines
872 717 1033 758 statuant,
1057 725 1131 750 tute·

244 764 370 808 lamfibi
379 777 418 800 ex
429 766 479 801 bis
489 769 655 811 quamdam
676 770 710 802 (²5
718 767 891 811 pra-fidium
901 775 1109 810 comparantes
1123 789 1131 798 .

245 814 292 849 Et
311 815 348 849 in
359 816 529 859 splendide
549 817 683 852 vestitos
695 818 874 862 opulentos
894 817 1005 851 fideles
1026 815 1130 850 decla-

244 874 313 899 mat
324 865 464 899 Sanstus
483 865 664 910 Gregorius
675 867 863 909 Nyffenus:
891 868 967 899 Noli
981 864 1134 906 Christum.

238 918 366 957 pingere
385 919 421 946 in
440 914 625 955 vestimentis
636 940 648 958 ‚
668 914 728 959 sed
744 916 845 958 potiris
869 914 972 950 borum
986 913 1130 959 sumptus

236 963 423 1007 pauperibus
434 975 538 1010 eroga.
567 966 623 999 Ex
634 977 706 1010 quo
725 964 815 1000 vides
828 976 898 1000 non
921 964 1005 1000 solas
1027 966 1129 1003 sacras

241 1012 485 1051 Ecclesiasticas
506 1037 519 1056 ‚
552 1015 609 1051 sed
640 1017 676 1051 dc
701 1015 828 1052 usuales
849 1015 999 1050 fidelium
1028 1016 1130 1051 vestes

241 1063 326 1100 olim
337 1065 430 1100 fuisse
439 1065 640 1111 imaginibus
649 1077 781 1102 ornatas
791 1092 799 1100 .
825 1066 945 1109 Neque
956 1067 1040 1111 ipsas
1051 1092 1062 1108 ,
1076 1066 1128 1101 sed

240 1113 345 1150 solam
354 1115 499 1151 divitum
509 1126 659 1151 tenacem
682 1117 719 1151 in
731 1127 885 1161 pauperes
907 1128 1042 1152 manum
1061 1117 1127 1151 san-

239 1165 310 1199 stus
320 1165 420 1201 Pater
428 1164 635 1211 reprehendit
643 1193 659 1202 .,
677 1166 809 1202 Eodem
821 1167 923 1202 modo
936 1169 1041 1202 sacros
1052 1166 1132 1202 cali-

240 1226 296 1250 ces
306 1215 455 1262 insigniri
465 1218 643 1253 consuetos
656 1217 841 1253 audivimus
865 1218 957 1261 supra
969 1217 986 1250 a
996 1216 1129 1252 Tertul-

239 1264 335 1300 liano
348 1288 356 1296 -
382 1266 427 1301 Et
449 1268 490 1302 ad
504 1267 656 1303 Leonem
676 1269 822 1303 Isaurum
837 1268 948 1303 scribit
969 1267 1128 1303 Pontifex

241 1315 429 1361 Gregorius
438 1316 611 1352 secundus:
637 1320 749 1352 Nullus
769 1317 931 1360 excbristi
953 1318 1128 1352 amantibus

1918 203 1946 235 2
1956 204 1981 235 2
1994 205 2012 235 1

1199 258 1428 296 Iconoclastici
1452 262 1626 298 Refutatio
1635 264 1737 298 sacras
1762 264 1927 310 imagInes
1945 268 2026 302 reste
2038 279 2089 304 ve—

1201 321 1250 347 tat
1272 313 1381 347 vocari
1399 311 1577 352 fimulacra.
1603 313 1662 349 Est
1677 313 1876 356 vocabulum
1897 316 1999 353 idolis
2020 315 2095 361 jam'

1199 360 1323 407 pridem
1334 364 1578 408 adpropriatum
1591 388 1603 398 .
2085 404 2087 406 ,

1249 413 1452 459 Gregorium
1462 412 1642 449 secundum
1652 412 1852 451 Pontificem
1862 416 1990 459 rogavit
2012 417 2087 452 Leo

1198 462 1342 498 Isaurus:
1370 463 1502 509 guifit,
1530 474 1564 497 ut
1573 469 1605 496 in
1611 463 1668 508 sex
1674 466 1864 508 generalibus
1887 467 2027 499 Conciliis
2052 468 2090 500 de

1197 513 1378 559 imaginibus
1401 513 1479 547 nibil
1492 513 1534 555 fit
1557 514 1690 548 dicium?
1720 517 1855 551 Etenim
1879 517 1916 551 in
1947 515 2091 561 praesenti

1198 564 1335 607 Synodo
1348 566 1481 599 Sanetus
1491 563 1630 599 Tharafi
1636 576 1673 598 us
1684 564 1869 601 Patriarcha
1882 568 2013 601 nullum
2024 577 2087 611 pro

1198 614 1264 649 illis
1292 616 1447 659 scripturn
1474 615 1652 650 Canonem
1678 615 1838 661 adducere
1866 617 2001 661 potuit,
2025 616 2086 659 nisi

1196 666 1451 710 ostuagefimum
1465 665 1641 700 secundum
1655 664 1859 701 Trullanum
1873 691 1879 698 .
1907 667 2001 701 Hinc
2013 667 2091 703 Hae-

1197 714 1350 750 refiarcha
1363 715 1533 761 Augustus
1542 727 1597 750 eas
1608 716 1697 750 dixit
1708 726 1777 750 rem
1791 716 1945 752 inutilem
1960 741 1971 757 ,
1995 729 2091 752 num·

1196 776 1295 806 quam
1317 766 1359 804 ab
1386 766 1559 801 universali
1587 765 1729 800 Ecclesia
1758 766 1929 809 probatam
1951 791 1960 799 .
1998 766 2093 803 Istud,

1196 813 1261 848 fuit
1281 816 1424 860 palmare
1445 815 1494 850 illi
1510 814 1766 851 fundamentum
1779 841 1786 848 .
1814 816 1927 863 Qare
1952 817 2089 860 septima

1195 865 1329 908 quaestio
1340 867 1411 907 est,
1436 864 1494 900 An
1524 866 1629 910 ipsum
1661 866 1697 900 sit
1723 869 1864 906 verum?
1892 866 2093 909 Respondet)

1195 914 1493 961 sacrasimagines,
1523 916 1599 951 licet
1611 917 1740 951 nullum
1768 929 1826 960 pro
1854 918 1886 951 se
1909 918 2091 960 oecumeni3

1195 977 1271 1000 cum
1283 966 1459 1001 Canonem
1471 966 1635 1007 habeant,
1662 968 1808 1002 omnino
1818 976 1931 1003 tamen
1955 967 2050 1003 fuisse
2071 966 2092 1000 a

1196 1016 1251 1050 sex
1263 1015 1407 1060 Synodis
1421 1016 1573 1061 probatas
1586 1043 1593 1051 .
1621 1018 1724 1053 Diaae
1744 1019 1838 1053 enim
1861 1019 1987 1052 Leonis
2007 1018 2093 1062 peti·

1195 1066 1461 1113 tionieleganter
1470 1065 1642 1111 respondet
1657 1066 1809 1103 laudatus
1829 1067 2007 1103 Pontifex.
2036 1073 2092 1103 Ne
2110 1060 2194 1102 Epist·
2216 1073 2246 1093 ²·

1195 1117 1231 1149 de
1237 1126 1320 1159 pane
1330 1119 1453 1161 quidem
1477 1120 1512 1153 &⁶
1523 1129 1606 1162 aqua
1619 1117 1732 1152 dic‘lum
1750 1117 1789 1159 est
1801 1118 1968 1163 quidquam
1982 1141 1993 1158 ,
2013 1117 2093 1161 fitne

1192 1169 1402 1203 comedendum
1426 1178 1481 1202 auct
1501 1180 1560 1202 non
1586 1170 1800 1203 comedendum
1818 1192 1829 1209 ‚
1855 1168 2019 1202 bibendum
2045 1180 2091 1202 an

1194 1229 1253 1251 non
1272 1218 1431 1261 bibendum
1453 1244 1466 1260 ,
1491 1220 1736 1262 quandoquidem
1762 1219 1826 1253 baec
1851 1220 2026 1261 antiquitas
2053 1220 2088 1253 ό·

1193 1269 1214 1301 a
1236 1274 1386 1312 principIo
1410 1270 1455 1304 od
1463 1276 1541 1305 vitae
1553 1269 1696 1303 humanae
1716 1269 1966 1313 conservationem
1991 1268 2091 1302 habes

1192 1320 1313 1352 tradita
1326 1345 1334 1352 .
1360 1322 1408 1354 sic
1418 1325 1511 1355 etlam
1525 1325 1671 1364 imagines
1684 1323 1811 1355 tradztae
1812 1320 1942 1362 fuerant
1955 1344 1966 1360 ,
1977 1317 2087 1362 ipfique

1194 1369 1353 1410 Pontifices
1364 1375 1511 1414 imagines
1520 1372 1569 1403 ad
1576 1373 1710 1404 Concilia
1730 1370 1907 1412 deferebant
1922 1383 1932 1403 ι
1960 1374 2027 1404 Nec
2047 1371 2092 1402 ul-

1192 1418 1240 1448 lus
1250 1428 1289 1449 ex
1302 1417 1415 1458 Christi
1426 1419 1602 1452 amantibus
1615 1426 1674 1452 iter
1681 1427 1831 1462 peragens
1839 1445 1850 1460 ,
1879 1418 1988 1462 absque
2012 1425 2090 1452 ima·

1187 1466 1314 1508 ginibus
1322 1473 1576 1510 peregrinationes
1586 1468 1689 1502 obibat
1702 1493 1710 1501 .
1740 1470 1782 1503 Et
1794 1469 1836 1504 ad
1847 1468 1994 1513 ejusdem
2005 1480 2092 1512 quae-

1192 1514 1306 1549 stionis
1320 1526 1484 1552 motorem
1497 1518 1655 1554 Basilium
1666 1518 1887 1554 Tricacabum
1898 1518 1985 1554 dixit
2009 1520 2092 1554 San—

1191 1566 1260 1600 ctus
1270 1566 1457 1610 Stephanus
1469 1568 1705 1603 Auxentianus
1715 1593 1723 1602 .
1748 1572 1859 1613 Quid?
1887 1573 1935 1603 An
1965 1568 2090 1612 nonsese

1190 1620 1288 1649 omnia
1298 1619 1432 1650 Concilia
1450 1622 1484 1651 in
1489 1615 1689 1660 sacrosanei‘is
1714 1622 1836 1660 templis
1862 1619 1964 1653 coac‘Ja
1985 1617 2061 1662 sunt
2075 1642 2091 1661 ,

241 1376 279 1399 ac
299 1365 434 1412 religiosis
457 1367 625 1402 bominibus
643 1374 702 1402 iter
723 1370 792 1402 olim
809 1377 961 1411 peragens
981 1392 993 1408 ,
1018 1366 1128 1410 absque

239 1416 421 1459 imaginibus
428 1422 682 1460 peregrinationes
692 1418 801 1450 obibat.
814 1417 927 1450 Etiam
939 1417 975 1449 in
987 1415 1129 1458 publicis

239 1464 322 1504 viis,
348 1465 467 1509 plateis
487 1489 500 1507 ,
528 1465 677 1503 balneis,
702 1466 802 1504 foris,
826 1465 1004 1500 civitatum
1024 1465 1127 1508 portis

238 1513 334 1550 fuisse
356 1516 481 1560 semper
502 1516 622 1561 positas
638 1516 744 1552 sacras
760 1515 944 1562 imagines,
965 1515 1063 1560 poffit
1075 1526 1128 1552 va-

237 1566 285 1602 tie
293 1566 424 1602 ostendi
437 1592 447 1600 .

10 2662 28 2721 ‘i

59 1865 215 1903 1·2·c.25.

55 2742 103 2772 Lx
110 2741 216 2779 8.e.53.

55 2933 130 2973 Cap·
145 2942 175 2970 ⁷·

61 3198 136 3230 L-z.

289 1617 386 1650 Sexta
395 1615 528 1660 quaestio
548 1614 596 1650 est
607 1639 620 1656 ‚
644 1614 702 1650 An
713 1618 815 1651 sacras
837 1616 1001 1660 imagines
1021 1614 1126 1659 legiti-

238 1664 293 1700 me
303 1666 512 1701 osculemus?
536 1665 738 1710 Respondeo
749 1664 956 1700 adfirmative
972 1691 980 1698 .
1006 1665 1126 1708 Liquet

236 1727 280 1750 ex
300 1716 415 1751 nostrae
437 1716 568 1760 Synodi
582 1716 715 1751 decreto
736 1716 778 1751 de
799 1716 886 1758 fide,
910 1716 1003 1760 cujus
1022 1716 1124 1750 etiam

235 1763 324 1800 hanc
363 1777 490 1812 partem
515 1767 611 1801 fuisse
635 1766 652 1800 ὲ
678 1768 711 1800 se
735 1766 967 1801 confirmatam
991 1765 1126 1800 testatur

233 1814 404 1851 Adrianus
417 1816 540 1861 prImus
550 1815 709 1852 Pontifex
720 1816 756 1850 in
771 1817 951 1860 Responsis
970 1816 1012 1850 ad
1021 1813 1123 1849 dubia

231 1866 435 1902 Francorum
447 1891 457 1899 .
481 1866 789 1910 DefiniitSynodus
808 1864 960 1901 adversus
971 1866 1121 1901 Leonem

231 1916 379 1952 lsaumm
390 1942 401 1959 ‚
424 1916 482 1960 qui
504 1917 607 1952 sacras
619 1916 780 1961 imagines
791 1915 936 1951 necdum
946 1915 1122 1951 exturbare
1142 1933 1144 1935 ·

231 1969 327 2002 ausus
347 1967 430 2002 dicit
450 1968 486 2002 in
499 1968 566 2002 vita
587 1968 695 2002 Sancti
706 1965 865 2011 Stephani
888 1964 1115 2001 Auxentiani:

233 2020 290 2059 AJo
299 2019 366 2051 illas
376 2017 541 2061 ficblimiori
550 2019 608 2051 loco
624 2018 807 2051 collocandas
820 2042 832 2058 ,
858 2028 895 2051 ne
906 2028 952 2050 ore
960 2015 1120 2060 quisquam

231 2078 284 2101 eas
297 2072 450 2111 contingat
460 2091 473 2108 ,
497 2075 587 2110 atque
597 2071 643 2099 iia
654 2066 739 2100 rebus
749 2065 856 2100 bonore
868 2068 969 2110 dignis
979 2076 1122 2100 contume-

231 2118 293 2152 lias
303 2117 418 2160 inferat
429 2141 439 2150 .
465 2117 602 2152 Etenim
612 2117 647 2152 in
660 2116 806 2151 Bafilicis
818 2117 1008 2151 Graecorum
1026 2117 1120 2151 sacrae

230 2167 395 2213 imagines
417 2192 430 2209 ,
454 2179 535 2213 quas
556 2167 696 2212 populus
721 2167 862 2202 osculari
884 2168 989 2211 posset
1009 2191 1021 2208 ‚
1048 2167 1119 2201 fixae

229 2229 324 2254 erant
336 2219 371 2253 in
391 2218 470 2254 loco
491 2216 636 2258 humili,
659 2227 804 2261 eumque
823 2227 950 2251 morem
973 2218 1118 2252 eversum

230 2268 305 2303 Leo
317 2269 443 2310 voluit,
469 2270 600 2313 sperans
611 2270 681 2302 suas
691 2267 844 2303 adversus
860 2269 974 2302 Deum
993 2269 1118 2313 cogita-

229 2319 339 2354 tiones
365 2319 568 2364 pedetentim
603 2317 831 2362 adimplendas
854 2342 861 2349 .
901 2318 1002 2352 Istum
1029 2343 1040 2358 ,
1067 2318 1118 2353 in-

227 2380 328 2411 quam
337 2394 350 2411 ,
370 2369 479 2404 osculi
491 2380 618 2404 morem
630 2369 786 2403 Romana
800 2367 941 2403 Ecclesia
954 2367 1116 2411 probavit,

225 2419 359 2454 videtur
379 2430 490 2455 tamen
508 2418 590 2454 olim
612 2429 682 2453 non
702 2419 829 2453 ufitaffe
850 2443 857 2451 .
886 2419 931 2453 Et
952 2417 1032 2452 hinc
1057 2419 1115 2453 Pa-

229 2476 316 2503 trum
327 2469 583 2504 Praedicatorum
604 2471 758 2504 mactatus
770 2469 1116 2514 Constantinopolita-

228 2530 294 2553 ειυς
303 2518 498 2564 referthanc
508 2521 697 2554 Graecorum
712 2518 997 2554 schismaticorum
1008 2519 1042 2552 in
1054 2530 1115 2553 nos

229 2569 375 2603 Latinos
383 2570 584 2605 calumniam
605 2582 612 2601 :
641 2570 755 2604 Latini
768 2574 888 2604 Crucem
898 2582 955 2603 uno
965 2571 1059 2614 digito
1069 2579 1116 2603 at·

228 2625 381 2664 ringentes
406 2619 578 2665 osculantur
598 2643 609 2660 ,
639 2622 675 2654 (9
688 2619 794 2663 sacras
816 2626 964 2664 imagines
985 2630 1116 2654 renuunt

227 2668 350 2713 oftulari
360 2695 368 2702 .
396 2670 439 2704 Et
450 2670 622 2705 adversum
636 2671 815 2705 Armenios
824 2669 934 2705 scribit
947 2669 1115 2714 Nicepho-

228 2730 284 2754 rus
294 2721 462 2755 Calixtus.
489 2725 640 2766 Imagines
646 2719 752 2764 sacras
761 2720 908 2755 honorant
918 2722 962 2754 illi
975 2722 1095 2763 quidem
1103 2745 1116 2762 ,

224 2767 348 2812 sednon
358 2769 550 2815 osi-alantur.-
577 2776 616 2805 Ac
626 2774 719 2815 digito
736 2772 857 2805 tannim
877 2783 930 2806 eas
949 2778 1116 2816 contingen·

230 2828 276 2853 tes
288 2844 300 2860 ‚
323 2820 390 2855 huic
399 2820 523 2865 osculum
531 2820 645 2867 sgunt.
675 2821 808 2866 Nempe
819 2823 920 2856 ritum
932 2819 1022 2857 hunc
1033 2845 1045 2862 ‚
1065 2823 1114 2856 uti

231 2869 267 2903 &
277 2868 359 2903 alios
370 2871 473 2913 plnres
488 2897 498 2914 ‚
522 2870 690 2907 habebant
701 2871 855 2907 Armenii
875 2874 894 2908 a
905 2874 1024 2908 Sansto
1036 2873 1117 2908 Gre-

230 2918 328 2963 gorio
352 2919 548 2966 Magno·&
570 2923 714 2958 Ecclesia
739 2924 894 2959 Romana
916 2949 924 2956 .
952 2924 1113 2959 Eamdem

230 2968 411 3003 Ecclesiam
432 2972 598 3016 sequentes
611 2973 747 3019 Bulgari
769 2974 951 3010 Nicolaum
974 2975 1113 3019 primum

230 3018 434 3054 Pontificem
454 3022 495 3056 de
507 3024 647 3057 solarum
667 3026 849 3059 sanctarum
861 3025 1091 3067 Reliquiarum
1103 3050 1113 3066 ‚

229 3080 301 3104 non
313 3080 423 3105 autem
433 3070 475 3105 de
487 3073 647 3108 sacrarum
667 3075 851 3120 imaginum
864 3074 977 3110 osculo
999 3077 1114 3110 consu-

229 3119 382 3154 luerunt.
410 3121 532 3156 Sanam
549 3123 667 3158 Crucis
686 3126 815 3170 signum
836 3138 875 3161 ac
887 3126 1065 3173 Evangelii
1076 3127 1114 3161 li·

229 3169 327 3206 brum
350 3195 362 3211 ,
389 3173 438 3205 uti
460 3183 503 3206 ex
524 3172 608 3216 Jona
628 3172 856 3210 Aurelianensi
883 3176 1051 3221 Episcopo
1077 3177 1114 3211 li-

228 3229 328 3265 quet,
356 3221 477 3257 Latina
491 3222 632 3257 Ecclesia
652 3226 779 3268 semper
799 3227 846 3260 est
868 3226 1012 3261 osculata
1025 3251 1032 3258 .
1059 3228 1113 3261 De

229 3271 347 3306 Crucis
362 3272 477 3307 osculo
489 3273 590 3307 etiam
609 3274 778 3318 respondit
790 3275 941 3320 Bulgaris
953 3277 1113 3312 Nicolaus

230 3323 361 3364 primus.
373 3323 488 3357 Osculi
500 3325 712 3359 reverentiam
726 3324 788 3359 soli
802 3323 936 3361 Christo
948 3326 1112 3368 Domino,

230 3381 330 3413 quem
350 3373 385 3407 δι
405 3373 523 3408 Crucis
541 3373 670 3422 signum
694 3376 730 3410 ἀ
742 3375 920 3421 Evangelii
939 3376 1047 3412 codex
1066 3390 1114 3413 re-

231 3423 420 3474 praesentant
433 3449 444 3465 ,
468 3424 654 3460 existimem
674 3426 758 3461 olim
770 3426 864 3461 fuisse
883 3427 901 3461 a
912 3426 1032 3462 nostris
1042 3429 1115 3463 Ma-

232 3471 355 3516 ‚oribus
370 3475 576 3511 reservatam.
601 3476 781 3525 Qidquid
790 3476 852 3520 fit,
878 3477 1112 3514 conventiculi

1185 1672 1319 1707 primum
1331 1668 1474 1702 nimirem
1485 1673 1518 1700 in
1529 1671 1565 1702 N
1568 1674 1648 1703 ἐσσι
1662 1671 1818 1711 Metropoli
1843 1678 1933 1712 atque
1945 1670 2086 1712 ampliffi·

1187 1727 1235 1749 mo
1245 1716 1327 1749 urbis
1347 1717 1428 1750 illius
1442 1720 1573 1760 templo,
1595 1718 1757 1762 secundum
1782 1722 1868 1761 apud
1877 1719 2082 1759 Constantino-

1182 1767 1277 1807 polim
1285 1764 1441 1809 insancqae
1447 1774 1531 1808 pacis
1542 1770 1653 1810 templo
1672 1796 1679 1807 ,
1706 1776 1831 1803 tertium
1845 1777 1878 1802 in
1886 1769 2087 1810 pulcherrima

1186 1815 1319 1859 Theologi
1344 1819 1469 1859 templo,
1496 1819 1577 1860 quod
1594 1823 1629 1851 in
1642 1818 1793 1861 prest'na
1818 1822 1972 1862 Metropoli
1994 1819 2087 1862 fitum

1185 1865 1225 1906 est
1244 1890 1257 1906 ,
1283 1875 1424 1908 quartum
1449 1873 1483 1901 in
1503 1866 1680 1911 sanc‘liffima
1708 1872 1947 1913 Metropolitanae
1975 1869 2082 1914 nqftrae

1184 1914 1378 1949 chalcedonis
1404 1920 1491 1956 aede,
1519 1926 1657 1961 quintum
1670 1928 1768 1954 autem
1793 1932 1828 1954 ac
1846 1921 1973 1966 sextum
1997 1925 2077 1956 Con-

1179 1965 1372 2009 stantinopoli
1386 1967 1504 2009 rursum
1521 1991 1533 2009 ,
1559 1970 1688 2003 alterum
1697 1980 1801 2012 nempe
1821 1978 1854 2005 in
1882 1972 2077 2016 Augustiffima

1185 2015 1302 2058 sopbiae
1327 2018 1438 2060 templo
1459 2043 1470 2059 ,
1497 2020 1626 2052 alterum
1652 2029 1753 2053 autem
1779 2027 1811 2053 in
1833 2023 1947 2062 palatii
1972 2023 2038 2056 aede
2064 2047 2078 2064 ‚

1185 2077 1277 2110 quam
1288 2071 1400 2101 Oatum
1412 2070 1500 2112 vulgi
1512 2071 1690 2112 appellant?
1717 2073 1809 2115 ‚Quid
1815 2073 1931 2116 igitur?
1963 2080 2010 2105 An
2025 2083 2086 2107 non

1183 2122 1217 2150 in
1240 2117 1376 2151 omnibus
1403 2117 1479 2162 hisee
1518 2121 1639 2162 templis
1666 2127 1812 2165 imagines
1835 2121 1927 2165 picJae
1963 2122 2081 2158 erant?

1183 2168 1347 2210 ,Quodnam
1368 2179 1410 2202 ex·
1426 2169 1586 2212 praediHis
1607 2173 1746 2204 Conciliis
1762 2175 1952 2214 dejiciendas
1964 2185 2020 2207 eas
2046 2182 2081 2207 ac

1183 2219 1327 2251 delendas
1353 2222 1405 2262 effe
1430 2219 1567 2263 censuit?
1594 2221 1748 2265 Responde
1774 2225 1818 2256 ad
1843 2223 1894 2256 boc
1914 2222 2077 2266 Episcope.

1184 2268 1236 2301 Ex
1252 2280 1319 2312 quo
1332 2269 1436 2313 liquet
1448 2270 1602 2305 Basiliam
1615 2272 1838 2308 Tricacabum
1861 2274 1954 2307 fuiffe
1973 2274 2084 2308 omni-

1184 2316 1229 2352 no
1255 2319 1456 2363 Episcopum
1481 2345 1489 2353 .
1522 2321 1576 2355 De
1606 2320 1769 2364 Ephefina
1796 2335 1909 2358 tamen
1935 2323 2077 2368 synodo

1182 2368 1303 2403 labitur
1338 2371 1469 2405 sanstus
1481 2370 1683 2415 Stephanus:
1714 2374 1842 2409 Habita
1868 2374 1924 2410 illa
1950 2374 2014 2411 fuit
2039 2375 2078 2410 in

1183 2419 1326 2455 Ecclesia
1338 2419 1489 2467 Virginis
1503 2421 1652 2467 Deiparae
1663 2448 1670 2456 .

1353 2696 1701 2746 CAPUT
1784 2699 1898 2749 VI.

1177 2867 1431 2933 Exponuntur
1457 2870 1602 2935 antiqui
1627 2888 1761 2917 errores
1783 2865 1827 2916 de
1844 2866 2071 2919 SanHorum

1317 2939 1538 3004 imaginibus
1570 2974 1584 2998 ‚
1620 2939 1802 3007 Reliquiis
1834 2975 1848 3003 ,
1883 2958 1931 3003 ac

1494 3028 1723 3060 invocatione
1739 3047 1752 3060 ο

1250 3168 1370 3204 Rimus
1394 3171 1556 3207 sacrarum
1593 3171 1780 3219 imaginum
1806 3170 1909 3208 hostis
1945 3182 2068 3217 nequa-

1273 3231 1373 3264 quam
1384 3221 1451 3256 fuit
1463 3223 1533 3257 Leo
1543 3220 1686 3258 Isaurus.
1716 3223 1850 3259 Etenim
1864 3222 1906 3259 ad
1925 3224 2065 3267 primam

1178 3272 1338 3315 praesentis
1348 3271 1666 3315 synodiAffionem
1685 3274 1770 3310 dixit
1789 3275 1924 3309 Sanetus
1938 3272 2065 3307 Thara-

1177 3322 1237 3355 sius
1246 3321 1436 3358 Patriarcha
1448 3323 1859 3370 constantinopolitanus:
1888 3329 2063 3358 Invenimus

1177 3371 1402 3407 &Manicbaeos
1422 3386 1480 3408 non
1504 3380 1674 3418 recipientes
1697 3381 1816 3418 iconas,
1845 3377 1880 3410 Θ
1899 3376 2060 3407 Marcioni-

1171 3423 1259 3466 βω,
1283 3424 1318 3457 Θ·
1343 3435 1391 3459 eos
1402 3431 1455 3468 qui
1464 3424 1653 3468 confundunt
1680 3426 1791 3468 Christi
1817 3433 1965 3461 naturas,
1992 3432 2062 3463 quO·

1177 3485 1244 3509 rum
1248 3479 1368 3517 primus
1379 3475 1418 3517 est
1429 3479 1540 3511 Petrus
1552 3477 1716 3521 cnapheus
1727 3500 1740 3519 ,
1757 3478 1792 3517 (5
1801 3475 1941 3555 Xenssjas
1953 3473 2061 3506 [Bera-

1835 3531 1875 3566 po
1887 3528 1987 3556 itanus
1998 3544 2010 3561 ‚
