2340 3762
10 2172 19 2181 ⁸
44 2172 129 2214 Spist.
150 2185 179 2213 9.

43 3151 78 3185 In
89 3154 146 3190 ejus
161 3155 199 3186 vi-

42 3203 71 3225 ta
86 3195 181 3231 F.1o9.

659 151 726 183 na
761 144 996 182 octava
1029 135 1266 180 synono
1298 129 1636 181 GzNzuAtr.

243 218 396 262 quidquid
414 218 533 263 questio
551 217 673 263 affirm
695 245 708 263 ,
724 221 806 263 just?
824 221 946 264 definire
969 221 1120 255 licentiam

243 269 350 302 dantes
361 293 369 301 .
397 269 531 305 Etenim
544 271 683 307 Arzabir
707 283 746 306 ac
756 272 824 316 ejus
836 272 973 306 comites
986 270 1117 315 Episco-

241 316 277 361 pi
302 317 405 362 questi
430 321 558 356 fuerant
582 321 759 356 Ecclesiam
784 320 1119 364 Constantinopolita-

241 373 325 402 nam'
352 368 394 404 ab
413 370 642 407 Iconomachis
664 395 677 413 ,
709 372 887 408 recidivam
908 372 1117 416 quaestionem

239 418 476 460 excitantibus,
491 423 600 456 vexari
612 432 709 467 quam
721 421 864 458 maxime
876 446 888 463 ,
901 423 935 456 ἀ
947 420 1116 456 Christum

240 466 430 507 Dominum
448 482 503 515 per
512 471 717 516 fingulaistic
728 473 960 508 conventicula
976 470 1118 515 blasphe-

239 517 341 552 mari.
368 519 462 555 Hinc
481 532 607 557 moram
626 522 781 558 sustinere
800 522 923 558 malum
947 521 1034 557 istud
1047 533 1115 556 non

239 565 409 604 videbatur
429 594 437 602 .
473 569 522 605 At
548 570 624 607 vero
651 570 909 608 PattIarcharum
945 571 1117 607 damnatio

238 617 361 661 semper
369 618 432 653 fixit
441 617 482 655 de
494 622 646 658 maximis
658 623 806 659 Ecclefiae
816 622 929 658 cauffis
941 635 948 655 ε
967 622 1044 666 Ejus
1055 622 1116 667 igi-

237 674 292 700 tur
300 667 406 704 solum
417 681 554 706 examen
567 674 701 719 Legatis
711 672 828 709 merito
840 673 981 717 permisit
991 671 1115 717 sapien·

234 715 375 753 tiffimus
394 719 572 763 Pontifex,
599 723 828 759 definitionem
851 724 910 758 suo
931 723 1058 768 judicio
1069 733 1114 757 re-

232 766 392 804 servavit.
420 770 508 807 Cum
523 772 609 808 hisce
621 775 738 809 litteris
758 775 792 810 ἀ
803 773 965 808 mandatis
979 775 1112 808 fuerunt

233 813 284 850 illi
297 827 355 859 per
367 819 506 855 Arzabir
524 822 853 867 Constantinopolim
863 822 993 857 deducti
1004 846 1012 854 .

282 865 396 913 Pergit
415 870 665 913 Metrophanes.
690 877 803 915 Legati
824 871 1036 914 Apostolici,
1059 878 1111 912 po-

223 915 382 958 flebquam
391 918 671 962 constantinopolim
681 928 828 955 venerunt
838 944 850 961 ,
873 919 1045 963 litterasque
1055 926 1113 954 lm·

225 971 363 1007 perarari
385 969 420 1003 όν
432 968 537 1003 Photio
556 971 775 1013 reddiderant,
794 978 852 1014 per
862 971 923 1004 olio
943 969 1052 1014 menses
1061 983 1112 1006 ur-

225 1025 298 1059 gere
307 1025 397 1060 atque
408 1018 517 1059 instare
528 1031 587 1053 non
605 1019 778 1061 destiterunt
788 1045 800 1062 ,
823 1019 918 1063 utfibi
927 1022 1026 1055 liceret
1035 1023 1111 1066 lega-

229 1069 311 1098 cione
326 1074 384 1109 pro
395 1071 521 1110 Imperio
543 1069 694 1112 Pontifflis
705 1070 863 1115 perfungi.
890 1071 1039 1105 Prohibiti
1060 1084 1111 1106 ve-

230 1116 265 1147 ro
277 1138 288 1155 ‚
313 1119 403 1151 immo
421 1120 510 1152 donis
532 1125 624 1153 etiam
646 1122 734 1154 illem
751 1124 945 1163 &corrupti,
973 1125 1110 1157 patriar-

224 1163 318 1198 *cham
329 1170 483 1211 Ignatium
489 1177 591 1210 proter
592 1172 650 1211 jus
656 1169 714 1215 fas
710 1182 765 1214 que
774 1182 857 1205 omne
869 1171 1111 1212 exauc‘lorarunt,

230 1213 428 1260 Phariumque
447 1218 661 1261 confirmarunt
681 1245 693 1262 ‚
720 1221 845 1263 photio,
871 1223 956 1264 quod
973 1234 1033 1256 non
1051 1225 1109 1258 rite*

227 1263 321 1300 leHus
341 1268 407 1311 effe:
425 1271 561 1313 Ignatius
584 1271 767 1305 Patriarcba
779 1296 790 1312 ,
818 1270 1013 1315 accusatorem
1029 1273 1110 1314 insti-

225 1320 347 1358 tuente,
372 1328 442 1360 quae
459 1319 559 1361 potius
578 1323 611 1352 in
643 1319 740 1364 ipsum
760 1322 933 1365 quadrabat
952 1322 1107 1356 Photium:

224 1366 354 1411 ,Quippe'
374 1374 427 1411 qui
442 1377 500 1412 pe(
520 1374 586 1403 vim
605 1367 702 1413 solam
723 1373 942 1414 &Principum
965 1384 1109 1414 manum,

221 1425 338 1460 prater
362 1427 493 1452 mentem
508 1417 746 1462 sententiamque
756 1419 990 1462 Episcoporum‚
1015 1428 1108 1454 intru-

223 1465 279 1510 ¹fus
290 1467 357 1510 effet
370 1491 377 1499 .
406 1467 488 1506 Illud
508 1471 579 1501 vero
599 1469 638 1501 de
647 1473 763 1512 ignatio
767 1467 829 1509 fine
844 1468 1003 1513 suffragiis
1012 1479 1109 1503 creato

220 1518 344 1559 penitus
350 1514 469 1560 falsum
481 1524 548 1551 erat
557 1526 648 1560 atque
659 1517 810 1560 confilium
825 1544 831 1550 .
858 1517 1003 1562 Legatos
1013 1520 1107 1554 fuisse

225 1575 297 1600 non
320 1569 449 1602 tantum
470 1566 569 1600 donis
589 1578 779 1612 corruptos,
804 1567 857 1602 sed
877 1568 1039 1612 &Regiis
1050 1579 1107 1602 ter-

225 1615 356 1650 roribus
366 1615 554 1657 compulsos
568 1616 702 1650 testatur
712 1616 802 1651 testis
811 1617 962 1650 oculatus
973 1619 1108 1652 San-stus

223 1665 412 1707 stylianus.
439 1664 581 1699 Eosdem
605 1665 755 1710 primitus
778 1666 966 1701 constanter
986 1667 1106 1712 regine,

222 1723 259 1749 at
270 1726 326 1758 per
343 1724 478 1749 eentum
496 1713 566 1749 dies
577 1716 725 1758 nemini,
750 1716 810 1750 nifi
829 1717 895 1751 suis
907 1717 1107 1753 Domesticis

223 1764 364 1808 potuisse
383 1763 500 1807 loqui,
525 1774 622 1808 atque
634 1765 678 1800 ita
697 1765 896 1810 pedetentim
907 1778 963 1809 per
975 1767 1105 1802 Graeco-

220 1824 297 1847 rum
317 1823 400 1848 artes
426 1813 519 1848 fuisse
538 1814 681 1850 inflexos
703 1815 836 1849 testatur
861 1816 897 1849 in
921 1815 1038 1850 litteris
1061 1816 1102 1849 ad

217 1858 380 1898 Photium
390 1886 401 1903 ,
427 1862 462 1896 &
475 1863 510 1896 in
522 1862 639 1899 litteris
649 1864 689 1899 ad
700 1864 854 1899 Dioecefis
867 1864 1102 1900 Constantino-

219 1912 375 1958 politanae
387 1912 566 1956 Episcopos
577 1914 644 1957 ipse
654 1913 815 1948 Pontifex
824 1915 856 1948 N
862 1914 1001 1948 icolaus.

270 1960 378 1997 Addit
390 1961 508 1997 abillis
529 1962 563 1996 δε
574 1962 741 1997 Michaele
757 1963 910 2008 Augusto
920 1964 999 1998 duas
1010 1962 1100 1997 Con-

218 2011 435 2054 stantinopoli
447 2011 622 2046 celebratas
633 2013 805 2055 Synodos,
830 2014 962 2047 alteram
983 2024 1042 2056 pro
1055 2014 1099 2047 sa-

219 2063 282 2096 ctis
306 2058 508 2104 imaginibus
529 2083 540 2099 ,
565 2061 700 2094 alteram
723 2073 781 2104 pro
803 2060 927 2096 Photio
948 2063 1098 2097 adversus

219 2110 410 2156 ignatium,
435 2108 477 2143 de
500 2119 563 2152 qua
584 2110 671 2144 idem
692 2109 850 2145 Pontifex
871 2111 907 2144 in
931 2110 1046 2145 litteris
1056 2111 1097 2145 ad

217 2161 340 2196 dietum
363 2160 595 2203 Imperatorem
615 2184 622 2192 .
653 2161 739 2194 Illud
753 2161 848 2194 ridere
872 2160 959 2194 libuit
983 2184 995 2200 ‚
1020 2163 1098 2202 quod

217 2209 302 2254 quast
319 2211 363 2243 ad
380 2212 522 2251 majorem
541 2209 717 2252 firmitatem
737 2211 898 2243 Concilium
913 2234 925 2250 ,
950 2211 1095 2244 adversus

218 2266 369 2305 Ignatium
384 2263 524 2293 Fratrem
545 2262 580 2294 cb·
591 2259 830 2298 comministrum
847 2259 971 2300 nostrum
982 2271 1094 2304 congre-

211 2318 342 2355 gatum,
367 2311 495 2352 equalis
519 2315 634 2344 numeri
655 2319 720 2343 cum
733 2307 845 2352 sanda
864 2311 932 2343 olim
942 2312 1052 2350 synodo
1062 2316 1094 2345 in

216 2365 328 2395 Nicaea
338 2362 358 2392 ἃ
366 2357 479 2403 sanclis
491 2360 635 2393 Patribus
655 2359 801 2392 celebrata
802 2359 892 2402 fuisse
910 2359 1073 2402 perhibetis
1085 2386 1092 2393 .

218 2409 362 2456 Qosvis
389 2408 569 2452 Episcopos
594 2407 635 2443 ad
659 2409 886 2444 latrocinalem
920 2409 1093 2454 Synodum

217 2469 369 2503 coegerat
381 2458 548 2503 Augustus
559 2457 707 2492 Michael
717 2483 728 2500 ,
754 2457 893 2503 ideoque
909 2460 1092 2504 generalem

218 2510 273 2542 seu
283 2509 522 2543 oecumenicam
535 2533 546 2548 ‚
571 2509 683 2543 sanstae
697 2510 806 2552 primae
826 2510 968 2544 Nicaenae
982 2521 1088 2554 parem

217 2557 413 2599 blaterabat3
440 2566 472 2590 at
484 2558 624 2601 reposuit
648 2558 797 2593 laudatus
816 2559 992 2594 Pontifex:
1020 2564 1090 2592 Non

216 2609 341 2641 totidem
363 2605 509 2650 Praesules
522 2632 533 2648 ‚
554 2605 610 2650 sed
619 2614 728 2642 merita
747 2619 805 2641 non
827 2615 943 2642 minora
951 2610 1091 2648 synodum

216 2660 325 2697 synodo
336 2662 460 2698 Nicqnae
469 2658 582 2701 posficnt
584 2657 688 2700 facere
692 2658 825 2700 parilem
835 2682 844 2698 ,
854 2657 1004 2703 magisque
1015 2660 1093 2692 illud

214 2708 435 2742 advertendum
452 2731 462 2745 ‚
487 2713 556 2750 quia
565 2709 623 2741 illic
632 2716 734 2742 contra
755 2714 844 2742 unius
858 2707 1023 2747 Presbyteri
1039 2721 1091 2743 ve-

213 2756 332 2800 saniam
342 2769 399 2790 non
407 2754 500 2799 filum
511 2759 673 2791 multarum
682 2764 831 2802 regionum
842 2757 995 2800 Pontifices
1003 2782 1015 2798 ,
1040 2771 1089 2792 ve-

215 2808 380 2840 rumenam
399 2808 433 2841 (τ
447 2807 633 2841 Patriarcbae
641 2807 770 2851 praesedi
792 2820 807 2841 e
829 2808 1019 2851 referuntur-3
1044 2808 1089 2841 bic

216 2866 317 2890 autem
325 2860 357 2888 in
369 2857 556 2890 Patriarchae
567 2863 679 2901 negotio
691 2869 750 2891 non
757 2856 850 2901 solum
861 2860 938 2893 ullus
951 2861 1089 2892 Paniar-

215 2905 339 2940 charum
351 2929 362 2945 ‚
383 2903 441 2947 sed
451 2918 498 2940 nec
509 2909 584 2941 ullus
595 2909 719 2942 alterius
730 2906 876 2950 dioecesbos
899 2914 1040 2942 inventus
1051 2907 1087 2948 est

215 2953 369 2998 quisquam
380 2954 541 2998 Episcopus
553 2982 560 2990 .
588 2958 637 2991 At
658 2958 735 2992 vero
758 2958 919 3002 generalis
934 2957 1087 3000 Synodus

215 3005 349 3049 requirit
359 3005 556 3047 praesentiam
567 3017 621 3041 aut
629 3008 714 3042 certe
725 3007 926 3052 legationem
935 3007 1086 3042 omnium

215 3054 397 3090 dioeceseon
419 3066 458 3090 ac
473 3055 749 3091 Patriarcharum.
776 3058 894 3101 Neque
906 3056 1031 3092 mireris
1051 3058 1084 3091 in

217 3116 284 3139 una
296 3103 662 3148 constantinopolitana
684 3106 811 3142 dioecefi
833 3108 989 3142 fuiffetot
1012 3107 1088 3150 Epi-

217 3157 333 3198 scopos
347 3169 357 3188 .·
385 3154 517 3189 Etenim
529 3153 621 3188 fuisse
639 3161 760 3189 nimiam
770 3155 980 3200 Episcoporum
989 3159 1086 3191 multi-

217 3206 351 3240 tudinem
371 3205 501 3248 questus
522 3203 568 3239 est
590 3205 675 3248 apud
697 3205 928 3241 Innocentium
955 3207 1086 3241 tertium

218 3251 403 3290 Patriarcha
414 3254 550 3289 Latinus
559 3278 566 3285 .

267 3303 500 3340 criminalibus
513 3302 598 3338 hisce
610 3303 642 3337 in
658 3305 800 3339 sanstum
810 3303 1028 3338 patriarcham
1039 3305 1085 3348 ju-

217 3352 311 3390 diciis
332 3356 478 3390 interfuit
500 3364 614 3388 contra
633 3354 787 3389 Canones
806 3352 949 3388 Michael
970 3351 1081 3400 Augu-

217 3402 285 3438 ssus
299 3429 310 3446 ,
333 3406 366 3440 &
380 3404 514 3448 quidem
537 3404 718 3448 promiscua
741 3403 911 3440 Palatiiac
924 3405 1014 3450 vulgi
1025 3415 1087 3440 tur·

1182 228 1236 251 ma
1256 216 1392 261 stipatus
1409 240 1421 258 ‚
1447 216 1620 253 Photianae
1639 219 1806 264 iniquitati
1827 225 2001 263 satellitem
2019 230 2054 266 se

1181 266 1335 311 praebuit‚
1358 278 1396 303 ac
1405 279 1462 312 per
1470 270 1635 313 praesentes
1656 269 1778 306 milites
1797 275 2055 313 &Commenta-

1180 318 1299 352 rienses
1335 318 1405 363 egit
1426 319 1538 354 omnia
1559 329 1599 354 ex
1618 331 1710 356 more
1735 345 1748 363 ,
1772 323 1862 365 cujus
1879 326 1914 360 in
1934 326 2054 363 sedem

1179 366 1407 412 Apostolicam
1419 370 1616 406 temeritates
1625 370 1808 407 resorbebat
1820 371 1957 410 Photius
1970 401 1981 418 ,
2008 379 2054 413 fa-

1179 416 1297 453 ctionis
1307 418 1498 454 Eusebianae
1508 445 1516 452 .
1542 421 1676 456 Sanctus
1685 420 1833 467 Ignatius
1843 447 1856 465 ,
1868 434 1966 468 quem
1976 427 2054 470 Epi.

1178 469 1321 512 scopatui
1333 468 1429 513 plene
1439 470 1530 504 reddi
1551 471 1585 505 &
1596 483 1651 515 per
1660 472 1772 508 omnia
1783 482 1820 507 ut
1830 472 2055 510 Patriarcham

1177 518 1303 555 trastati
1318 519 1474 555 Pontifex
1496 519 1648 563 jusserat,
1673 532 1742 556 non
1754 534 1808 566 per
1827 522 1909 558 duos
1922 524 2055 568 Episco·
2101 527 2103 529 ’

1177 579 1260 612 pos,
1286 577 1323 603 ut
1333 570 1467 605 mandat
1489 570 1729 615 antiquiffimus
1749 572 1899 608 Ecclesia
1910 573 2053 615 Canon,

1176 618 1230 652 sed
1254 630 1309 662 per
1332 630 1436 654 unum
1456 620 1648 655 Diaconum
1668 621 1849 656 &alterum
1867 623 1990 659 laicum
2010 622 2051 658 ad

1175 667 1348 711 Synodum
1369 673 1489 705 citatus
1503 670 1548 706 est
1559 696 1572 713 ,
1596 671 1631 706 δε
1642 670 1700 705 sub
1710 672 1826 715 capitis
1838 683 1934 716 poena
1955 673 2054 716 juffus

1176 717 1279 752 adeffe
1297 729 1334 753 ut
1355 720 1390 753 in
1412 720 1592 765 {implicem
1620 718 1822 757 monachum
1841 722 2049 767 degradatus.

1175 766 1235 800 Ast
1246 767 1402 803 omnibus
1412 771 1523 813 spretis
1544 771 1720 806 terroribus
1741 771 1824 807 stitit
1835 773 1898 806 sese
1922 774 2055 817 intrepi·

1173 815 1233 849 dus
1244 816 1279 850 in
1298 817 1413 853 habitu
1424 818 1634 855 Patriarchae.
1661 822 1751 857 Eum
1764 822 1871 868 Regia
1893 822 2053 858 violentia

1173 865 1267 900 fuifle
1286 868 1496 913 Episcopatui
1516 871 1676 906 intrusum
1697 871 1806 907 testati
1832 873 1906 907 sunt
1930 873 2053 916 septua-

1173 916 1265 960 ginta
1284 915 1353 951 duo
1379 918 1439 953 filii
1453 920 1579 962 Belial,
1605 932 1748 966 quorum
1766 920 1938 967 Principes
1959 932 2053 957 erant

1173 964 1244 1000 Leo
1254 966 1403 1002 Creticus
1421 970 1456 1004 ἀ
1468 968 1741 1014 Theodotacius,
1757 971 1895 1008 Patricii
1906 997 1917 1013 ‚
1943 972 2058 1016 Magi.

1173 1016 1227 1050 stri
1238 1016 1434 1062 dignitatem
1455 1019 1520 1055 isto
1543 1021 1685 1063 perjurio
1698 1023 1832 1056 mercati
1849 1048 1856 1055 .
1883 1023 1958 1056 Nec
1979 1022 2052 1065 quis

1173 1066 1409 1111 Episcoporum
1433 1069 1499 1104 fuit
1518 1070 1613 1105 ausus
1637 1070 1836 1104 intercedere
1850 1095 1860 1111 ,
1887 1071 1945 1105 nili
1968 1082 2052 1104 unus

1173 1115 1371 1152 Theodulus
1396 1118 1619 1162 Ancyranus,
1645 1119 1756 1163 primae
1778 1119 1918 1155 Galatiae
1929 1120 2053 1154 Metro-

1172 1167 1292 1210 polita,
1321 1179 1377 1211 per
1397 1169 1507 1204 nescio
1519 1179 1616 1213 quem
1642 1168 1767 1204 idcirco
1779 1169 1971 1212 parricidam
1985 1179 2054 1213 per-

1172 1218 1277 1252 custus
1287 1217 1402 1264 gladio
1413 1243 1424 1260 ,
1438 1219 1471 1254 δε
1481 1220 1614 1265 proprio
1623 1219 1784 1265 sanguiue
1797 1218 1967 1266 infigniter
1977 1230 2053 1262 pur-

1171 1277 1322 1311 putatus.

1220 1317 1277 1353 Ad
1290 1318 1478 1354 Romanam
1501 1318 1704 1360 Ecclesiam,
1733 1318 1916 1354 Nicolaum
1937 1317 2056 1355 Ponti·

1170 1366 1264 1402 ficem
1276 1393 1287 1410 ‚
1313 1368 1467 1404 Canones
1485 1368 1688 1404 Sardicenses
1700 1393 1711 1410 ,
1736 1380 1779 1403 ac
1793 1368 1982 1403 Innocentii
1993 1370 2053 1414 pri-

1168 1418 1217 1450 mi
1238 1416 1411 1452 Pontificis
1435 1430 1494 1461 pro
1517 1420 1636 1452 Sancto
1660 1419 1789 1461 Joanne
1808 1417 2052 1461 Chrysostomo

1168 1464 1399 1501 Praedeceffore
1410 1467 1468 1499 suo
1481 1468 1589 1501 zelum
1601 1466 1813 1510 proclamavit
1825 1467 1991 1511 Ignatius3
2004 1469 2051 1502 ast

1169 1514 1383 1558 Apostolicus
1406 1516 1548 1561 vulgaris
1565 1517 1685 1551 Canon
1709 1541 1719 1557 ,
1745 1519 1777 1549 51
1798 1522 1865 1558 quis
1886 1515 2052 1560 Episcopus

1161 1562 1356 1607 saecularibus
1365 1565 1557 1607 potestatibus
1569 1565 1635 1608 usus
1649 1565 1808 1606 Eccltfiam
1819 1566 1949 1599 obtineat
1960 1591 1971 1606 ‚
2000 1569 2052 1602 de-

1161 1621 1292 1655 ponatur
1305 1639 1317 1654 ,
1344 1615 1380 1648 in
1394 1616 1499 1658 ipsum
1511 1615 1574 1649 fuit
1588 1615 1819 1658 pronunciatus
1830 1639 1841 1655 ‚
1867 1614 2049 1660 Procopius

1166 1662 1294 1698 Pseudo
1305 1663 1531 1699 Subdiaconus
1542 1688 1554 1705 ,
1578 1675 1681 1708 nuper
1691 1664 1736 1698 ob
1751 1665 1890 1699 crimina
1912 1668 2046 1702 canoni·

1166 1711 1203 1746 οὲ
1216 1713 1338 1756 abipso
1361 1712 1573 1758 degradatus,
1598 1713 1741 1748 detraxit
1764 1714 1812 1748 illi
1831 1714 2049 1751 Patriarchale

1166 1762 1310 1796 Pallium
1320 1787 1331 1802 ,
1355 1764 1568 1806 proclamavit
1580 1764 1716 1798 solenne
1728 1786 1739 1802 ,
1765 1764 1912 1806 Indignus
1923 1764 1961 1804 est
1970 1789 1981 1805 ,
2003 1776 2049 1801 at-

1165 1821 1228 1853 que
1237 1810 1282 1844 ita
1294 1812 1342 1844 vir
1351 1811 1560 1846 sanstiffimus
1583 1812 1628 1846 est
1639 1812 1874 1847 latrocinaliter
1883 1812 2021 1856 dejectus
2035 1841 2044 1848 .

1161 1860 1286 1894 Denuo
1307 1861 1500 1903 provocavit
1521 1862 1561 1896 ad
1582 1862 1717 1897 alteram
1737 1861 1867 1897 adducti
1895 1863 2044 1900 Canonis

1162 1920 1282 1952 partem
1295 1934 1305 1950 ,
1316 1914 1362 1942 Et
1369 1909 1555 1954 segregentur
1566 1924 1664 1946 omnes
1677 1938 1687 1954 ‚
1702 1919 1752 1955 qui
1761 1913 1807 1947 illi
1816 1920 2041 1957 communicant,

1160 1958 1274 1994 diceus
1295 1959 1336 1994 ad
1347 1958 1553 2003 Principem:
1580 1964 1613 1994 si
1634 1973 1684 2004 ego
1706 1962 1967 2006 Archi-Episcopus
1983 1977 2042 2000 non

1152 2008 1209 2049 sim
1221 2033 1233 2050 ,
1258 2021 1294 2042 ne
1313 2011 1477 2051 mquidem
1499 2014 1664 2053 Imperator
1679 2022 1710 2045 es
1723 2036 1734 2053 ,
1762 2023 1854 2055 neque
1864 2012 1909 2053 isti
1920 2015 2040 2058 Episco-

1155 2063 1191 2100 pi
1210 2083 1220 2099 ‚
1242 2057 1300 2101 sed
1317 2069 1406 2102 neque
1432 2060 1561 2094 Maecbus
1591 2062 1717 2095 Bardas
1729 2086 1741 2102 ‚
1766 2074 1864 2097 omnes
1882 2069 1961 2097 enim
1981 2076 2036 2100 vos

1158 2110 1292 2152 indignis
1314 2115 1385 2142 meis
1398 2110 1536 2143 manibus
1558 2110 1625 2151 estis
1634 2110 1810 2155 consecrati.
1837 2113 1896 2147 Eis
1917 2114 2040 2158 impro-

1158 2160 1281 2201 peravit
1292 2157 1482 2194 Eusebianae
1490 2160 1643 2196 factionis
1651 2187 1661 2203 ,
1689 2161 1846 2206 quosdam
1855 2163 2036 2208 Epistopos

1158 2217 1194 2242 ut
1206 2207 1371 2243 haereticos
1393 2209 1598 2254 damnantis,
1626 2213 1660 2246 ὅ(
1673 2211 1714 2246 ab
1729 2212 1775 2247 eis
1785 2214 1989 2249 consecratos
2000 2226 2038 2250 ut

1156 2257 1335 2293 canonicos
1355 2258 1561 2294 admittentis
1581 2285 1591 2301 ‚
1618 2262 1825 2306 irregularem
1848 2264 2010 2299 vesaniam
2024 2290 2036 2306 ‚

1155 2305 1232 2342 dure
1254 2308 1611 2354 exagitatamaSansto
1632 2310 1749 2346 Bafilio
1772 2313 1807 2346 in
1821 2313 1969 2356 Epistola
1991 2315 2033 2350 ad

1156 2356 1331 2393 Ecclefiam
1344 2359 1535 2394 Evaisenam
1547 2386 1554 2393 .
1582 2359 1631 2395 At
1641 2371 1717 2396 cum
1730 2361 1882 2406 Principe
1903 2363 2033 2400 ebrioso

1155 2407 1372 2442 dormitarunt
1391 2419 1505 2444 omnes
1524 2410 1696 2456 Episcopi:
1727 2415 1800 2445 Non
1810 2424 2032 2457 cognoverunt,

1155 2458 1262 2500 inquit
1272 2458 1407 2493 Nicetas
1417 2458 1587 2505 Paphlago
1596 2485 1607 2502 ,
1622 2466 1715 2502 quiin
1727 2462 1899 2496 ambitionis
1911 2465 2031 2499 (θανα-
2051 2458 2134 2498 Epist·
2145 2466 2191 2495 66-

1154 2513 1239 2541 ritiae
1257 2507 1387 2542 tenebris
1405 2509 1582 2551 ambulant,
1604 2509 1639 2554 se
1658 2510 1767 2555 eisdem
1789 2512 1963 2554 confiliorum
1985 2515 2030 2549 la-

1153 2564 1257 2600 queis,
1283 2570 1355 2601 quos
1368 2559 1438 2592 aliis
1455 2567 1629 2602 pararant,
1656 2561 1878 2603 comprehendi.
1904 2563 2028 2599 Merito

1152 2606 1236 2640 hanc
1260 2607 1432 2651 Synodum
1455 2610 1567 2652 paffim
1589 2623 1665 2646 cum
1676 2611 1870 2646 Theodofio
1890 2612 2030 2648 Patriar-

1151 2655 1212 2690 cha
1223 2658 1532 2701 Hierosolymitano
1543 2661 1577 2694 in
1592 2660 1706 2695 litteris
1718 2662 1758 2695 ad
1771 2662 1922 2695 Sanctum
1932 2662 2029 2706 Igna·

1152 2706 1234 2740 tium
1254 2732 1265 2748 ,
1292 2707 1328 2741 in
1348 2708 1449 2750 prima
1471 2710 1586 2745 nostrae
1607 2710 1735 2754 Synodi
1750 2710 1892 2745 Astione
1915 2712 2026 2752 lectis,

1151 2767 1305 2792 vocamus
1325 2756 1573 2802 Cayphaicam,
1599 2761 1851 2805 malignantium
1878 2762 2026 2806 Synago-

1151 2817 1226 2851 gam
1239 2830 1250 2847 ,
1277 2807 1463 2850 speluncam
1484 2808 1650 2845 latronum
1671 2834 1682 2850 ,
1710 2809 1926 2854 sanguineum
1948 2823 2027 2846 con·

1152 2867 1285 2891 ventum
1299 2882 1306 2889 .

1200 2907 1319 2949 Neque
1340 2906 1393 2941 hle
1412 2907 1496 2943 stitit
1518 2907 1808 2943 Schismaticorum
1831 2910 1940 2944 furor.
1966 2911 2025 2946 Et-

1151 2957 1239 2991 enim
1250 2958 1396 2992 damnati
1409 2983 1420 2999 ‚
1445 2959 1480 2992 in
1499 2957 1709 2992 Constantini
1722 2957 1887 3006 Caballini
1910 2961 2021 2996 faetido

1151 3005 1318 3051 sepulchro
1329 3007 1424 3042 claufi
1437 3032 1448 3048 ‚
1475 3007 1647 3051 barbaricis
1658 3008 1819 3052 suppliciis
1830 3008 1950 3044 adflicti
1963 3011 2023 3046 Pa-

1149 3056 1292 3091 triarchae
1304 3069 1404 3091 manu
1416 3057 1575 3092 violenter
1585 3067 1707 3102 arrepta
1728 3057 1908 3094 formarunt
1921 3060 1956 3093 in
1966 3071 2022 3105 pu·

1151 3117 1182 3140 ra
1191 3105 1300 3141 charta
1322 3106 1448 3150 fignum
1460 3108 1582 3146 crucis,
1608 3109 1661 3141 cui
1682 3107 1747 3152 ipse
1757 3106 1897 3144 Photius
1915 3111 2020 3154 super-

1151 3156 1268 3199 scripsit
1279 3167 1287 3187 z
1314 3160 1447 3200 Ignatius
1458 3156 1598 3200 indignus
1606 3157 1943 3201 constantinopolitanus
1955 3172 2017 3195 con-

1144 3208 1228 3249 fiteor
1238 3217 1284 3240 me
1294 3217 1350 3238 non
1361 3207 1419 3249 Iege
1437 3204 1625 3251 &suffragiis
1637 3216 1765 3242 creatum
1787 3209 1919 3251 Ecclefiae
1938 3209 2015 3243 thro-

1149 3268 1218 3290 num
1242 3254 1389 3299 invafiffi,
1416 3265 1506 3304 neque
1516 3254 1564 3289 his
1587 3264 1676 3291 annis
1686 3260 1745 3292 rit?
1765 3258 1908 3302 &santii
1920 3262 2018 3293 Eccle-

1142 3304 1214 3347 fiam
1233 3306 1334 3348 rexisse
1346 3328 1356 3345 ,
1377 3303 1436 3348 sed
1451 3308 1634 3343 tyrannidem
1658 3308 1823 3352 exercuiffe.
1847 3309 1897 3344 lta
1918 3309 1974 3342 ille
1995 3308 2015 3341 a

1147 3366 1250 3388 rerum
1261 3355 1381 3399 ignaris
1392 3355 1531 3390 creditus
1543 3356 1588 3390 est
1598 3356 1678 3400 juste
1687 3356 1859 3393 damnatus
1869 3382 1880 3398 ‚
1905 3357 1939 3389 &
1950 3358 2019 3390 sen·

1146 3406 1254 3440 tentia:
1277 3404 1489 3450 acquievisse.
1516 3405 1610 3454 Qiu
1628 3407 1866 3445 &seutentiam
1885 3404 1926 3440 ab
1944 3405 2016 3449 ipso

1924 3464 1967 3488 ex
