2340 3762
383 192 479 231 116

134 267 270 311 Epist-61·
305 273 373 308 aas
384 272 590 318 Cyprianus.
615 274 734 308 cumin
752 275 813 317 lege
826 269 1039 315 prohibeantur
1059 271 1124 303 <viri
1141 269 1184 297 in·
1200 280 1208 319 i

308 325 397 360 duere
408 324 575 360 muliebrem
595 323 701 364 vestem
714 346 726 362 ‚
743 323 778 355 (τ
789 318 943 356 malcaim
952 314 1185 365 ejusmodijudi-

307 383 430 417 centur,
462 376 576 416 quanto
599 375 720 411 majoris
746 367 786 408 est
802 372 936 406 criminis
947 390 958 407 ,
984 377 1043 400 non
1063 365 1186 403 tantum

309 423 460 461 muliebria
473 422 642 463 vestimenta
663 425 814 459 accipere,
836 415 892 460 sed
911 418 945 450 Θ
953 416 1049 461 gestus
1072 426 1185 457 quoque

307 483 412 516 turpes
425 498 436 517 ,
463 466 606 507 &molles
616 493 626 509 ‚
655 470 690 504 <5
700 465 858 506 muliebres
871 467 1032 511 magisterio
1053 467 1184 507 impudi-

307 535 351 559 ια
362 530 441 560 artis
451 526 615 561 exprimere
628 519 640 552 ?
667 518 741 552 Este
751 517 833 558 dicit
852 528 967 557 contra
980 517 1045 555 Dei
1059 514 1186 549 institu-

721 186 1000 231 CANONcs
1033 182 1330 226 CoNcun
1366 176 1703 227 TRULLANI.

1245 264 1371 307 Pagani
1383 265 1565 302 Sacerdotis
1577 266 1682 302 filium
1696 292 1707 308 ,
1733 267 1751 302 a
1772 270 1890 307 Saudo
1909 271 2049 309 Meletio
2058 272 2119 309 Pa-

1245 314 1382 352 triarcha
1393 316 1584 354 conversum
1594 317 1635 352 ad
1647 316 1813 355 Christum
1826 344 1838 361 ‚
1862 324 1952 366 quod
1963 325 2061 368 patris
2072 336 2118 359 ra·

1246 364 1331 399 biem
1345 365 1380 403 in
1391 367 1536 401 faeminea
1551 367 1637 402 veste
1655 368 1786 414 fugiens
1810 371 1962 408 deluserit
1973 397 1984 413 ,
2009 374 2119 409 laudat

1229 407 1279 447 ‘in
1292 414 1511 451 Ecclefiastica
1523 416 1657 452 historia
1678 418 1930 456 Theodorerus.
1958 422 2003 457 Et
2030 423 2119 459 Ana·
2136 431 2274 469 1.-3·c.13.

1243 465 1363 499 tolium
1384 466 1534 501 Ecclesiae
1544 466 1776 507 Alexandrinae
1787 470 2015 516 Presbyterum
2027 497 2038 514 ,
2059 474 2118 518 qui

1243 514 1370 549 obseffae
1380 515 1467 553 urbis
1479 517 1562 555 viros
1575 517 1732 561 plurimos
1752 521 1787 554 in
1808 522 1903 556 simili
1928 523 2012 558 vesse
2031 524 2119 558 clan-

305 573 432 610 gionem
445 593 455 608 ,
480 577 515 602 ut
541 566 686 611 mas'culus
699 566 871 612 frangatur
892 574 926 601 in
939 567 1128 610 faeminam,
1152 566 1187 603 (¹5
1243 565 1355 603 culum'
1368 569 1464 601 noctu
1480 567 1700 610 abire'suafit‚
1725 571 1935 608 commendat
1959 572 2120 611 Eusebius
2139 590 2199 623 Μ,
2216 592 2295 619 026.-

308 621 421 657 diabolo
441 621 591 658 Divinum
607 616 728 662 plasma
751 618 916 657 maculanti
920 626 976 660 per
997 622 1127 658 corrupti
1138 624 1186 648 at·
1245 615 1424 661 Episcopus
1436 616 1642 657 Caesareensis
1654 644 1662 652 .
1690 619 1734 657 Et
1745 620 1899 660 Sabinam
1912 647 1924 667 ,
1949 624 2120 661 mulierem
2139 627 2247 662 Homil.
2264 638 2290 664 5.

303 678 360 712 que
381 675 521 702 enervati
540 674 669 711 corporis
691 669 800 708 deliaa
821 670 978 711 placeatur
999 691 1007 700 .
1035 668 1184 704 Damnat
1240 667 1420 711 gentilem,
1446 678 1517 716 quae
1528 669 1681 704 maritum
1694 670 1907 714 captivumin
1920 673 1980 710 viri
2004 662 2119 711 habitu

304 730 374 754 non
392 717 511 758 horum
535 718 746 758 solummodo
766 720 906 759 actores,
937 716 989 753 sed
1010 717 1045 751 ὃ(
1066 716 1183 751 docen-

300 780 352 805 tes
361 781 401 806 ac
422 766 625 814 erudientes,
648 774 700 812 qui
709 777 767 811 pro
781 767 816 813 se
830 781 886 803 uno
899 767 960 813 solo
964 770 1071 811 plures
1087 766 1183 809 succe·

303 822 415 855 daneos
429 817 596 863 suggerunt
616 843 623 851 .
650 819 727 854 Seio
738 814 892 854 Sandum
916 819 1114 864 Episcopum
1136 819 1183 853 lo·

300 869 410 915 quide
421 869 570 910 nefandis
581 868 720 914 Paganae
730 869 827 909 scenae
837 869 970 915 flagitiis
982 883 993 903 .·
1022 868 1181 904 Attamen

301 931 361 965 pro
370 918 491 958 nostris
503 918 649 959 moribus
660 923 767 961 notari
781 920 875 963 poffit
897 920 939 954 ab
950 919 1116 960 hodiernis
1125 919 1183 953 hu-

285 970 490 1010 *maniorum
512 970 693 1006 litterarum
706 969 934 1017 professoribus
945 995 956 1012 ‚
980 970 998 1004 a
1009 969 1127 1014 quibus
1146 971 1182 1009 fi-

301 1019 386 1055 delis
407 1018 625 1055 adolescentia
645 1031 712 1056 non
735 1018 939 1060 histrionicas
961 1022 1014 1055 seu
1035 1020 1181 1054 levitates

301 1070 356 1104 seu
382 1069 592 1105 scurrilitates
614 1095 626 1111 ,
652 1070 706 1105 sed
730 1071 857 1107 virilem
889 1071 1126 1115 pronuntiandi
1147 1070 1182 1103 δε

303 1120 451 1164 corporis
462 1120 597 1165 gerendi
609 1119 764 1159 fiduciam
773 1120 887 1156 debeat
898 1121 1028 1155 edoceri
1041 1146 1047 1153 .
1065 1122 1182 1160 Scenas

303 1169 432 1203 nostras
441 1179 573 1214 oportet
586 1172 648 1205 effe
657 1181 790 1215 graves,
817 1170 991 1212 honestaS,
1016 1171 1157 1206 eruditas
1170 1194 1181 1211 ,

298 1219 459 1266 germane
482 1219 687 1261 Christianas
711 1245 719 1253 .
747 1220 896 1260 Laudata
929 1219 1003 1259 vero
1025 1222 1043 1257 ὲ
1064 1222 1181 1256 Sancto

300 1268 473 1311 Cypriane
485 1270 611 1305 Divina
623 1270 677 1303 lex
688 1271 732 1303 est
746 1270 782 1303 in
797 1271 1063 1308 Deuteronomio
1075 1296 1082 1303 .
1109 1275 1183 1303 Non

299 1320 440 1355 induetur
450 1318 555 1356 mulier
573 1318 651 1358 veste
663 1321 748 1352 virili
761 1344 773 1361 ,
799 1330 852 1352 nec
863 1327 913 1353 vir
922 1330 1023 1358 utetur
1044 1320 1120 1361 veste
1122 1319 1183 1361 fae·.

300 1374 418 1402 minea:
445 1367 660 1402 abominabilis
670 1375 750 1404 enim
768 1371 850 1413 apud
861 1374 954 1409 Deum
969 1370 1009 1411 est
1022 1395 1033 1412 ‚
1059 1375 1110 1414 qui
1131 1369 1183 1404 hoc

292 1418 377 1468 facit
402 1443 409 1450 .
435 1416 610 1456 Consonat
638 1419 792 1467 Synodus
812 1420 1036 1464 Gangrenfis,
1070 1422 1102 1454 si
1124 1431 1183 1461 qua

219 1460 263 1494 ¹3⁹
299 1470 403 1506 mulier
411 1476 532 1510 propter
543 1480 611 1502 eam
622 1493 633 1509 ,
659 1480 725 1511 quae
736 1469 921 1508 existimatur
931 1492 942 1508 ,
956 1474 1081 1511 pietatis
1101 1480 1183 1503 exer·

300 1526 470 1554 citationem
481 1518 589 1559 vestem
601 1527 694 1556 mutet
706 1543 716 1559 ‚
743 1521 777 1553 δ’
783 1527 840 1561 pro
846 1517 936 1563 solita
958 1518 1034 1560 veste
1051 1520 1183 1552 muliebri

303 1569 421 1604 virilem
440 1567 543 1611 sumat
567 1593 578 1608 ‚
603 1568 768 1605 anathema
795 1569 830 1609 fit
852 1594 859 1601 .
887 1570 1006 1609 Statuit
1033 1569 1183 1603 adversus

301 1618 489 1655 Eustatium
509 1618 719 1657 Sebastenum
734 1619 933 1664 Episcopum
954 1643 964 1658 ‚
992 1618 1101 1661 prima:
1121 1617 1184 1652 Ar-

303 1667 683 1712 meniaeMetropolitam
698 1693 709 1709 ‚
736 1669 777 1703 ad
790 1667 881 1711 cujus
892 1669 1056 1712 peffimam
1075 1667 1184 1711 praedi-

303 1721 470 1754 cationem
494 1724 602 1753 varias
625 1721 785 1759 mulieres,
807 1728 921 1761 praeter
941 1718 1180 1762 consuetudinem

306 1767 394 1812 &sui
408 1767 501 1811 sexus
522 1778 679 1808 ornatum,
705 1767 774 1802 binc
777 1766 812 1811 se
823 1767 984 1810 justificari
1006 1770 1158 1802 credentes
1171 1792 1182 1811 ,

311 1820 431 1856 virilem
444 1818 579 1854 habitum
595 1817 746 1861 susceprffe
762 1817 906 1861 queritur
919 1817 1065 1862 Epistola
1086 1819 1184 1861 syno-

125 1874 189 1907 ιι.
211 1876 289 1907 cas.
311 1869 394 1906 dalis
414 1894 421 1901 .
450 1867 493 1901 Et
525 1869 654 1906 Sant‘lus
673 1867 876 1912 Augustinus
897 1867 931 1902 in
956 1866 1046 1900 libris
1072 1867 1183 1904 solilo-

310 1920 478 1962 quiorum.
506 1918 603 1953 Credo
614 1920 685 1963 jure
696 1918 848 1959 infames,
875 1916 1109 1960 detestabilesque
1131 1916 1183 1949 ha-

310 1971 392 2008 beri,
417 1973 469 2010 qui
489 1967 624 2003 muliebri
645 1967 748 2004 babitu
757 1967 791 2011 se
804 1968 948 2007 ostentant
961 1993 972 2009 ,
998 1979 1069 2010 quos
1093 1965 1183 2010 nescio

310 2020 410 2054 utrum
424 2014 527 2059 falsa
548 2018 701 2057 mulieres,
726 2028 768 2049 an
778 2015 879 2060 falsos
906 2023 987 2053 viros
1010 2018 1112 2052 melius
1133 2029 1183 2051 vo-

310 2081 388 2104 cem.
415 2061 503 2105 Veros
513 2075 615 2103 tamen
624 2065 775 2112 histriones
786 2091 798 2108 ‚
824 2066 965 2110 verosque
984 2066 1115 2110 infames
1122 2065 1183 2108 fine

310 2120 495 2154 dubitatione
510 2118 657 2160 possumus
679 2127 805 2160 vocari-5
834 2127 888 2150 aut
890 2116 921 2159 fi
926 2119 1023 2154 latent
1036 2141 1046 2158 ‚
1073 2122 1183 2154 necin·

303 2170 412 2212 fames
436 2168 603 2210 quidquam
612 2165 667 2208 nist
684 2169 704 2199 ἃ
715 2171 798 2209 turpi
808 2166 903 2212 fama
915 2173 1084 2202 nominatur
1095 2191 1106 2209 ,
1132 2178 1183 2204 ve-

311 2232 361 2254 ros
371 2229 496 2260 nequam
507 2228 563 2254 non
568 2216 632 2259 fine
640 2222 772 2255 veritate
782 2219 916 2253 dicimus.
941 2218 986 2254 Et
997 2217 1116 2254 Canon
1129 2228 1181 2250 an·

311 2270 424 2313 tiquus
439 2266 582 2305 secundo
595 2267 798 2306 Braccarensi
812 2267 972 2305 Concilio
982 2267 1161 2311 adscriptus
1174 2291 1181 2302 .,

310 2322 344 2353 si
354 2324 421 2362 quis
443 2317 608 2354 balationes
635 2326 707 2351 ante
716 2316 857 2361 Ecclesias
868 2317 1037 2353 sancitorum
1050 2317 1160 2364 fecerit
1169 2341 1181 2358 ,

307 2368 360 2414 fiu
373 2373 424 2412 qui
427 2367 540 2410 faciem
554 2364 643 2410 suam
653 2367 919 2409 transformaverit
940 2373 973 2400 in
996 2367 1102 2401 babitu
1123 2378 1184 2400 mu-

311 2419 419 2459 liebri,
445 2419 593 2456 &mulier
613 2423 646 2454 in
667 2417 773 2452 babitu
787 2423 867 2459 viri,
895 2419 1096 2454 emendatione
1101 2419 1185 2460 polii-

310 2475 396 2509 citae,
418 2475 480 2503 tres
497 2478 590 2511 annor
613 2473 780 2510 poeniteat.
808 2466 979 2511 Ejusmodi
1002 2467 1130 2507 balandi
1152 2468 1187 2504 δε

312 2513 571 2553 transformandi
590 2527 716 2551 morem
727 2518 826 2552 etiam
835 2518 921 2562 apud
944 2529 1004 2552 nos
1015 2517 1132 2562 Belgas
1153 2518 1188 2551 in

315 2568 444 2612 oppido
456 2566 582 2604 Huensi
603 2566 695 2602 fuisse
706 2569 880 2612 grassatum
901 2567 1010 2603 scribit
1032 2579 1189 2612 magnum

316 2618 424 2662 Belgii
436 2615 616 2654 chroniCOn
629 2640 637 2648 ·
665 2617 709 2654 Et
721 2618 863 2655 faeminas
877 2619 918 2653 ad
932 2620 1054 2655 sacrum
1067 2618 1190 2655 bellum

316 2670 353 2705 in
375 2667 458 2705 virili
483 2666 569 2703 veste
590 2667 762 2702 comitatas
787 2691 799 2707 ‚
824 2678 990 2713 tamquam
1011 2668 1191 2705 multorum

316 2718 541 2764 flagitiorum,
565 2716 599 2753 ἀ
612 2715 745 2751 Divinae
766 2718 1001 2762 superomnem
1011 2719 1190 2757 exercitum

317 2767 562 2814 indignationis
571 2767 724 2803 auctrices
734 2791 744 2807 ‚
761 2768 902 2812 graviter
911 2769 1071 2807 damnant
1083 2769 1194 2808 Dode-

319 2818 438 2855 chinus
451 2816 565 2855 Abbas
575 2841 586 2856 ‚
602 2817 636 2851 ἀ
648 2815 843 2854 Bettholdus
854 2817 1024 2866 Presbyter
1035 2819 1194 2857 Constan-

319 2869 448 2905 tienfis.
478 2865 635 2903 Eamdem
645 2870 864 2906 temeritatem
876 2869 909 2903 in
922 2869 1043 2904 Leodii
1062 2870 1081 2903 a
1103 2870 1195 2904 Prin-

322 2918 396 2963 cipe
411 2918 521 2954 nostro
531 2917 660 2953 Carolo
671 2917 852 2964 Burgundo
869 2919 982 2953 obseffi
1003 2919 1195 2954 mulieribus

324 2967 444 3005 merito
464 2977 556 3003 notat
580 2967 745 3005 laudatum
760 2969 868 3013 Belgii
890 2967 1102 3007 Chronicon.
1138 2969 1194 3006 Est

323 3018 414 3055 enim
433 3016 564 3063 pagana
588 3016 760 3052 Roffirum
774 3043 787 3061 ‚
817 3018 1074 3060 Germanarum,
1110 3019 1197 3054 Lon-

333 3068 548 3113 gobardarurn
559 3089 569 3105 ,
579 3067 750 3104 Gallarum
761 3094 770 3109 ,
778 3069 811 3102 &
822 3067 1009 3105 Gotharum
1022 3069 1197 3105 mulierum

328 3117 484 3161 protervia
499 3140 509 3156 ‚
519 3116 673 3153 damnata
682 3119 782 3155 etiam
793 3119 810 3154 ὲ
822 3119 1001 3165 gentilibus
1017 3119 1195 3156 Romanis.

327 3166 461 3203 Horum
472 3166 604 3199 aemulus
615 3166 761 3209 Julianus
773 3169 939 3216 Augustus
955 3168 1103 3205 imbelles
1113 3169 1199 3204 mili*

327 3225 398 3257 tes,
433 3224 539 3250 morte
559 3215 698 3259 dignos,
726 3217 859 3259 produci
883 3219 918 3253 &
936 3220 1034 3256 vendi
1053 3219 1140 3262 juffit
1161 3219 1195 3253 in

329 3265 444 3301 habitu
455 3263 604 3300 muliebri
619 3288 630 3304 ‚
656 3265 703 3298 uti
715 3266 821 3301 scribit
834 3269 1002 3314 Zozymus
1012 3269 1079 3313 ejus
1090 3268 1199 3303 Enco-

327 3314 475 3351 miastes.
503 3314 676 3351 Infamiam
699 3315 791 3350 istam
801 3316 960 3363 judicavit
985 3319 1083 3356 morti
1104 3319 1199 3364 aequi·

329 3366 455 3402 valere.

381 3414 487 3449 Certis
496 3421 605 3448 tamen
627 3411 750 3449 cafibus
774 3414 850 3448 licet
870 3416 1026 3458 ejusmodi
1048 3421 1201 3454 transfor-

328 3467 435 3501 matio
455 3489 466 3498 .
500 3462 637 3498 Etenim
669 3462 909 3500 adolescentem
933 3466 1202 3509 Antiochenum,

124 1262 196 1300 01³·
208 1273 256 1295 ιι,

125 1452 199 1491 cap.

143 2978 182 3012 A.
200 2975 284 3012 1096.

151 3171 211 3201 La..
229 3178 287 3206 c.3.

149 3210 213 3245 Lo
230 3219 288 3245 ω·

1242 713 1351 753 secuta
1371 718 1417 752 est
1439 730 1495 763 per
1515 730 1621 758 annos
1641 720 1785 762 multos,
1810 722 1945 759 Saan
1971 722 2120 761 Asterius

1243 768 1424 817 Episcopus
1445 768 1651 814 Amasenus,
1675 770 1862 816 Heleponti
1880 773 2114 818 Metropolita-

1243 817 1395 858 Henrico
1405 829 1521 864 quarto
1533 844 1543 860 ,
1558 820 1749 866 Imperatori
1758 821 1895 866 peffimo
1907 848 1918 865 ‚
1942 823 2052 859 uxoris
2063 835 2121 868 pu-

1243 866 1363 906 dicitiae
1383 869 1419 907 in
1443 869 1582 909 vestibus
1600 871 1717 909 alienis
1739 872 1929 916 insidianti,
1953 874 2010 910 iila
2032 874 2120 918 quast

1243 918 1351 958 alieno
1361 918 1470 959 statuit
1483 921 1602 966 flagitii
1613 921 1702 957 diem
1716 946 1727 962 ,
1752 932 1785 957 at
1798 924 1983 958 venientem
1994 935 2049 969 per
2062 926 2123 959 mi-

1243 969 1316 1008 lites
1330 970 1507 1012 puellarum
1520 973 1649 1015 suarum
1670 971 1811 1011 vestibus
1830 976 1931 1013 tostos
1950 975 2028 1015 caedi
2049 975 2122 1008 insi-

1241 1019 1349 1063 gniter
1358 1019 1444 1063 juffit
1456 1044 1467 1061 ‚
1478 1030 1647 1065 tamquam
1661 1022 1805 1066 Augusti
1816 1022 1906 1061 thori
1917 1025 2120 1061 adulterum:

1245 1070 1377 1108 Factum
1388 1070 1525 1113 probant
1536 1073 1665 1115 antiqui
1677 1072 1860 1116 scriptores.
1888 1074 2000 1111 Etiam
2022 1076 2123 1109 Hun·
2141 1099 2168 1128 Α
2189 1102 2261 1133 1235

1242 1120 1337 1169 gartia
1347 1118 1516 1164 Reginam
1528 1145 1539 1162 ‚
1566 1121 1699 1156 viduam
1709 1121 1878 1167 gravidam
1891 1146 1902 1164 ,
1927 1134 2000 1170 quae
2010 1123 2070 1159 sibi
2082 1135 2122 1161 ac
2170 1117 2176 1127 ”
2263 1115 2273 1127 ’

1244 1169 1331 1212 stetui
1345 1170 1431 1209 suoa
1445 1171 1600 1217 privigno
1609 1172 1731 1207 timens
1749 1172 1837 1218 fugit
1855 1173 1889 1207 in
1902 1173 1989 1207 veste
2010 1173 2123 1216 virili,

1246 1219 1355 1258 laudat
1366 1219 1548 1257 monachus
1558 1220 1751 1261 Paduanus.
1778 1223 1864 1270 Qis
1887 1223 2010 1262 nesciat
2033 1234 2129 1258 arma‘

1243 1271 1276 1309 ἀ
1295 1268 1397 1305 vestes
1406 1270 1561 1312 militares
1571 1273 1705 1318 Joannae
1715 1272 1848 1318 Dargiae
1857 1298 1868 1314 ‚
1880 1284 1952 1321 quae
1965 1273 2124 1314 Carolum

1246 1320 1421 1362 septimum
1431 1321 1632 1356 Francorum
1645 1321 1774 1366 Regem
1785 1347 1796 1364 ,
1821 1322 1856 1356 &
1867 1335 1967 1359 omne
1988 1334 2128 1370 regnum

1245 1371 1261 1403 a
1275 1369 1474 1409 Francorum
1488 1371 1656 1409 violentiis
1681 1372 1833 1408 liberavit
1845 1373 1862 1404 ?
1888 1373 1999 1412 Etiam
2013 1374 2129 1412 nostro

1247 1429 1396 1462 tempore
1418 1420 1499 1455 duas
1518 1422 1589 1464 agri
1610 1418 1781 1457 insulensis
1800 1423 1945 1467 virgines
1968 1423 2127 1464 rusticas,

1246 1479 1316 1512 quae
1329 1468 1482 1505 Domino
1504 1469 1616 1507 nostro
1641 1471 1726 1515 Regi
1741 1470 1921 1506 Catholico
1942 1473 1978 1506 in
1999 1483 2127 1517 nupero

1247 1517 1336 1552 bello
1347 1528 1515 1562 tamquam
1526 1520 1586 1556 viri
1600 1520 1740 1555 militare
1752 1545 1763 1561 ‚
1783 1532 1881 1563 quam
1891 1522 1910 1556 ὲ
1922 1522 2126 1556 Francorum

1249 1568 1413 1603 salacitate
1424 1569 1511 1603 suam
1525 1569 1718 1612 pudicitiam
1729 1570 1902 1615 periclitari
1917 1573 2102 1606 maluerunt
2113 1596 2126 1613 ,

1248 1618 1359 1656 laudat
1369 1629 1468 1653 omne
1491 1619 1642 1663 Belgium
1657 1643 1668 1659 ,
1695 1620 1729 1654 ὃ(
1754 1621 1891 1657 alteram
1910 1621 2000 1657 bello
2021 1623 2127 1664 supet-

1250 1668 1359 1704 stitem
1372 1693 1383 1709 ,
1410 1679 1478 1711 quae
1489 1667 1690 1706 tribunatum
1702 1668 1828 1705 strenue
1838 1669 1971 1713 gesserat
1979 1694 1991 1711 ‚
2017 1669 2128 1707 lauda-

1250 1728 1302 1751 tus
1314 1717 1481 1755 Dominus
1494 1718 1569 1755 Rex
1581 1718 1794 1756 Cistertienfis
1807 1719 1907 1766 prope
1923 1719 2045 1756 Insulas
2057 1719 2127 1754 Ab·-

1248 1767 1341 1806 batiae
1351 1778 1507 1812 perpetuo
1519 1780 1602 1813 pane
1613 1767 1801 1805 honoravit.
1830 1768 1873 1802 Et
1897 1769 2052 1814 quasdam
2063 1770 2126 1803 vir-

1247 1818 1340 1862 gines
1352 1829 1519 1864 tamquam
1531 1819 1619 1853 viros
1630 1816 1817 1855 sanstiffime
1828 1818 1979 1856 militasse
1998 1820 2034 1854 in
2056 1830 2130 1857 mo·

1250 1866 1394 1902 nasseriis
1405 1890 1417 1907 ,
1428 1878 1541 1902 earum
1554 1867 1635 1906 Aska
1647 1866 1834 1903 authentica
1846 1869 2004 1904 testantur
2014 1893 2023 1904 .

1300 1916 1411 1953 Etiam
1433 1916 1621 1958 Bacchum,
1658 1917 1802 1962 aliosque
1833 1918 2008 1962 gentilium
2030 1917 2128 1955 falsos

1249 1966 1341 2003 Deos
1355 1991 1365 2008 ,
1392 1966 1469 2004 licet
1486 1979 1541 2010 per
1562 1967 1671 2014 jocum
1692 1978 1747 2001 aut
1769 1978 1899 2011 pravam
1917 1968 2129 2004 consuetudi-

1248 2027 1346 2057 nem,
1373 2028 1411 2054 ac
1444 2015 1520 2051 inde
1535 2028 1647 2054 natam
1668 2017 1942 2055 inadvertentiam.
1971 2017 2127 2057 invocare

1249 2077 1305 2100 aut
1332 2065 1527 2106 nominare,
1563 2068 1608 2100 est
1633 2067 1772 2102 omnino
1793 2066 1918 2111 grande
1937 2078 2127 2110 peccatum.

1249 2117 1326 2151 ¹Cum
1337 2114 1518 2159 conversatio
1531 2119 1656 2151 Divina·
1666 2115 1829 2159 disciplinae
1840 2141 1851 2158 ,
1874 2116 1983 2161 inquit
1993 2117 2029 2155 in
2042 2117 2129 2155 libro

1249 2166 1289 2203 de
1308 2165 1493 2200 idololatria
1515 2165 1768 2207 Tertullianus,
1795 2178 1852 2202 non
1865 2166 1964 2211 fadis
1989 2169 2130 2209 tantum,

1250 2215 1354 2252 verum
1365 2221 1456 2250 etiam
1467 2216 1570 2252 verbis
1578 2219 1764 2258 periclitetur
1775 2241 1786 2257 ‚
1811 2217 1969 2260 meminisse
1987 2218 2130 2254 debemus

1249 2266 1299 2309 effe
1311 2271 1343 2299 in
1356 2266 1459 2301 verbis
1470 2277 1579 2309 quoque
1595 2267 1770 2302 idololatriae
1794 2266 1941 2311 incursum
1953 2276 2131 2316 praecovcn-

1252 2315 1340 2351 dum.
1366 2318 1477 2350 Etiam
1501 2317 1540 2351 de
1558 2315 1775 2359 consuetufflnis
1792 2322 1868 2352 vitio
1885 2322 1957 2352 Deos
1977 2324 2131 2356 nationum

1252 2372 1400 2399 nominari
1409 2366 1459 2403 lex
1467 2365 1604 2407 prohibet
1616 2380 1627 2401 .·
1653 2371 1725 2400 Non
1737 2372 1837 2410 utique
1857 2378 1893 2400 ne
1904 2372 2022 2404 nomina
2030 2368 2132 2401 earum

1248 2422 1475 2459 pronunciemus
1488 2441 1498 2457 ,
1518 2414 1578 2463 sed
1586 2427 1622 2450 ne
1639 2418 1715 2450 Deos
1724 2428 1858 2450 vocemus
1878 2417 1944 2451 illos
1958 2442 1965 2449 .
2000 2418 2092 2461 ,Quod
2103 2414 2136 2459 fi

1256 2470 1331 2500 Deos
1349 2467 1502 2503 dicendum
1523 2471 1599 2504 erit,
1633 2467 1834 2507 ath'iciendum
1855 2464 1894 2506 est
1914 2467 2048 2509 aliquid,
2075 2477 2133 2510 quo

1253 2525 1423 2559 appareat,
1448 2522 1518 2562 quia
1529 2527 1586 2552 non
1597 2527 1647 2560 ego
1657 2518 1722 2550 illos
1746 2519 1823 2550 Deos
1845 2517 1924 2551 dico.
1965 2516 2134 2560 Adjicien·

1253 2566 1329 2603 dam
1338 2565 1428 2612 jubet
1438 2577 1554 2602 vocem
1571 2590 1582 2606 ‚
1606 2568 1765 2606 suos,aut
1775 2577 1913 2608 vocem,
1938 2570 2131 2607 Nationum,

1254 2617 1406 2660 exemplo
1419 2617 1518 2663 Regii
1538 2615 1732 2660 Prophetae,
1757 2616 1917 2653 dicentis:
1943 2621 2053 2651 Omnes
2077 2618 2131 2650 Dii

1250 2673 1386 2712 gentium
1406 2668 1569 2703 demonia.
1609 2666 1660 2699 Ex
1697 2665 1815 2704 eodem
1854 2666 2019 2710 principio
2056 2666 2129 2703 vult

1257 2717 1463 2755 Christianos
1474 2727 1542 2752 non
1562 2718 1623 2752 effe
1634 2715 1894 2762 Ludimagistros
1906 2739 1918 2756 ‚
1940 2726 1997 2750 aut
2013 2715 2132 2750 littera·
2147 2726 2220 2766 cap.
2239 2735 2284 2760 ιο,

1256 2778 1329 2802 rum
1349 2768 1559 2811 professores,
1584 2765 1674 2809 quod
1697 2764 1731 2800 hi
1754 2767 1856 2808 affines
1869 2764 1929 2807 fiat
1948 2766 2132 2801 multimoda·

1258 2817 1430 2854 idololatriae
1442 2841 1453 2858 ‚
1476 2817 1576 2858 utpote*
1595 2816 1697 2861 quibus
1718 2816 1818 2860 necque
1829 2812 1869 2856 fit
1882 2818 1956 2848 Deos
1978 2821 2130 2851 nationum

1254 2869 1444 2914 praedicare,
1468 2870 1614 2906 crimina,
1633 2867 1841 2910 genealogias,
1867 2863 2020 2906 fabulas,
2045 2876 2130 2899 orna·-

1259 2927 1359 2953 menta
1370 2916 1523 2959 honorifica
1533 2927 1653 2958 quaeque
1672 2927 1770 2951 eorum
1783 2919 1955 2950 enunciare.
1983 2916 2060 2952 Hac
2085 2916 2132 2950 sa·

2145 2156 2219 2198 Cap·
2235 2165 2283 2192 ao·

1260 2968 1301 3002 ne
1311 2967 1352 3002 de
1363 2967 1455 3003 causa
1467 2991 1478 3009 ‚
1489 2966 1566 3002 dum
1580 2965 1727 3011 Julianus
1738 2965 1908 3010 Augustus
1919 2964 1937 3001 ὲ
1950 2964 2132 3002 litterarum

1261 3015 1379 3054 scholis
1391 3028 1451 3054 nos
1463 3015 1637 3060 proscripsit
1646 3040 1657 3058 ‚
1683 3014 1909 3059 Apollinarius
1922 3013 2130 3052 Laodicensxs

1264 3068 1438 3111 Episcopus
1457 3067 1540 3101 sacra
1575 3077 1619 3100 ex
1644 3075 1782 3111 utroque
1807 3065 2002 3101 testamento
2027 3075 2129 3100 metra

1260 3117 1466 3160 composuit,
1489 3128 1558 3160 quae
1579 3115 1705 3159 possent
1729 3114 1907 3151 Christiani
1928 3112 2131 3150 Christianos

1260 3167 1392 3202 docere.
1420 3166 1534 3212 Qare-
1554 3163 1722 3206 hodiernis
1742 3165 1921 3200 litterarum
1946 3163 2131 3198 professori-

1261 3217 1319 3254 bus
1329 3217 1409 3250 serio
1426 3214 1617 3257 suademus,
1642 3225 1679 3250 ut
1692 3215 1838 3250 fabulosa
1858 3213 2029 3258 gentilium
2043 3213 2131 3249 Deo-

1261 3278 1330 3302 rum
1344 3266 1555 3303 deliramenta
1568 3266 1684 3302 nostris
1692 3263 1949 3302 adolescentibus
1962 3274 2132 3309 nunquam

1261 3318 1325 3353 stne
1336 3315 1486 3352 antidoto
1498 3316 1627 3352 edicant
1637 3341 1646 3349 .
1673 3316 1725 3352 Ex
1736 3311 2022 3351 hocfundamento
2048 3314 2133 3347 anti-

1262 3368 1319 3411 qui
1335 3367 1478 3403 Ecclesiae
1489 3365 1597 3404 Patres
1609 3366 1708 3403 etiam
1719 3363 1787 3400 haec
1795 3385 1807 3405 ‚
1831 3364 1989 3399 Minerva(
1995 3385 2006 3401 ‚
2030 3364 2133 3398 satur-

1267 3418 1370 3458 nalia,
1396 3415 1621 3457 Bacchanalia,
1647 3419 1720 3450 Dies
1729 3415 1803 3450 solis
1815 3422 1869 3448 aut
1886 3416 2001 3456 Luna,
2027 3414 2063 3447 ὅ(
2087 3424 2134 3447 re-

1267 3468 1353 3513 liqua
1367 3466 1548 3502 istiusmodi
1559 3463 1714 3501 vocabula
1725 3487 1738 3505 ‚
1761 3473 1932 3508 tamquam
1955 3461 2135 3499 idololatri-

2025 3524 2062 3547 ca
2075 3537 2087 3555 ‚
