2340 3762
14 3047 136 3082 L90c2.

635 185 703 216 DE
738 181 974 215 ocrAVA
1009 165 1251 210 SYNODO
1285 161 1612 209 GENERALI.
1861 183 1957 232 347

1155 246 1250 281 &oris
1261 245 1466 290 Compilatio
1476 244 1713 292 chronologica
1723 250 1732 282 ἐ
1760 256 1869 288 Penus
1891 256 1913 288 ἃ
1923 258 2021 300 paga.
2041 255 2076 285 Α.
2089 256 2133 288 56.

1155 304 1204 330 nis
1225 306 1330 338 captus
1343 320 1354 337 ,
1380 298 1414 331 &⁸
1434 298 1478 330 ad
1494 297 1654 331 ludibrium
1678 298 1907 339 Christianorum
1926 304 2021 339 barba

1155 344 1260 390 rasus,
1287 349 1425 388 &capite
1435 346 1633 388 decalvatus,
1660 349 1840 392 &ingyrum
1860 353 2019 398 attonsus,

1155 397 1206 429 boc
1217 399 1355 438 deinceps
1369 396 1430 439 ipse
1449 403 1482 430 in
1494 397 1618 438 mysterio
1627 403 1659 430 in
1669 398 1868 442 Ecclefiafiert
1878 405 2000 443 institult
2012 432 2019 438 ,

1155 447 1196 480 Et
1209 445 1248 480 ad
1261 447 1473 489 Jovinianum
1495 448 1512 481 ἐ
1533 446 1665 482 barbato
1676 458 1779 492 nuper
1790 449 1957 485 monacho
1981 466 2027 488 ra.

1154 498 1224 531 sum
1261 497 1427 532 Clericum
1464 496 1570 531 scribit
1607 498 1737 533 Sanstus
1772 499 1999 544 Hieronymus
2018 517 2026 536 :
2046 518 2181 556 L-2.c·13.

1154 549 1345 590 ,Quamquam
1363 547 1489 580 barbam
1501 546 1610 590 raseris
1622 572 1632 587 ‚
1659 553 1735 582 inter
1748 547 1897 585 barbatos
1906 551 2000 586 hircos
2013 578 2026 595 ,

1153 598 1382 632 damnatorum
1404 597 1561 642 figuram,
1587 597 1803 632 numeraberis.
1830 601 1956 636 Omnes
1976 613 2028 648 ge·
2055 633 2065 638 ,
2089 631 2093 636 .

1154 647 1301 680 neraliter
1322 648 1459 682 Latinos
1486 647 1633 682 Clericos
1655 648 1750 682 fuisse
1771 650 1908 690 destituta
1921 651 2030 693 fronte
2047 629 2157 669 ἔφαθ’

1148 695 1296 739 praerasos
1331 697 1441 731 scribit
1468 697 1508 731 ad
1534 698 1685 733 Severum
1712 698 1843 734 Sanctus
1869 701 2030 736 Paulinus

1154 746 1330 790 Episcopus
1358 747 1510 781 Nolenfis
1532 772 1539 779 .
1563 750 1618 782 De
1643 747 1761 782 eisdem
1787 748 1895 784 statuit
1916 762 2028 795 quarta

1151 795 1415 841 Carthaginenfis
1435 797 1608 839 Synodus:
1636 800 1767 832 Clericus
1787 810 1836 833 nec
1854 811 1965 834 comam
1978 813 2030 834 nu-

1150 851 1224 877 triat
1232 868 1242 883 ‚
1268 858 1319 879 nec
1329 847 1453 881 barbam
1463 871 1470 878 .
1500 848 1542 881 Et
1553 848 1609 882 sub
1621 848 1744 883 Leonis
1755 850 1837 884 noni
1850 850 2029 885 Pontifica-

1123 912 1125 914 -
1151 904 1186 927 tu
1213 891 1324 929 habita
1350 897 1436 940 apud
1457 897 1623 941 Hispanos
1642 899 1796 942 Synodus
1807 900 2028 944 Coyacensis:

1152 943 1316 983 Presbyteri
1337 947 1371 979 ό·
1381 949 1505 980 Draconi
1515 949 1622 982 barbas
1634 950 1763 983 radant.
1791 949 1835 985 Et
1845 951 2028 986 Dodonem

1153 994 1340 1029 Diaconum
1371 995 1411 1030 ad
1427 997 1552 1042 Judaeos
1564 999 1800 1042 apostatantem
1812 1026 1823 1041 ,
1846 1000 1936 1045 quod
1947 1012 2029 1035 mox

1150 1043 1282 1078 barbam
1293 1044 1350 1079 fibi
1362 1047 1499 1080 crescere
1512 1049 1711 1090 permiserit,
1736 1049 1909 1084 advertunt
1926 1050 2030 1084 Berti-

1150 1093 1241 1128 niani
1251 1095 1450 1130 Francorum
1471 1095 1619 1131 Annales
1631 1121 1638 1129 .
1666 1096 1711 1131 Et
1732 1097 1907 1132 Guilielmi
1931 1099 2028 1142 primi
2047 1094 2078 1122 Α·
2095 1100 2160 1129 539·

1151 1143 1339 1189 Anglorum
1350 1146 1454 1190 Regis
1463 1146 1605 1187 milites,
1631 1146 1725 1180 omni
1735 1148 1821 1182 facie
1846 1148 2030 1192 &utroque

1149 1193 1237 1228 labio
1247 1196 1331 1229 rasos
1345 1219 1357 1236 ,
1381 1195 1473 1230 fuisse
1483 1194 1685 1239 Presbyteris
1695 1195 1812 1231 fimiles
1834 1207 1929 1232 notat
1942 1199 2030 1233 Mat·
2047 1210 2080 1237 A.
2099 1210 2183 1238 1066.

1149 1243 1252 1279 thaeus
1270 1244 1466 1280 parisiensis.
1495 1244 1540 1280 Et
1562 1244 1868 1281 Grandimontenfis
1890 1245 2030 1291 Ordinis

1153 1295 1263 1329 fratres
1283 1297 1456 1330 conversos
1482 1296 1620 1339 prolixis
1640 1321 1652 1337 ,
1677 1297 1827 1332 Clericos
1844 1298 1917 1332 rasis
1937 1297 2031 1335 fuisse

1151 1343 1256 1379 barbis
1267 1346 1398 1380 testatur
1408 1344 1590 1389 Stephanus
1601 1346 1782 1391 Episcopus
1793 1347 2029 1383 Tornacensis.

1152 1394 1195 1428 Et
1207 1407 1321 1438 pravos
1333 1396 1380 1429 sui
1392 1397 1548 1438 temporis
1571 1395 1719 1431 Clericos
1742 1397 1835 1431 fuisse
1848 1396 1911 1439 sblo
1931 1398 2032 1431 barbi-

1150 1442 1222 1483 rafio
1240 1444 1259 1476 a
1270 1444 1362 1477 laicis
1371 1444 1537 1478 distinEtos
1548 1446 1693 1487 queritur
1705 1446 1741 1479 in
1765 1445 1882 1479 litteris
1892 1445 1934 1479 ad
1955 1446 2032 1480 Ale-

1149 1491 1313 1527 xandrum
1336 1493 1514 1527 secundum
1540 1493 1738 1528 Pontificem
1760 1496 1895 1529 Sanetus
1915 1495 2031 1530 Petrus
2050 1511 2203 1551 Laffipist.

1149 1542 1308 1576 Damiani
1323 1566 1331 1574 .
1342 1546 1345 1550 ’
1357 1544 1510 1577 δαηὲἱυηι
1523 1543 1657 1578 Petrum
1669 1544 1867 1587 Apostolum
1878 1545 1913 1578 in
1926 1545 2030 1579 barbi·
2052 1563 2061 1581 1
2070 1561 2096 1589 ς.

1148 1593 1227 1626 rasio
1247 1592 1423 1635 apparuisse
1448 1592 1540 1626 addit
1568 1593 1602 1626 in
1628 1593 1745 1627 litteris
1773 1594 1814 1627 ad
1842 1593 2028 1629 cadaloum
2088 1631 2094 1637 ,

1149 1641 1346 1685 Episcopum
1365 1641 1573 1675 Parmensem
1584 1666 1591 1673 .
1619 1642 1664 1676 Et
1688 1642 1729 1677 ad
1744 1643 1912 1678 Orzocum
1925 1645 2029 1679 Sardi·
2046 1630 2178 1670 Ep¹st'²0·

1148 1692 1208 1725 niae
1217 1692 1389 1726 Restorem
1400 1691 1442 1726 de
1454 1691 1577 1735 jacobo
1591 1691 1784 1727 calaritano
1801 1695 1866 1728 suis
1877 1694 2027 1729 manibus

1146 1743 1333 1777 consecrato
1345 1740 1627 1785 Archi-Episcopo
1639 1742 1750 1776 scribit
1775 1742 1934 1777 Pontifex
1946 1744 2027 1778 Gre-

1143 1792 1261 1835 gorius
1281 1792 1454 1833 septimus:
1481 1792 1633 1823 Nolumus
1646 1792 1844 1825 Prudentiam
1863 1801 1948 1826 tuam
1969 1806 2027 1827 mo-

1141 1839 1207 1879 leste
1225 1844 1376 1881 accipere,
1402 1840 1482 1881 quod
1502 1839 1784 1883 Archi-Epifiopum
1797 1843 2025 1888 vestrumJaco·

1142 1888 1210 1921 bum
1228 1887 1430 1931 consuetudini
1437 1888 1555 1931 sandlae
1571 1893 1716 1924 Romanae
1734 1892 1885 1934 Ecclefiae,
1915 1901 2023 1927 matris

1140 1943 1268 1971 omnium
1280 1941 1311 1970 E
1313 1938 1475 1979 eclesiarum
1483 1961 1494 1976 ,
1520 1939 1681 1981 vestraeque
1685 1940 1856 1981 specialiter
1867 1965 1878 1980 ‚
1902 1943 2019 1979 obedire

1138 1992 1279 2032 coegimus
1289 2012 1300 2028 ,
1323 1986 1431 2031 scilicet
1442 1997 1475 2020 ut
1485 1989 1729 2030 quemadmodum
1740 1997 1831 2024 totius
1845 1995 2021 2027 Occidenta-

1138 2039 1177 2072 lis
1187 2035 1320 2078 Ecclefiae
1331 2039 1437 2072 Clerus
1462 2038 1502 2071 ab
1520 2038 1587 2081 ipsis
1594 2038 1668 2081 fidet
1695 2039 1872 2080 Christiana?
1892 2050 2021 2084 primor-

1138 2088 1198 2121 diis
1211 2087 1333 2121 barbam
1343 2089 1472 2122 radendi
1482 2101 1589 2123 morem
1602 2095 1699 2123 tenuit
1709 2114 1720 2130 ‚
1745 2093 1790 2131 ita
1816 2094 1850 2125 eb·
1869 2092 1932 2136 ipse
1950 2094 2020 2135 fra-

1138 2147 1184 2171 ter
1206 2138 1317 2179 noster,
1343 2139 1435 2180 vester
1454 2138 1716 2182 Archi-Epifiopus
1732 2164 1743 2179 ‚
1770 2144 1908 2176 raderet.
1934 2147 2022 2178 Unde}

1139 2191 1321 2222 Eminentiae
1343 2200 1452 2231 quoque
1474 2192 1546 2223 Tuae
1556 2196 1764 2232 precipimus,
1789 2201 1822 2225 ut
1847 2192 1943 2236 ipsum
1962 2194 2017 2238 [σω

1139 2237 1286 2278 Pastorem
1310 2240 1345 2272 <y
1361 2241 1482 2272 Patrem
1488 2238 1677 2283 spiritualem
1688 2239 1852 2284 suscipiens
1870 2267 1881 2283 ,
1907 2245 1941 2277 (9
1966 2258 2018 2278 au-

1131 2286 1280 2330 fhultans,
1308 2300 1371 2321 cum
1386 2289 1492 2329 confilio
1503 2292 1565 2330 ejus
1579 2302 1691 2323 omnem
1703 2300 1765 2324 tuae
1782 2291 1935 2333 potestatt's
1952 2297 2018 2328 Cle-

1136 2350 1201 2371 rum
1210 2336 1318 2371 barbas
1331 2340 1434 2372 radere
1450 2338 1551 2379 facias
1578 2349 1666 2382 atque
1693 2342 1858 2383 compellas.
1894 2341 2016 2379 Graecis

1137 2387 1386 2432 imperatoribus
1399 2387 1529 2431 subjecta
1545 2389 1662 2425 Latina
1688 2391 1794 2425 Insula
1819 2394 1852 2425 in
1867 2392 2015 2429 Graecum

1137 2448 1260 2472 morem
1282 2438 1481 2481 pedetentim
1493 2439 1720 2483 degenerarat:
1746 2441 1840 2475 Hinc
1851 2444 1952 2486 ipsam
1975 2445 2016 2478 ad

212 252 252 297 fit
260 278 272 295 ,
295 252 459 297 approbare
468 265 526 288 non
531 254 642 299 poffum
651 277 662 293 ‚
687 253 803 295 etiamst
809 255 904 287 multa
920 251 1086 296 hujusmodi

212 310 339 347 propter
362 307 566 339 nonnullarum
592 305 644 339 vel
647 302 820 347 sane‘larum
845 306 900 337 vel
912 303 1108 341 turbulenta-³

216 364 285 386 rum
301 353 494 397 perfimarum
509 355 656 400 fiandala
669 355 836 388 devitanda
860 353 977 386 liberius
989 360 1092 395 impro-

216 402 287 436 bare
313 415 371 437 non
396 407 504 439 audeo.
532 410 642 438 Omnia
666 406 767 449 itdque
789 403 885 444 talia,
911 415 977 449 quae
1000 414 1091 452 neque

213 450 384 496 [unaarum
395 458 615 497 scripturarum
627 454 857 488 authoritatibus
884 460 1067 488 continentur
1081 477 1091 494 ,

213 514 268 536 nec
293 509 326 536 in
358 506 498 538 conciliis
508 503 721 548 Episcoporum
739 504 854 545 statuta
873 510 1069 538 inveniuntur
1081 529 1091 545 ,

212 562 270 586 arec
293 552 496 597 consuetudine
521 553 667 598 universae
680 552 814 596 Ecclefiae
839 554 978 587 roborata
998 553 1091 597 sunt,

211 599 269 644 sed
276 602 459 646 dtversbrum
468 605 589 638 locorum
601 603 721 646 diverfis
733 604 857 637 moribus
870 605 1091 638 innumerabili-

212 659 261 685 ter
270 658 428 687 variantur
446 679 456 694 ‚
483 657 527 699 itgi
540 666 573 689 ut
582 660 638 689 vix
663 664 717 688 aut
727 657 846 687 omnim)
871 666 1023 697 nunquam
1048 661 1090 686 in-

211 707 311 735 veniri
317 705 421 744 pqffint
431 704 506 747 caus
500 718 526 738 ae
539 730 549 745 ,
577 711 694 749 quasin
706 711 749 739 eis
761 705 946 748 instituendis
959 705 1089 738 homines

207 748 375 795 secutisunt
388 778 399 794 ,
424 754 473 788 ubi
477 755 616 796 facultas
626 755 787 797 tribuitur,
807 754 868 797 fine
892 756 953 789 ulla
968 756 1086 788 dubita·

210 807 289 836 tione
299 801 456 845 resecanda
466 805 614 845 existimo.
642 808 796 848 ‚Quamvis
822 810 901 838 enim
926 816 1015 847 neque
1037 803 1088 837 hoc

209 855 344 886 inventri
365 856 467 895 poffit,
493 855 632 896 quomodo
653 865 757 887 contra
778 854 870 896 fidem
881 854 943 895 fint
954 878 965 893 ‚
991 852 1088 896 ipsam

208 909 314 935 tamen
322 904 500 945 Religionem
517 915 532 942 ‚'
554 915 644 947 quam
651 904 826 943 pauciffimis
851 904 888 935 ὁ·
904 900 1088 943 manffestiffl-

208 955 268 981 mis
279 951 505 983 celebrationum
524 953 544 983 5
545 957 724 984 aeramentis
735 949 932 994 misericordia
949 956 1006 984 Del
1037 952 1088 994 effe

208 998 334 1032 liberam
343 1001 437 1033 volun
448 1025 458 1040 ,
479 999 639 1043 servilibus
652 1002 787 1035 oneribus
806 1010 949 1043 premunt
960 1027 970 1042 ,
997 1012 1031 1035 ut
1048 1011 1087 1035 to-

207 1047 394 1090 lerabiliorfit
406 1052 531 1083 conditio
535 1054 566 1095 J
569 1053 720 1084 udaeorum
737 1075 748 1091 ‚
770 1057 823 1093 qui
832 1058 922 1084 ettam
938 1051 970 1093 fi
975 1061 1087 1094 tempus

208 1099 358 1133 libertam
369 1111 426 1133 non
438 1106 615 1144 agnoverint
626 1125 637 1141 ,
665 1100 806 1145 legalibus
816 1110 918 1135 tamen
935 1101 1063 1145 sarcinis
1077 1127 1087 1143 ‚

208 1159 268 1182 non
278 1148 416 1183 humanas
422 1149 704 1194 praesumptionibus
711 1150 912 1194 subjiciuntur
922 1177 929 1184 .
959 1154 1020 1186 sed
1029 1156 1087 1186 Ec·

205 1197 288 1240 elefia
305 1201 362 1232 Dei
380 1205 461 1233 inter
482 1201 608 1233 multam
624 1203 749 1243 paleam
761 1226 772 1242 ,
797 1202 949 1245 multaque
962 1207 1086 1236 zizania

206 1249 359 1290 constituta
379 1252 472 1283 multa
493 1250 620 1291 tolerat,
645 1262 703 1284 non
725 1251 893 1294 approbat,
919 1263 970 1286 nee
982 1261 1086 1294 tacet,

205 1299 352 1340 necfacit.
363 1298 514 1334 Abusum
527 1300 619 1334 illum
632 1300 712 1335 reste
725 1301 922 1345 improbavit
933 1301 1087 1345 photius,

206 1349 261 1382 sed
275 1349 376 1395 longe
385 1350 515 1394 peffime
524 1349 591 1392 ejus
604 1352 697 1387 causa
709 1350 775 1387 Dei
786 1351 966 1388 Ecclesiam
990 1364 1091 1388 cona·

209 1407 262 1434 tus
273 1400 319 1434 est
331 1400 484 1436 lacerare.

2047 1321 2200 1362 Epist.152.

306 1647 784 1694 CALUMNIA
855 1648 981 1695 VIII..

270 1782 385 1851 Qod
420 1781 555 1830 Clerici
587 1783 696 1847 nostri
718 1785 855 1833 barbas
883 1785 1011 1834 radere

2043 1824 2137 1856 r..⁸.1-:
2159 1824 2201 1858 ist

489 1873 559 1902 non
593 1855 759 1903 abnuant
777 1890 792 1902 .
2138 1834 2156 1863 p

2047 1874 2089 1895 10·

282 1990 426 2027 Amdem
437 1990 470 2026 in
483 2003 544 2027 nos
554 1994 753 2029 calumniam
763 1995 927 2039 resumpsit
944 1994 1079 2029 Nicetas

307 2043 515 2082 Peaoratus',
542 2043 694 2076 adversus
703 2055 800 2086 quern
821 2045 856 2077 in
872 2055 985 2077 rerum·
1001 2045 1019 2077 a
1046 2046 1078 2078 se

198 2091 663 2136 Constantinopoligestarum
674 2093 821 2126 indiculo
843 2091 953 2126 scribit
967 2094 1078 2127 Cardi-

195 2142 282 2176 nalis
292 2139 498 2175 Humbertus
513 2165 524 2182 ,
550 2142 657 2176 Sansti
670 2141 792 2176 Leonis
808 2142 889 2176 noni
903 2142 1076 2177 pontificis

196 2191 239 2225 ad
253 2187 512 2225 Constantinum
528 2189 792 2226 Monomachum
805 2192 992 2226 Graecorum
1014 2194 1076 2226 irn-

194 2251 376 2285 potatorem
399 2241 540 2286 Legatus
559 2253 567 2273 :
594 2245 693 2274 Graect
714 2241 867 2286 Episcopi
895 2242 930 2276 δε
952 2242 1073 2276 Clerici

193 2287 314 2333 capillos
326 2296 437 2333 capitis
463 2301 498 2322 ac
509 2290 620 2323 barbas
633 2296 799 2325 nutrientes
809 2316 821 2332 ,
847 2302 894 2325 eos
914 2298 965 2334 qui
978 2303 1074 2325 comas

193 2342 320 2374 tondent
345 2339 547 2383 &secundum
555 2340 764 2379 institutionem
785 2345 928 2374 Romanae
940 2341 1073 2384 Ecclesiae

196 2386 309 2423 barbas
330 2392 446 2424 radunt
458 2414 470 2430 ,
494 2395 526 2423 in
549 2397 746 2425 communione
765 2402 824 2424 non
841 2397 1002 2433 recipiunt.
1031 2393 1074 2435 Et

191 2439 586 2482 constantinopolitanus
596 2439 729 2475 Pattum
741 2441 992 2476 Praedicatorum
1013 2453 1071 2475 tra-

189 2490 314 2523 ssatus:
343 2489 508 2527 Presbyteri
532 2493 638 2523 Latini
659 2492 774 2524 radant
795 2491 906 2525 barbas
917 2503 994 2525 more
1008 2491 1073 2535 suo-

189 2549 257 2571 rum
267 2540 395 2573 militum
407 2564 417 2579 ,
438 2547 552 2580 praeter
563 2539 750 2581 Apostolicam
768 2541 995 2582 institutionem.
1029 2543 1071 2575 Et

188 2588 348 2625 Latinum
361 2613 372 2629 ,
397 2589 486 2621 viaae
495 2588 788 2634 Constantinopoli
809 2592 828 2625 a
852 2592 1002 2625 Flandris
1016 2603 1073 2624 no-

191 2636 262 2670 stris
273 2639 476 2682 impositum,
507 2638 749 2680 patriarcham,
774 2640 864 2684 quod
886 2641 981 2675 barba
995 2641 1070 2675 esset

191 2688 278 2721 rasus
288 2712 299 2728 ,
326 2698 491 2732 tamquam
503 2688 719 2724 desolationis
728 2689 1013 2725 abominationem
1027 2714 1038 2731 ,
1052 2691 1069 2724 a

191 2736 337 2772 Daniele
348 2737 509 2779 Propheta
525 2738 703 2782 praedibiam
715 2764 725 2779 ,
751 2739 927 2775 detestatur
948 2741 984 2774 in
1007 2741 1071 2774 Hi-

190 2785 290 2821 storia
310 2787 365 2821 sua
392 2787 526 2821 Nicetas
552 2786 751 2823 Choniates.
780 2790 891 2824 Etiam
913 2789 1070 2825 Theodo-

189 2845 289 2875 rum,
316 2836 501 2872 Andronici
524 2835 669 2882 Augusti
693 2839 799 2874 filium
811 2840 954 2881 laicum,
979 2841 1069 2884 quod

190 2882 324 2919 barbam
336 2896 425 2920 more
436 2887 545 2921 nostro
556 2887 680 2922 raderet
690 2912 701 2928 ,
729 2898 766 2922 ut
775 2900 970 2934 germanum
983 2891 1070 2925 Lati-

188 2944 272 2969 num
297 2935 332 2969 &
352 2935 416 2968 suae
434 2937 541 2979 gentis
560 2937 760 2981 proditorem
786 2939 872 2974 ridet
897 2940 1068 2975 &accusat

191 2982 404 3028 Nicephorus
414 2984 592 3029 Gregoras.
618 2988 766 3031 Reponit
777 2988 853 3023 vero
865 2989 988 3024 laudati
1007 3000 1068 3024 tra-

189 3036 291 3069 status
299 3035 663 3078 Constantinopolitani
678 3037 802 3072 Auster
812 3039 969 3073 Latinus:
982 3042 1067 3073 Grae—

190 3095 287 3118 corum
305 3085 475 3118 sacerdotes
496 3096 573 3117 more
584 3088 718 3130 Judaico
731 3095 915 3130 promittunt
936 3089 1067 3128 barbas,

190 3146 261 3177 quae
274 3133 349 3176 sunt
370 3138 519 3167 Dominico
526 3132 670 3178 sanguine
680 3160 692 3178 ,
716 3137 780 3171 cum
799 3138 836 3172 ab
855 3139 922 3173 illis
933 3138 1064 3182 bibitur,

190 3185 363 3217 madentes.

239 3232 376 3270 Pessime
402 3234 437 3268 &
464 3231 602 3268 Photius
639 3235 674 3268 &
709 3236 845 3271 Nicetas
879 3237 1065 3273 pectoratus

190 3283 281 3327 ajunt
294 3284 398 3318 barbae
419 3284 594 3318 Clericalis‘
615 3285 669 3318 seu
683 3287 822 3321 rasuram
833 3287 887 3320 seu
898 3288 1064 3321 tonsuram

191 3333 257 3367 esse
276 3333 477 3377 Apostolicae
499 3333 699 3368 institutioni
721 3335 905 3370 adversam.
931 3336 1063 3371 Etenim

1136 2488 1257 2524 avitam
1272 2488 1475 2531 disciplinam
1502 2489 1625 2523 reducit
1639 2490 1794 2524 Pontifex
1812 2515 1822 2530 ,
1848 2493 1935 2536 quod
1952 2494 2019 2527 Ro-

1134 2548 1229 2571 mana
1257 2537 1396 2571 Ecclesia
1423 2538 1458 2571 fit
1484 2538 1553 2581 ejus
1578 2540 1725 2583 specialis
1745 2541 1876 2582 Mater,
1905 2543 1936 2576 id
1949 2544 2016 2584 est,

1134 2586 1221 2631 quod
1234 2588 1300 2631 ipsa
1313 2587 1352 2621 ad
1366 2587 1556 2622 Romanum
1583 2600 1620 2622 ac
1632 2588 1790 2624 Latinum
1815 2591 2015 2627 Patriarcha-

1135 2649 1204 2671 tum
1226 2663 1235 2678 ‚
1265 2648 1335 2671 non
1361 2637 1401 2671 ad
1428 2637 1577 2672 Graecum
1605 2639 2013 2684 Constantinopolitanum

1134 2688 1312 2730 pertineat.
1340 2686 1384 2720 Et
1395 2686 1473 2720 hinc
1496 2689 1620 2730 antiqui
1646 2689 1837 2723 Latinarum
1859 2691 2013 2725 Ecclesia-

1133 2748 1202 2771 rum
1216 2737 1364 2771 Rituales
1375 2736 1449 2771 libri
1462 2738 1544 2772 inter
1557 2739 1679 2773 Clerici
1690 2739 1831 2773 faciendi
1853 2742 1934 2774 ritus
1959 2741 2012 2775 ha-

1133 2787 1210 2822 bent
1234 2786 1384 2821 &barbae
1404 2789 1562 2822 rasuram:
1591 2789 1673 2822 Eam
1695 2789 1881 2823 solemniter
1905 2791 2012 2825 initia-

1132 2837 1263 2880 batipse
1274 2837 1451 2880 Episcopus
1469 2844 1545 2871 cum
1566 2837 1763 2872 solemnibus
1789 2839 1937 2882 precibus
1962 2842 2014 2874 Aa

1131 2887 1256 2920 barbam
1266 2887 1450 2920 tondendam
1460 2911 1471 2928 ‚
1498 2889 1531 2922 ὃς
1547 2889 1596 2919 Ad
1606 2887 1729 2920 barbam
1744 2887 1852 2932 rasam.
1880 2889 2009 2924 Primus

1129 2937 1147 2971 ὲ
1160 2936 1300 2982 ,Latinis
1322 2936 1491 2982 Episcopis
1508 2937 1638 2971 barbam
1660 2948 1770 2982 gerere
1791 2940 1889 2982 coepit
1905 2940 2009 2982 Julius

1131 2986 1288 3021 secundus
1299 2986 1476 3027 Pontifex,
1502 2988 1547 3021 ob
1557 2988 1666 3021 causas
1696 2987 1738 3021 ab
1759 2989 1826 3032 ejus
1837 2990 1909 3023 vitae
1937 2991 2010 3024 scri·

1129 3036 1275 3082 ptoribus
1295 3037 1524 3071 addiscendas.
1855 3071 1858 3074 ,

1179 3086 1226 3121 At
1238 3086 1348 3120 obstat
1358 3086 1448 3129 supra
1469 3086 1623 3121 adductus
1636 3088 1755 3123 Canon
1770 3088 2008 3135 Carthaginen-

1131 3136 1170 3170 fis
1181 3159 1193 3177 ,
1217 3136 1310 3179 cujus
1323 3134 1389 3169 haec
1401 3135 1520 3169 dicitur
1532 3137 1594 3171 esse
1605 3137 1767 3172 Germana
1777 3140 1890 3174 Lectio
1904 3153 1912 3172 :
1940 3140 2006 3173 Cle-

1129 3191 1205 3219 ricus
1215 3196 1267 3219 nec
1288 3196 1400 3218 comam
1412 3192 1546 3225 nutriat,
1571 3197 1622 3220 nec
1633 3187 1759 3221 barbam
1768 3191 1875 3222 radat.
1907 3189 1951 3223 Et
1963 3191 2004 3224 de

1133 3235 1262 3281 Vigilio
1280 3234 1444 3268 Pontifice
1464 3236 1550 3279 apud
1565 3237 1891 3282 Constantinopolim
1915 3240 2003 3285 quasi

1127 3286 1279 3328 captivo,
1308 3285 1390 3318 acin
1403 3286 1510 3319 Sansti
1523 3285 1609 3320 Petri
1623 3286 1758 3323 Basilica
1778 3290 1862 3332 quali
1874 3291 2001 3332 asylum

1127 3342 1287 3378 quaerente
1296 3332 1463 3368 adversum
1476 3336 1648 3378 Iustiniani
1662 3337 1804 3383 Augusti
1817 3338 2000 3374 violentias,

1127 3383 1271 3418 scribunt
1291 3383 1392 3418 Italiae
1402 3384 1523 3419 Clerici
1538 3385 1579 3420 ad
1595 3386 1793 3422 Francorum
1808 3388 1947 3430 Legatos
1963 3386 1999 3417 in

1128 3433 1266 3479 Regiam
1276 3434 1443 3470 civitatem
1449 3436 1610 3518 Ρτοῑξίἂοε
1622 3449 1629 3468 :
1640 3436 1741 3480 Ipsum
1746 3436 1893 3526 fundus}
1898 3437 1999 3466 Ponti-

1579 3498 1601 3519 X
1651 3499 1673 3523 2
1889 3494 1950 3518 cem

192 3391 253 3415 nos
272 3380 383 3418 Latini
404 3384 577 3418 adserimus
586 3384 648 3419 esse
658 3384 771 3419 datum
781 3385 878 3420 nobis
889 3385 1061 3421 Canonem

189 3430 210 3465 a
222 3431 337 3467 Saniio
347 3433 444 3468 Petro
458 3433 639 3477 Apostolo,
666 3432 707 3467 de
728 3446 795 3477 quo
818 3436 981 3481 incogniti
995 3435 1064 3469 Au—

285 3481 392 3523 christ.
407 3487 484 3526 Lupi
494 3489 576 3527 Oper.
591 3487 668 3519 Tom.
682 3488 736 3517 111.
