2340 3762
620 103 930 161 Scuotns,
968 115 1030 145 ετ
1064 88 1258 146 Nous
1291 111 1671 147 ntum-nnn.
1932 115 1999 162 99

545 292 661 385 gC
716 296 803 380 A
860 293 959 376 N
1014 291 1104 376 O
1163 291 1291 374 N.
1376 287 1738 376 XLIV.

261 479 263 482 ’
416 480 622 532 Onachus
667 480 970 543 fornicationis
1015 478 1263 540 convistuS,
1309 476 1383 528 vel
1416 476 1499 543 qui
1533 475 1591 525 ad
1638 473 1914 543 Matrimonii
1948 492 2070 527 com-

429 555 723 617 munionem,
756 555 946 617 vitaeque
981 544 1242 603 societatem
1267 563 1446 602 uxorem
1459 543 1610 610 duxit,
1647 544 1962 601 fornicatorum
1976 565 2072 617 poe-

241 627 311 675 nis
343 622 577 681 secundum
610 627 816 682 Canones
851 619 1126 688 subjicietur.
1808 650 1810 652 -
2043 635 2046 637 ’

617 877 1299 1009 CANON
1412 918 1711 1008 XLV.

383 1111 577 1161 Uoniam
612 1099 908 1171 intelleximus
942 1113 989 1159 in
1024 1108 1245 1170 nonnullis
1280 1107 1510 1167 mulierum
1547 1104 1816 1162 monasteriis
1844 1107 2046 1155 mulieres
2058 1111 2078 1167 ,³

416 1174 518 1248 quae'
546 1179 665 1232 sacro
700 1177 781 1231 illo
816 1184 974 1231 amictu
1008 1178 1108 1229 sunt
1142 1176 1393 1238 induendae,
1427 1177 1548 1246 prius
1582 1175 1726 1226 sericis
1760 1180 1805 1227 &
1834 1179 1977 1227 omnis
1999 1194 2074 1239 ge-

234 1253 350 1299 neris
384 1251 596 1313 vestibus,
633 1250 838 1320 praeterea
873 1268 1020 1301 autem
1057 1254 1103 1298 δε
1135 1248 1307 1298 mundis
1342 1265 1449 1298 auro
1499 1252 1543 1297 δε
1578 1249 1764 1310 gemmis
1799 1249 1981 1297 variatis
2015 1245 2077 1295 ab

235 1322 318 1382 iis,
353 1323 432 1389 qui
460 1323 566 1371 illas
601 1321 1049 1382 ducunt-,·exornari,
1085 1322 1130 1369 δε
1163 1319 1222 1368 fic
1256 1317 1312 1368 ad
1347 1318 1502 1369 altare·
1518 1317 1777 1378 accedentes
1809 1319 1909 1366 exui
1947 1331 2075 1366 tanto

236 1407 371 1456 opum
406 1407 641 1458 apparatu,
678 1396 724 1440 δε
758 1392 904 1439 statim
938 1393 986 1438 in
1021 1389 1111 1435 illis
1142 1387 1238 1436 fieri
1273 1387 1450 1435 habitus
1483 1387 1856 1447 benedictionem,
1892 1385 2077 1452 illasque

234 1461 364 1520 nigro
397 1458 555 1507 amictu
592 1457 742 1518 indui,
779 1459 1006 1506 statuimus
1040 1473 1096 1504 ne
1130 1456 1217 1505 hoc
1252 1455 1463 1522 deinceps
1497 1455 1600 1504 fiat.
1654 1460 1818 1522 Neque
1851 1459 1971 1504 enim
2010 1455 2077 1504 fas

232 1527 321 1590 est,
358 1543 408 1578 ut
441 1546 540 1596 qua:
575 1533 663 1595 jam
698 1529 876 1596 propria
911 1529 1141 1578 voluntate
1175 1543 1353 1575 omnem
1389 1527 1493 1574 vitae
1526 1525 1843 1591 jucunditatem
1862 1525 2077 1594 deposuit,

234 1602 279 1646 δε
314 1616 441 1659 eam,
476 1616 574 1665 quae
609 1599 670 1647 est
705 1597 939 1648 secundum
977 1602 1154 1658 Deum,
1190 1600 1294 1646 vitae
1330 1594 1507 1659 agendae
1533 1598 1747 1646 rationem
1764 1598 1962 1664 amplexa
1987 1596 2074 1656 est,

236 1667 456 1735 firmisque
491 1685 542 1716 ac
579 1669 802 1718 stabilibus
840 1668 1081 1719 rationibus
1117 1684 1213 1716 eam
1249 1666 1551 1728 confirmavit,
1588 1670 1631 1714 &
1666 1665 1731 1715 ita
1767 1666 1823 1715 ad
1860 1664 2077 1715 monaste-

235 1740 349 1786 rium
384 1737 580 1799 acceffit,
615 1756 691 1806 per
725 1757 854 1800 eum,
888 1741 969 1806 qui
1004 1741 1157 1788 interit
1193 1755 1244 1786 ac
1295 1739 1418 1799 fluit,
1455 1735 1665 1785 mundum
1692 1773 1705 1797 ,
1753 1754 1939 1803 quorum
1986 1741 2076 1802 jam

235 1806 377 1856 oblita
411 1822 532 1867 erat,
566 1812 823 1858 memoriam
860 1824 1061 1869 revocet,
1097 1812 1141 1857 &
1176 1825 1229 1856 ex
1263 1825 1317 1856 eo
1352 1824 1511 1874 anceps
1548 1806 1775 1867 reddatur,
1813 1811 1856 1855 &
1875 1812 1967 1873 ejus
1983 1810 2078 1855 ani-

236 1895 311 1935 ma
345 1877 620 1946 perturbetur
657 1878 789 1928 instar
822 1878 1138 1929 exundantium
1175 1879 1404 1939 fluctuum,
1441 1877 1616 1945 hucque
1668 1882 1711 1926 δι
1746 1878 1850 1926 illuc
1903 1876 2073 1928 versan-

238 1951 381 1998 tium:
433 1953 500 1999 Ut
533 1966 618 1998 nec
664 1967 997 2018 nonnumquam
1047 1950 1288 2017 lacrymam
1337 1949 1572 2008 emittens,
1621 1947 1766 1997 cordis
1802 1966 1882 2015 per
1917 1966 2076 2017 corpus

236 2021 617 2087 compund'tionem
651 2020 877 2080 ostendat5
914 2018 987 2070 sed
1021 2019 1099 2069 etsi
1133 2021 1287 2083 exigua
1322 2020 1498 2086 aliquo,
1534 2033 1583 2068 ut
1619 2017 1682 2067 est
1708 2017 2075 2080 consentaneum,

237 2087 435 2156 lacryma
469 2090 680 2149 exilierit,
717 2108 807 2139 non
843 2093 984 2153 magis
1017 2105 1197 2157 propter
1232 2088 1527 2148 affectionem,
1578 2106 1711 2155 quam
1762 2088 1924 2138 habent
1973 2108 2074 2156 pro-

234 2173 336 2226 pter
370 2160 720 2207 exercitatorium
747 2175 987 2219 certamen,
1028 2177 1162 2229 quam
1198 2158 1429 2228 propterea
1466 2158 1589 2226 quod
1624 2156 1834 2208 mundum
1870 2164 1914 2209 δε
1950 2177 2076 2209 mun-

235 2226 350 2278 dana
383 2229 656 2296 relinquant,
691 2247 743 2279 ea
779 2229 804 2279 a
839 2229 1091 2281 videntibus
1127 2228 1340 2299 profluiffe
1375 2228 1573 2285 videtur,

542 2526 1223 2614 CANON
1347 2530 1706 2620 XLVI.

418 2747 497 2792 Uae
532 2746 671 2794 vitam
694 2747 1043 2795 exercitatoriarn
1070 2748 1263 2811 eligunt,
1299 2765 1345 2798 et
1383 2752 1428 2797 in
1465 2747 1736 2799 monasteriis
1774 2747 1869 2796 sunt
1906 2747 2066 2797 consti-

241 2747 577 2937 Qtutae,
611 2833 665 2864 ne
695 2816 875 2865 omnino
903 2817 1258 2884 progrediantur.
1295 2822 1337 2867 Si
1369 2837 1457 2887 qua
1484 2836 1629 2868 autem
1666 2818 1889 2868 inorabilis
1926 2818 2068 2869 neces-

464 2884 562 2933 sitas
598 2884 654 2934 ad
681 2886 766 2936 hoc
794 2888 956 2948 trahit,
993 2906 1091 2938 curn
1127 2889 1428 2953 benedictione
1453 2907 1496 2940 et
1522 2889 1790 2958 permistione
1815 2891 1929 2952 ejus,
1966 2908 2065 2955 quae

239 2951 407 3018 praeest,
443 2955 526 3003 hoc
552 2972 711 3019 agant,
747 2973 939 3024 tuncque
966 2976 1054 3007 non
1082 2957 1179 3008 solae
1206 2979 1283 3027 per
1313 2960 1379 3020 se,
1415 2960 1488 3011 sed
1503 2978 1604 3010 eum
1634 2958 1850 3025 aliquibus
1870 2962 2030 3009 vetulis
2048 2997 2063 3020 ,

239 3037 283 3069 et
306 3038 403 3087 quae
427 3023 472 3070 in
497 3026 759 3075 monasterio
788 3030 938 3094 primae
965 3028 1072 3087 sint,
1109 3047 1208 3077 cum
1239 3030 1449 3080 mandato
1475 3036 1595 3096 ejuS,
1634 3046 1729 3096 quae
1746 3028 1948 3079 Praefe&a
1971 3030 2062 3079 est.

238 3093 314 3138 Eis
349 3107 495 3140 autem
520 3095 702 3144 omnino
726 3114 846 3146 extra
870 3097 1030 3148 cubare
1054 3116 1143 3148 non
1174 3101 1276 3148 licet
1299 3136 1311 3147 .
1345 3099 1424 3149 Sed
1465 3116 1511 3150 et
1543 3101 1650 3158 viri,
1697 3101 1774 3165 qui
1800 3101 1939 3149 vitam
1970 3118 2063 3149 mo-

237 3159 445 3211 nasticam
466 3162 801 3231 persequuntur,
824 3184 1003 3232 urgente
1026 3169 1298 3231 necestitate,
1333 3185 1378 3218 et
1405 3170 1481 3237 ipfi
1505 3186 1605 3220 cum
1633 3168 1927 3219 benedictione
1944 3175 2034 3236 ejus
2049 3207 2063 3229 ‚

236 3233 308 3279 cui
338 3233 528 3294 regimen
550 3234 764 3285 creditum
789 3236 876 3297 est,
902 3240 1166 3304 procedant.
1210 3239 1506 3307 Qamobrem
1527 3276 1540 3301 ,
1580 3241 1658 3306 qui
1698 3238 2064 3303 transgrediuntur

237 3299 309 3361 id,
336 3300 457 3368 quod
481 3300 543 3351 est
574 3321 684 3352 nunc
711 3303 736 3352 a
761 3305 885 3354 nobis
908 3306 1132 3360 decretum
1156 3347 1168 3370 ,
1195 3309 1281 3360 five
1307 3310 1388 3359 sint
1414 3311 1497 3360 viri
1521 3347 1534 3371 ,
1573 3309 1659 3359 five
1686 3312 1915 3374 mulieres,
1959 3326 2061 3362 cono

238 3372 510 3421 venientibus
538 3378 676 3440 poenis
703 3369 1006 3439 subjiciantur.

337 3441 444 3484 christ.
464 3446 545 3486 Lupi
555 3449 641 3488 oper.
655 3448 733 3479 Tam.
746 3448 803 3479 ΙΙΙ.
1602 3449 1639 3485 N
1687 3457 1720 3488 a„
1936 3446 2013 3483 CA-
