2340 3762
73 2364 170 2399 L.3.c-
184 2373 207 2394 1.

708 167 774 197 DE
811 166 979 197 sex-ra
1013 142 1258 195 §mono
1291 161 1614 193 GENERALl.

255 241 311 277 An
333 240 481 285 operatio
511 240 701 275 Dei-virilis
719 264 730 281 ,
757 237 832 274 licet
858 238 964 273 revera
989 236 1130 281 duplex,

251 291 347 335 possit
359 291 426 325 dici
439 303 503 326 una
513 290 688 334 composita
705 315 716 331 ,
740 288 910 334 quomodo
921 286 1056 332 quidam
1070 286 1130 321 du-

249 341 373 384 plicem
393 341 535 377 Domini
557 351 702 374 naturam
725 339 838 374 dixere
859 350 959 373 unam
970 337 1126 381 composi·

249 392 341 425 tam?
368 391 508 426 Videtur
538 389 684 434 Pyrrhus
702 400 771 424 non
793 388 877 423 male
897 386 1014 422 dixisse
1038 386 1125 422 hanc

248 440 464 484 quaestionem
484 441 547 475 esse
568 440 669 474 solius
691 439 855 480 nominiS,
881 437 1029 481 adeoque
1050 448 1128 472 con-

249 491 481 531 temnendam,
507 488 623 532 quod,
642 490 721 525 teste
731 488 894 539 Gregorio
906 488 1122 523 Nazianzeno

248 539 287 573 in
297 540 413 575 litteris
430 540 471 574 ad
490 539 714 582 Cledonium,
741 549 809 574 non
830 539 865 572 in
888 536 1045 579 vocibus,
1071 536 1126 572 sed

249 589 288 624 in
298 590 394 624 rebus
403 590 481 625 solis
491 592 606 625 veritas
617 587 799 625 Christiana
809 587 978 623 consistat.
1005 588 1125 622 Parum

247 639 321 681 est,
343 639 463 683 quibus
472 640 608 675 vocibus
619 638 836 684 exprimatur.
862 637 1059 681 Respondeo
1080 647 1126 672 ta-

247 699 326 724 men
335 688 403 725 dici
413 701 482 724 non
494 691 581 734 posse
590 714 598 722 .
624 689 745 727 Omnis
756 688 874 734 quippe
884 688 1024 722 Domini
1037 698 1127 723 com-

247 739 366 782 pofitio
376 739 470 774 estin
481 740 550 774 sola
559 739 755 784 Hypostasi,
781 750 989 783 nequaquam
1011 739 1047 772 in
1071 749 1126 771 na-

246 799 319 824 tura
331 794 388 825 aut
397 791 606 835 operatione,
632 790 681 824 uti
699 789 790 833 supra
800 788 942 823 diximus
954 799 994 822 ex
1006 788 1124 823 Sanno

246 836 376 882 Ioanne
394 840 624 879 Damascene,
649 839 684 873 ἀ
703 837 859 874 Facundo
878 838 1123 873 Hermianensi.

244 887 293 922 Et
309 888 367 921 ille
386 885 631 931 Acephalorum
660 890 714 923 seu
736 887 1124 932 Semi-Eutychianorum

244 936 368 976 claffis,
392 948 462 982 quae
473 937 553 973 duas
574 938 717 984 integras
736 949 774 973 ae
785 938 972 972 inconfusas
993 939 1029 972 in
1053 939 1126 972 Do·

243 985 340 1021 mino
349 987 511 1026 fatebatur
520 997 652 1023 naturas
665 1013 676 1030 ‚
701 988 812 1023 unitas
833 996 942 1023 tamen
963 988 999 1022 in
1022 999 1123 1022 unam

244 1037 460 1081 compositam
467 1061 479 1078 ,
502 1039 690 1074 manserunt
700 1037 842 1074 omnino
854 1036 1107 1081 Eutychianistae
1115 1061 1127 1077 ‚

245 1085 325 1121 dieti
337 1086 582 1133 Monophysitae
596 1114 603 1121 .
632 1089 814 1124 Rationem
826 1086 916 1123 dedit
927 1086 1100 1123 Facundus
1114 1112 1124 1127 ,

245 1134 337 1180 quod
348 1147 468 1173 naturae
479 1139 543 1173 illae
552 1139 592 1174 ad
603 1138 743 1173 invicem
757 1138 947 1174 naturaliter
956 1147 1121 1182 tamquam

245 1195 351 1230 partes
360 1199 430 1223 non
439 1188 652 1224 ordinentur:
679 1189 748 1236 Qi
770 1189 856 1224 ordo
876 1200 937 1224 nec
947 1189 1033 1223 inter
1048 1198 1124 1233 ope-

243 1235 390 1272 rationes
399 1239 573 1284 reperitur.
601 1238 673 1287 Qi
694 1238 797 1274 hodie
816 1238 996 1274 naturalem
1017 1235 1124 1282 hujus-

244 1286 338 1322 modi
347 1288 499 1324 ordinem
508 1291 664 1334 spernnnt
672 1313 685 1331 ,
709 1289 744 1324 δε
754 1290 900 1324 animam
909 1288 1102 1323 rationalem
1113 1311 1124 1326 2

243 1346 444 1382 omnemque
465 1338 564 1372 aliam
585 1338 830 1370 substantialem
852 1337 992 1369 formam
1016 1335 1125 1369 existi·
1146 1339 1148 1341 '

243 1394 337 1420 mant
354 1386 390 1421 δε
407 1386 450 1421 ad
469 1385 568 1430 partis
587 1385 622 1419 δε
640 1385 683 1419 ad
709 1385 812 1418 totius
829 1385 991 1417 rationem
1000 1384 1064 1416 esse
1075 1383 1123 1415 in·

242 1430 447 1468 differentem
458 1452 471 1470 ,
496 1431 626 1463 &hanc
644 1438 700 1464 aut
709 1429 800 1463 illam
812 1429 931 1463 sortem
942 1429 1007 1464 illis
1026 1429 1045 1463 ὲ
1057 1440 1123 1463 me-

240 1488 281 1514 ro
299 1478 443 1514 Domini
465 1477 633 1514 Creatoris
657 1475 792 1513 arbitrio
814 1479 1009 1522 provenire,
1045 1478 1123 1513 faede

240 1528 404 1564 acmisere
413 1526 675 1565 hallucinantur.
701 1527 830 1563 Dicunt
841 1528 882 1563 de
904 1527 1123 1573 Monophyfi-

241 1578 287 1614 tis
298 1603 311 1620 ,
334 1577 427 1623 quod
435 1579 570 1614 Sanetus
581 1578 717 1623 Prosper
726 1577 744 1612 a
757 1577 927 1613 Collatore
937 1578 1001 1613 dici
1013 1577 1122 1612 doluit

242 1628 286 1664 de
296 1627 502 1674 pelagianis.
529 1633 568 1663 In
591 1640 657 1663 eum
682 1629 789 1664 aarum
813 1629 958 1664 deducere
988 1628 1122 1670 Ecclefiae

242 1675 365 1720 causam
382 1680 538 1712 moliuntur
549 1704 561 1719 ‚
586 1688 619 1713 ut
629 1680 703 1712 dum
714 1677 821 1719 nestros
831 1680 984 1721 affirmant
1002 1690 1060 1712 non
1073 1690 1123 1712 ve»-

244 1724 354 1768 racirer
370 1735 430 1775 pre
442 1733 547 1771 gratier
571 1729 698 1770 locatos,
723 1733 856 1762 inimicos
870 1735 985 1772 gratiae
1002 1726 1122 1772 persua-

245 1777 339 1810 deant
345 1776 451 1818 injuste*
461 1778 619 1811 damnatos
632 1803 638 1809 .
668 1779 721 1811 Ex
732 1779 814 1812 falsis
827 1789 882 1812 aut
893 1778 978 1813 certe
989 1778 1121 1813 caducis

242 1825 411 1870 principiis
430 1826 547 1862 dicunt
562 1827 735 1862 damnatos
752 1827 1024 1871 Monophysitas-
1052 1827 1122 1862 Ad-

244 1876 296 1910 dit
322 1876 497 1911 Facundus
520 1875 680 1921 ejusmodi
710 1874 958 1921 Philosophiam
992 1877 1121 1921 penitus

244 1926 545 1972 olereOrigenem‚
572 1928 631 1972 qui
649 1928 773 1962 animas
784 1927 909 1962 nostras
931 1927 1015 1962 dixit
1035 1927 1121 1971 prius

243 1974 337 2010 fuisse
348 1976 464 2012 totales
485 1987 631 2019 mentes,
655 1978 690 2012 δε
710 1978 728 2012 a
750 1978 882 2013 vindice
893 1978 968 2013 Deo
990 1978 1120 2012 transire

242 2025 384 2069 juffisin
406 2026 532 2062 animas
542 2030 596 2063 seu
608 2038 712 2072 partes
724 2054 732 2062 .
758 2028 877 2072 Neque
894 2027 961 2062 haec
980 2027 1025 2062 est
1041 2038 1122 2071 quae-

242 2074 308 2109 stio
320 2074 362 2110 de
383 2077 454 2111 solo
475 2079 634 2112 nomine.
660 2078 705 2112 Et
725 2078 759 2111 in
780 2077 922 2112 Ecclefia
942 2078 1005 2112 effe
1025 2077 1120 2112 debet

243 2135 317 2159 non
343 2125 553 2161 solummodo
563 2129 683 2161 rectum
696 2126 816 2171 dogma
829 2152 839 2167 ,
865 2128 918 2161 sed
936 2127 971 2160 dc
986 2127 1119 2161 verbum

243 2174 360 2208 sanum
386 2184 483 2218 atque
505 2175 799 2219 irreprehensibile,
826 2188 868 2211 ne
891 2178 925 2211 δε
944 2187 1005 2211 nos
1025 2176 1119 2212 Chri-

244 2223 330 2258 stum
349 2224 536 2261 Dominum
549 2224 615 2267 jam
636 2227 672 2260 in
693 2226 784 2260 coelis
795 2234 986 2271 regnantem
998 2249 1009 2265 ‚
1029 2227 1117 2271 quod

244 2273 282 2308 in
299 2272 390 2307 libris
410 2274 453 2308 ad
473 2274 599 2319 Regem
618 2275 877 2310 Trafimundum
901 2285 1014 2311 monet
1036 2275 1118 2311 serio

244 2322 379 2359 Sanstus
400 2322 614 2369 Fulgentius,
639 2326 787 2368 perversae
810 2326 988 2361 locutionis
1005 2326 1116 2362 lancea

243 2380 480 2416 percutiamus.

295 2420 402 2457 Addit
420 2423 455 2457 in
476 2423 592 2459 litteris
600 2423 640 2459 ad
658 2425 914 2461 Constantinum
931 2425 1117 2472 Augustum

244 2473 379 2508 Sanctus
389 2471 528 2518 Agatho
537 2473 710 2510 Pontifex.
736 2478 790 2508 Ex
799 2476 922 2519 diverfis
933 2501 944 2517 ,
970 2488 1054 2521 quos
1065 2478 1116 2512 ad-

243 2522 402 2563 duxerat,
421 2523 626 2565 probabilibus
655 2524 795 2558 Patribus
811 2526 885 2568 fidei
917 2531 1030 2561 veritas
1056 2528 1117 2561 cla-

245 2578 307 2606 ruit
319 2596 330 2612 ,
355 2572 422 2605 licet
432 2578 546 2617 exiguis
555 2574 742 2615 testimoniis:
769 2578 854 2619 ,Quia
875 2588 938 2610 rem
958 2585 1092 2619 apertam
1104 2601 1116 2618 ,

242 2623 281 2656 ό·
306 2620 437 2655 omnibus
457 2625 591 2665 claram,
620 2627 730 2658 Patres
752 2626 920 2659 laudabiles
938 2625 1116 2669 firperfluum

242 2669 460 2715 gffecensebant
469 2674 600 2716 dtfferere
613 2698 622 2706 .
649 2676 729 2718 ,Quis
738 2679 838 2716 enlm,
863 2677 930 2708 licet
954 2678 1063 2709 tardus
1076 2676 1116 2718 fit

242 2721 290 2754 ad
296 2722 540 2765 intelligentiam,
566 2735 623 2756 non
634 2725 739 2758 videar
755 2725 836 2767 quod
851 2724 982 2759 omnibus
1003 2733 1090 2768 patet
1101 2726 1117 2758 ‚2

243 2771 330 2815 ,QuIa
354 2772 519 2814 impoffibile
541 2774 687 2807 &contra
707 2775 839 2808 ordinem
859 2775 1026 2815 naturaeest
1041 2777 1117 2819 poffe

240 2823 294 2864 effe
305 2828 443 2856 naturam
453 2824 487 2856 &
497 2829 690 2865 operationem
700 2835 756 2857 non
766 2823 874 2858 babere
888 2833 1006 2859 naturae
1018 2851 1025 2858 .
1049 2825 1116 2859 Ad·

243 2869 370 2905 versum
382 2869 524 2906 Arianos
534 2898 546 2914 ‚
560 2872 818 2917 Apollinaristas,
827 2885 924 2919 atque
937 2874 1117 2918 Eutychia-

246 2929 307 2953 nos
318 2921 526 2957 ostenderunt
537 2923 648 2958 Patres
666 2925 728 2958 effe
738 2923 818 2959 duas
837 2923 873 2959 in
893 2923 1027 2960 Christo
1050 2926 1117 2960 Do.

246 2967 339 3003 min'o
349 2980 478 3006 naturas
488 2972 598 3016 plenas
617 2983 718 3017 atque
736 2974 876 3019 integras
894 2975 973 3009 citra
985 2985 1116 3009 omnem

246 3018 470 3055 confusionem
481 3033 518 3056 ac
532 3023 774 3058 mutilationem
785 3046 796 3063 ,
820 3025 923 3058 securi
940 3036 980 3058 ex
992 3024 1116 3059 duabus

247 3066 372 3122 naturis
391 3070 479 3113 sequi
511 3072 546 3106 δε
567 3070 648 3107 duas
666 3074 890 3117 operationes,
915 3073 1050 3118 ideoque
1075 3074 1115 3109 de

247 3119 491 3159 operationibus
510 3131 578 3156 non
589 3122 728 3158 omnino
738 3122 831 3167 plene
841 3125 973 3159 fuerunt
992 3125 1094 3158 locuti
1107 3150 1113 3156 .

249 3163 467 3201 Crediderunt
475 3170 542 3203 fieri
554 3182 622 3206 non
634 3174 719 3215 posse
732 3197 743 3214 ,
768 3182 805 3207 ut
815 3174 887 3217 quis
898 3174 1020 3217 sapiens
1040 3173 1114 3209 dua-

248 3213 309 3250 bus
318 3215 451 3260 integris
459 3219 580 3253 naturis
589 3222 720 3256 unicam
739 3223 962 3266 operationem
972 3224 1047 3258 esset
1056 3236 1115 3259 un-

243 3273 346 3309 quam
365 3265 597 3310 adscripturus.
622 3269 654 3303 A
676 3271 797 3306 Sanctis
809 3270 1008 3314 Athanasio,
1035 3273 1110 3308 Gre-

245 3314 342 3358 gorio
350 3314 564 3350 Nazianzeno
574 3341 586 3357 ,
605 3318 767 3362 Gregorio
778 3320 928 3363 Nysseno
939 3346 951 3362 ‚
976 3331 1031 3357 aut
1042 3323 1110 3358 ullo

244 3363 391 3399 Douore
411 3363 600 3401 orthodoxo
619 3367 699 3402 absit
719 3368 778 3402 ista
804 3369 961 3405 infamia.
987 3370 1110 3407 Eorum

241 3411 329 3451 dina
354 3413 390 3447 in
416 3414 554 3458 speciem
576 3415 674 3451 dubia
695 3428 865 3461 exponunt
885 3421 1016 3457 sanstus
1040 3422 1110 3457 Ma-

339 3461 450 3505 cbrss.
466 3468 545 3510 Lup1
552 3470 640 3510 oper.
653 3470 732 3502 rom.
743 3465 799 3502 111.

1944 167 1960 197 1
1974 164 2002 210 7

1190 235 1314 275 ximus,
1356 233 1495 268 Martini
1531 231 1704 267 Pontificis
1736 233 1913 276 Romana,
1945 237 1981 270 δε
2005 233 2070 271 haec

1191 285 1300 320 nostra
1321 283 1475 327 Synodus
1496 283 1531 317 in
1556 282 1634 317 fidei
1654 282 1801 318 decreto.

1239 335 1416 369 Decretum
1439 333 1505 368 hoc
1530 334 1704 367 confirmat
1730 333 1764 367 δε
1786 333 1987 377 Ephesinum
2007 335 2070 369 Ca-

1191 395 1314 419 nonem
1335 384 1376 419 de
1399 395 1468 418 non
1491 383 1660 418 alterando
1682 383 1868 426 Symbola,
1894 385 2071 428 denuoque

1190 434 1391 481 canonizans
1404 432 1489 467 hanc
1501 433 1755 477 propositionem
1768 445 1775 464 :
1801 436 1883 466 Unus
1894 435 1911 466 e*
1922 436 2070 467 Trinitate

1189 484 1227 525 est
1237 483 1409 525 crucifixus.
1436 482 1596 516 Videatur
1609 493 1699 518 totus
1721 483 1834 518 tertius
1857 483 1938 517 liber
1961 483 2077 517 Sancti

1186 533 1355 578 Fulgentii
1377 532 1419 566 ad
1429 531 1687 566 Trasimundum
1716 533 1845 578 Regem
1857 557 1869 574 ,
1894 530 2071 568 ostendens

1186 584 1374 617 Dominum
1386 582 1499 627 gloriae
1523 582 1558 615 &
1570 584 1734 615 austorem
1749 582 1823 616 vitae
1833 582 1975 618 omnino
1986 581 2070 617 reae

1187 633 1253 667 dici
1266 633 1390 677 passum
1401 656 1411 673 ,
1437 642 1470 666 at
1486 641 1540 675 per
1549 642 1679 665 carnem
1703 632 1758 664 seu
1772 631 1808 664 in
1822 644 1917 667 carne
1926 657 1938 674 ,
1962 633 1996 667 δε
2008 631 2069 672 ita,

1187 692 1223 717 ut
1233 683 1326 717 Deus
1336 681 1482 718 Verbum
1493 693 1564 716 non
1575 680 1672 715 fuerit
1684 681 1868 723 compassus
1883 707 1890 714 .
1915 681 2078 717 Ostendit⁴

1186 735 1309 776 paffum
1321 733 1356 766 in
1368 743 1465 766 carne
1474 756 1486 772 ,
1506 743 1575 766 non
1586 742 1663 765 curn
1675 741 1772 764 carne
1782 755 1790 762 .
1818 730 1863 764 Et
1879 730 1957 765 hinc
1970 741 2070 775 patet,

1186 794 1243 817 cur
1264 794 1324 827 pro
1340 781 1497 816 Nestorio
1518 781 1632 815 devius
1653 777 1887 815 Theodoretus
1906 781 2072 826 integrum

1186 833 1270 876 apud
1293 829 1452 867 Photium
1479 832 1514 865 in
1539 828 1749 865 Bibliotheca
1767 828 1890 864 librum
1912 831 2071 873 scripserit

1188 882 1359 918 adversum
1371 880 1580 916 orthodoxos
1593 880 1758 916 dicentes:
1786 880 1915 915 Verbum
1930 889 1987 922 per
2006 892 2072 914 car-

1187 943 1253 967 nem
1259 932 1372 976 paffum
1382 931 1420 972 est
1432 955 1440 964 .
1468 930 1686 966 Existimabat
1696 930 1738 967 ab
1761 930 1809 966 eis
1820 929 1911 979 asseri
1921 929 2071 965 Verbum

1189 982 1326 1027 patienti
1357 981 1449 1017 carni
1462 982 1555 1017 fuisse
1575 982 1799 1026 compassum,
1826 980 1998 1025 quomodo
2022 981 2072 1015 so-

1188 1033 1233 1067 let
1244 1033 1355 1067 anima
1366 1033 1426 1067 suo
1436 1032 1582 1076 corpori.
1610 1031 1660 1066 Ea
1669 1032 1758 1066 enim
1770 1032 1847 1065 sunt
1867 1029 1982 1065 deliria
2004 1030 2071 1065 bla-

1188 1080 1306 1127 phema
1317 1082 1518 1117 Arianorum
1543 1093 1582 1117 ac
1592 1080 1900 1125 Apollinaristarum
1913 1104 1925 1120 ,
1950 1080 1991 1115 de
2003 1081 2073 1122 qui-

1188 1132 1246 1168 bus
1257 1132 1423 1176 Cyrillum
1432 1130 1670 1169 Theodoretus
1680 1139 1762 1166 tune
1773 1127 1968 1167 infamabat.

1370 1307 1718 1355 CAPUT
1787 1311 1884 1355 IV.

1325 1424 1542 1488 Exponitur
1575 1421 1918 1470 Monothelitarum

1507 1489 1710 1559 1²⁷·0grtffi1s
1723 1529 1736 1540 -

1274 1627 1452 1662 Heodorus
1471 1626 1709 1663 Pharanitanus
1730 1639 1768 1663 ac
1794 1629 1923 1675 Sergius
1936 1629 2073 1673 Episcoa.

1299 1689 1358 1722 pus
1368 1677 1755 1723 constantinopolitanus
1779 1681 1904 1714 faetores
1924 1679 1985 1714 hos
1998 1692 2067 1716 mo-

1185 1739 1256 1761 vere
1279 1736 1444 1771 coeperunt
1464 1737 1540 1761 ante
1561 1739 1685 1773 annum
1709 1729 1853 1763 Domini
1879 1731 2070 1765 sexcentesi-

1183 1787 1274 1811 mum
1284 1777 1447 1811 decimum
1460 1778 1586 1811 sextum
1598 1803 1605 1810 .
1637 1779 1772 1812 Etenim
1784 1803 1794 1819 ,
1821 1779 1994 1823 quomodo
2018 1782 2069 1814 su-

1185 1826 1238 1870 pra
1255 1825 1438 1860 audivimus
1474 1826 1492 1860 a
1517 1828 1633 1861 Sansto
1649 1829 1827 1869 Maximo,
1852 1841 1966 1864 eorum
1994 1830 2067 1864 scri-

1183 1887 1237 1920 pta
1258 1877 1391 1911 Sanetus
1418 1878 1558 1920 Ioannes
1592 1878 1877 1922 Eleemosynarius
1914 1879 2063 1925 Georgio

1182 1926 1263 1960 Arsa
1285 1927 1404 1969 eripuit
1418 1951 1430 1967 ,
1454 1927 1495 1961 ab
1515 1928 1584 1971 ejus
1614 1929 1846 1974 degradatione
1873 1930 2064 1973 exequenda

1183 1976 1359 2020 impeditus
1378 1988 1433 2020 per
1451 1987 1578 2021 captam
1601 1978 1728 2012 &Persis
1741 1980 1906 2014 civitatem
1921 1980 2066 2014 Alexan-

1182 2026 1309 2061 drinam
1322 2052 1332 2067 ,
1359 2038 1458 2071 quam
1482 2039 1609 2071 captam
1633 2028 1726 2063 fuisse
1739 2035 1828 2062 anno
1844 2030 1986 2064 Domini
1999 2032 2066 2063 sex-

1182 2077 1359 2111 centesimo
1369 2076 1498 2111 decimo
1519 2077 1609 2111 sexto
1624 2102 1634 2117 ,
1660 2080 1751 2112 sexto
1773 2079 1926 2113 Heraclii
1947 2079 2065 2125 Augu-

1182 2126 1220 2160 sti
1232 2151 1243 2167 ,
1269 2126 1413 2161 scribunt
1424 2124 1647 2170 Theophanes
1659 2152 1670 2167 ‚
1693 2127 1859 2174 Georgius
1871 2129 2040 2164 Cedrenus
2051 2154 2065 2170 ,

1180 2176 1214 2210 ἀ
1227 2174 1419 2210 Chronicon
1434 2175 1695 2211 Alexandrinum
1706 2202 1714 2210 .
1742 2177 1903 2213 Attamen
1915 2190 1984 2214 non
1996 2192 2064 2214 cre-

1180 2226 1318 2260 diderim
1341 2227 1496 2260 Sanctum
1518 2226 1680 2269 Ioannem
1693 2253 1704 2270 ‚
1733 2229 1823 2271 quod
1847 2230 1882 2263 in
1906 2229 1993 2264 notis
2019 2231 2063 2264 ad

1180 2275 1247 2319 ejus
1268 2275 1371 2310 vitam
1389 2275 1458 2309 vult
1479 2276 1619 2319 Ioannes
1631 2277 1810 2313 Bollandus
1824 2303 1835 2318 ,
1856 2289 1936 2313 tunc
1949 2279 2061 2315 statim

1180 2326 1296 2371 fugisse
1317 2325 1352 2359 in
1384 2325 1530 2369 Cyprum
1543 2350 1554 2366 ,
1579 2327 1718 2362 insulam
1740 2328 1881 2363 natalem
1896 2351 1910 2369 ,
1941 2330 2062 2366 eodem

1178 2387 1268 2410 anno
1290 2373 1481 2411 defunctum
1509 2375 1651 2417 ibidem,
1677 2375 1820 2420 ideoque
1846 2377 2062 2423 Episcopatui

1178 2426 1270 2460 fuisse
1293 2425 1463 2459 admotum
1487 2436 1576 2459 anno
1586 2427 1730 2461 Domini
1753 2427 1984 2463 sexcentesimo
1996 2430 2063 2464 sex-

1178 2485 1237 2516 to,
1264 2473 1321 2509 sub
1331 2474 1472 2518 Imperio
1484 2474 1613 2518 Phoce.
1639 2476 1799 2511 Leontius
1818 2477 2061 2522 Neapolitanus

1178 2525 1358 2570 Episcopus
1380 2523 1497 2559 diserte
1508 2525 1590 2560 dicit
1601 2536 1791 2570 promotum
1805 2527 1864 2562 sub
1877 2528 2066 2565 Heraclio..

1178 2576 1223 2610 Et
1233 2585 1325 2621 capta
1337 2574 1536 2610 Alexandria
1558 2587 1639 2610 mox
1652 2577 1687 2610 in
1699 2578 1836 2621 patriam
1856 2579 1968 2624 fugere
1989 2578 2061 2614 olet

1178 2624 1349 2660 hominem
1381 2625 1615 2659 mercenarium
1637 2651 1648 2666 ,
1685 2637 1891 2672 nequaquam
1927 2628 2060 2664 tantum

1178 2674 1394 2720 Episcopum.
1420 2674 1488 2709 Sub
1506 2675 1672 2711 Persarum
1693 2677 1857 2712 barbarica
1870 2678 2059 2721 captivitate

1178 2733 1363 2770 gementem
1387 2724 1544 2769 populum
1576 2737 1781 2771 nequaquam
1807 2727 1978 2772 dereliquit
2001 2729 2058 2764 sua

1178 2775 1293 2820 sponte
1307 2800 1319 2815 ,
1343 2775 1395 2808 sed
1406 2775 1623 2819 quadriennio
1641 2777 1711 2819 post
1733 2777 1922 2812 crediderim
1946 2777 2057 2811 nescio

1177 2837 1239 2869 qua
1250 2825 1292 2859 de
1301 2825 1394 2859 causa
1404 2824 1522 2859 abillis
1540 2827 1772 2870 proscriptum.
1801 2826 1952 2861 Civitatis
1972 2827 2056 2861 inte-

1178 2876 1238 2909 rim
1250 2875 1416 2910 calamitas
1425 2873 1599 2910 dormitare
1611 2877 1720 2920 coegit
1732 2875 1984 2911 Ecclefiasticam
2005 2877 2054 2910 di-

1179 2925 1369 2969 sciplinam,
1392 2934 1489 2970 atque
1500 2925 1545 2959 ita
1559 2925 1720 2968 Georgius
1735 2924 1812 2957 Arsa
1834 2925 1929 2959 evafit
1950 2925 2050 2959 mum

1177 2975 1418 3019 degradationis
1429 2999 1437 3006 .
1464 2974 1565 3008 Persae
1574 2986 1627 3018 per
1638 2985 1769 3007 omnem
1782 2975 1950 3009 Orientem
1961 2976 2050 3010 fuere

1177 3024 1304 3069 grassati
1317 3023 1470 3067 usquead
1493 3024 1670 3063 obsessam,
1694 3035 1790 3067 quam
1813 3023 1978 3059 visibiliter
1998 3036 2051 3069 ap-

1176 3085 1289 3117 parens
1325 3074 1466 3116 Deipara
1498 3073 1666 3112 defendit,
1702 3072 2050 3117 Constantinop011m‚

1176 3133 1312 3168 totoque
1331 3123 1409 3157 belli
1422 3132 1566 3166 tempore
1579 3122 1677 3166 usque
1696 3122 1737 3156 ad
1758 3123 1898 3157 Domini
1922 3135 2050 3160 annum

1177 3174 1439 3208 sexcentesimum
1472 3172 1658 3216 vigesimum
1684 3174 1836 3207 ostavum
1866 3175 2048 3217 compressa

1176 3222 1395 3258 haereticorum
1415 3232 1472 3255 ora
1497 3230 1666 3256 tacuerunt
1686 3247 1692 3254 .
1726 3222 1899 3264 Silentium,
1937 3223 2049 3259 scribit

1176 3273 1216 3307 ad
1230 3271 1422 3305 Honorium
1433 3270 1631 3306 Pontificem
1645 3271 1773 3316 Sergius
1783 3295 1792 3311 ‚
1804 3283 1841 3306 ex
1853 3274 1903 3306 illo
1921 3282 2050 3316 tempore

1175 3317 1465 3365 bujufinodisusbeplt
1475 3323 1644 3363 Capitulum
1653 3346 1661 3354 .
1689 3322 1786 3356 Dicto
1797 3333 1886 3357 anno
1895 3334 1935 3357 ex
1950 3323 2049 3358 Edes-

1175 3373 1247 3405 sena
1258 3370 1503 3405 Osrhoenorum
1520 3370 1700 3415 Metropoli
1723 3371 1764 3406 ad
1790 3373 1936 3417 Sergium
1956 3373 2047 3407 Con-

1174 3420 1498 3466 stantinopolitanum
1510 3421 1628 3464 scripsit
1649 3420 1814 3457 Persarum
1838 3422 1955 3502 Vistcg·
1976 3419 2048 3461 Au·¹

1567 3471 1599 3506 C
1880 3481 1924 3514 gn
1957 3478 1993 3503 us

2089 818 2117 847 L.
2131 820 2176 851 46.

2083 2186 2169 2214 [018.
2182 2194 2240 2221 c.5.
