2340 3762
648 169 834 213 INDex.
859 167 1097 222 Renum,
1131 178 1196 215 nr
1228 162 1601 211 venzonum.

236 274 241 278 .
280 253 512 299 vumservorum
522 255 581 285 Der·
592 248 800 294 scribendum
808 250 960 291 definivit
972 274 979 282 .
995 246 1108 296 2482.

224 305 408 351 Gregorius
423 302 696 344 Neocaesareenfis
709 300 913 341 lconoclasta
926 300 1109 344 resipiscens

276 355 417 400 graviter
428 355 718 398 accusatus.240.1.
736 349 1112 397 Sedirestitutus.24o.2.
1150 349 1151 357 ¹

229 403 641 450 GregoriusSyracusanus
652 400 805 436 electioni
813 400 845 443 S.
858 400 982 444 Ignatii
994 398 1109 444 injuste
1151 447 1153 450 ι

276 454 480 490 reclamavit.
510 461 588 498 322.
606 464 635 489 1.
660 452 801 487 Cereum
819 451 838 484 a
853 450 880 483 S.
895 450 1028 494 Ignatio
1050 449 1111 484 fibi
1151 468 1154 472 ·

277 504 409 539 miffum
429 502 567 545 abjecit.
598 501 677 538 ibid.
699 500 876 546 Depositus
894 500 940 535 ob
962 500 1124 542 crimina,

274 551 573 596 anathematizatur
582 578 590 586 .
979 558 1060 595 323.
1076 561 1105 588 1·

649 652 690 695 ,Η

338 753 443 796 Abitu
480 761 608 789 mutato
634 752 780 787 alienum
806 753 920 786 sexum
954 748 1111 789 mentiri,
1149 782 1152 786 ,

361 805 427 840 acri
438 803 684 847 reprehensione
695 802 834 847 dignum
848 814 855 834 :
882 799 986 836 imme>
1006 811 1048 834 ne
1059 798 1110 833 vel

978 851 1054 885 116.
1084 857 1110 890 ξ.

275 904 439 952 Qamvis
449 902 547 944 certis
565 900 688 940 casibus
699 901 794 934 liceat
820 896 980 940 ejusmodi
994 898 1111 932 immu-

276 847 436 889 inscena
463 854 558 895 facile
583 853 619 887 id
645 851 904 896 permittendum
930 876 938 882 .

273 954 360 985 tatio
371 974 379 982 .
1030 946 1108 981 ibid.

223 1000 361 1043 Haeresis
377 1000 411 1043 ὅς
421 996 557 1034 schisma
570 998 693 1041 semper
704 995 907 1043 Apostolicae
918 998 992 1033 Sedi
1015 999 1107 1032 reser-

276 1059 371 1085 vata.
638 1046 642 1050 “
866 1058 960 1095 23-2.
991 1048 1107 1096 376.1-

221 1100 401 1140 Haereseon
415 1098 523 1141 sordes
533 1108 722 1133 aranearum
734 1098 807 1133 telis
820 1097 991 1143 designatae
1000 1124 1009 1138 .
1020 1107 1107 1144 47.1.

220 1151 406 1185 Haereticus
418 1152 463 1185 est
476 1173 487 1188 ‚
515 1150 550 1183 in
564 1148 629 1183 fide
641 1147 761 1182 dubius
771 1174 778 1181 .
979 1157 1061 1196 390.
1077 1159 1107 1184 2·

221 1200 410 1243 Haereticus
427 1199 472 1242 est
485 1222 497 1239 ‚
523 1198 581 1243 qui
601 1197 749 1241 Ecclesiae
767 1198 926 1242 ¹Romanae
948 1210 1018 1242 non
1029 1208 1107 1232 con-

275 1248 407 1290 cordat.
533 1249 537 1253 ”
1004 1247 1060 1294 38.
1076 1260 1104 1284 1·

222 1300 384 1339 Haeretici
396 1299 436 1341 ad
448 1299 678 1344 disputandum
690 1300 810 1344 proni,
834 1310 892 1334 cur
904 1300 918 1332 ?
983 1309 997 1334 1
1006 1295 1060 1335 18-
1077 1310 1105 1336 1·

222 1350 383 1391 Haeretici
394 1349 506 1384 crebro
516 1351 586 1385 ficta
599 1350 798 1392 revelatione
813 1350 965 1384 nituntur
974 1373 982 1381 .
1004 1356 1061 1397 45·
1074 1360 1106 1385 2.

227 1399 386 1440 Haeretici
407 1400 648 1441 Ecclesiasticus
669 1400 710 1434 de
731 1398 973 1434 incontinentia
999 1399 1104 1433 solent

275 1450 443 1485 traducere
469 1475 481 1491 ‚
507 1450 648 1494 ideoque
672 1450 783 1484 omnis
808 1447 1002 1493 suspicionis
1026 1450 1103 1482 ansa

274 1499 423 1534 tollenda
434 1523 443 1538 ,.
860 1496 863 1500 ’
935 1506 1015 1543 204-
1031 1508 1058 1533 1·
1071 1508 1105 1533 2-

221 1547 382 1588 Haeretici
404 1548 441 1582 in
462 1547 607 1582 falsitatis
642 1547 929 1582 confirmationem
949 1548 1104 1580 miracula

276 1607 400 1641 patrare
410 1621 421 1638 ,
446 1605 480 1630 at
491 1597 602 1631 frustra
615 1620 627 1636 ,
652 1597 763 1640 saepius
775 1606 959 1631 tentarunt.
996 1606 1055 1643 45·
1069 1606 1105 1631 2·

224 1647 384 1688 Haeretici
396 1657 465 1680 non
480 1647 516 1681 in
529 1647 688 1681 unionem
700 1647 878 1690 recipiendi
890 1671 902 1688 ,
929 1645 981 1681 sed
996 1646 1036 1680 ad
1047 1645 1105 1680 fal·

277 1697 379 1732 sitatis
390 1696 599 1740 cierationem
608 1696 828 1741 compellendi
841 1722 848 1730 .
1022 1698 1056 1737 ό.
1072 1708 1102 1739 2.

224 1743 381 1784 Haeretici
403 1746 460 1790 qui
479 1746 520 1781 ad
531 1746 705 1782 Ecclesiam
717 1746 851 1786 reduces
870 1746 1081 1789 suscipiantur
1092 1770 1104 1787 ‚

275 1796 312 1831 in
325 1795 403 1835 Vll,
414 1796 552 1839 ¹Synodo
562 1795 777 1840 disceptatum
787 1822 795 1829 .
933 1793 1012 1843 238.
1032 1806 1060 1833 1·
1072 1806 1102 1830 2.

223 1845 379 1880 Haeretici
399 1846 507 1889 plures
524 1846 589 1880 sine
609 1847 778 1890 Baptismo
799 1844 842 1882 ad
862 1845 1037 1880 Ecclesiam
1051 1844 1105 1877 ad-

274 1895 381 1927 miffi:
400 1893 554 1941 ‘Qidam
566 1897 667 1931 etiarn
678 1896 743 1931 fine
756 1895 934 1931 Unstione
944 1919 953 1927 .
982 1895 1059 1930 160·
1076 1903 1102 1926 1·

224 1942 382 1978 Haeretici
394 1952 464 1986 quo
474 1945 539 1976 ritu
553 1947 588 1975 in
602 1946 779 1979 Ecclesiam
791 1944 912 1987 recepti
928 1970 936 1976 .
979 1951 1058 1988 342-
1073 1951 1102 1976 Ι-

221 1992 396 2028 Haereticis
406 1990 561 2028 familiare
572 1990 617 2024 est
630 2003 683 2034 per
696 1991 919 2035 juramentum
929 1992 1058 2036 plebem
1070 1991 1103 2024 in

274 2041 365 2074 suam
376 2038 553 2073 fastionem
564 2038 714 2080 pellicere
724 2062 732 2070 .
931 2040 934 2043 '
976 2049 1057 2086 275.
1074 2051 1102 2076 1.

224 2090 316 2126 Cum
327 2088 498 2123 Haereticis
513 2098 581 2121 non
595 2085 815 2122 altercandum
827 2113 835 2119 .
975 2097 1058 2136 390.
1075 2100 1103 2125 1.

222 2140 398 2176 Haereticis
407 2148 478 2174 tum
489 2136 630 2179 docendi
642 2162 654 2179 ,
665 2147 737 2173 tum
749 2136 896 2178 discendi
906 2138 1043 2177 facultas
1052 2139 1104 2174 de,-

274 2199 411 2236 negatur
423 2214 431 2222 .
976 2189 1057 2238 276.
1071 2202 1101 2228 2·

226 2242 464 2277 Haereticorum
475 2238 631 2274 librorum
644 2238 740 2273 1εᾶῐο
762 2238 798 2273 &
809 2238 948 2274 retentio
959 2239 1043 2274 olim
1054 2252 1102 2274 ve·

232 2310 234 2312 ·
273 2292 333 2326 tita
348 2317 355 2323 .
385 2290 507 2329 Unum
519 2288 682 2334 exemplar
696 2289 843 2328 Ecclesiae
863 2287 1001 2323 archivis
1019 2290 1102 2324 ind-i·

274 2351 364 2376 tum.
934 2349 1009 2385 194.
1026 2350 1054 2375 1.
1070 2353 1100 2378 2.

224 2391 468 2427 Haereticorum
502 2389 683 2434 loquacitas
715 2387 833 2426 merito
869 2389 1100 2438 compescitur.

279 2441 354 2477 118.
372 2452 402 2477 2.
429 2452 504 2486 1¹9·
525 2453 553 2477 1-

225 2491 463 2526 Haereticorum
477 2491 611 2526 nomina
624 2514 634 2530 ‚
663 2488 681 2523 ὲ
693 2487 858 2533 dyptichis
869 2490 952 2522 erasa
962 2503 974 2522 .·
999 2488 1102 2523 immo

233 2563 238 2568 -
275 2542 310 2576 &
330 2552 445 2575 eorum
469 2566 480 2581 ‚
505 2541 561 2585 qui
583 2538 732 2574 haetetica
755 2539 990 2577 communione
1010 2550 1100 2573 erant

274 2590 410 2635 polluti.
1000 2599 1055 2636 43.
1068 2599 1098 2624 2.

219 2641 458 2684 Hellespontus
476 2639 677 2684 Cypriorum
687 2638 909 2684 Metropolitae
932 2638 951 2672 ὲ
962 2637 1101 2673 Canone

271 2691 436 2736 trigesimo
466 2702 560 2728 nono
585 2689 748 2724 Trullano
785 2688 903 2734 injuste
928 2688 1099 2734 subjectus.

233 2755 238 2764 κ
299 2751 329 2776 2.
340 2749 370 2774 ι

222 2750 412 2826 3191ilarius
434 2790 469 2824 in
483 2792 512 2826 S.
523 2792 670 2825 Leonem
694 2790 794 2827 fastus
818 2788 933 2826 mitior
952 2789 1037 2826 inter
1047 2790 1098 2824 SS.

274 2838 452 2882 Episcopos
463 2839 603 2875 eminuit
614 2865 621 2872 .
974 2841 1051 2887 306.
1066 2851 1097 2876 2-

222 2886 425 2922 Hincmarus
446 2889 487 2924 ad
507 2889 680 2934 Synodum
706 2889 894 2926 Romanam
917 2897 1070 2925 evocatus
1088 2911 1099 2928 ‚

275 2948 343 2971 non
356 2940 538 2982 comparuit
551 2965 558 2971 .
975 2948 1054 2986 329.
1070 2951 1094 2975 1-

222 2985 422 3023 Hincmarus
469 2987 727 3035 autocephaliam
772 2987 860 3025 varie
906 2989 1075 3032 praetendit
1089 3013 1096 3020 .

278 3045 357 3082 294.
389 3048 418 3078 1.
453 3037 598 3073 Romam
622 3048 776 3074 evocatus
801 3063 814 3083 ,
850 3038 1093 3084 tergiversatus.

272 3086 353 3124 ibid.

221 3134 425 3171 Hincmarus
437 3136 558 3172 litteras
568 3139 768 3174 evocatorias
778 3140 994 3183 suppresserat,
1008 3137 1095 3174 ideo-

271 3197 334 3230 que
346 3187 487 3223 Canone
499 3188 628 3223 decimo
639 3190 776 3232 septimo
787 3189 879 3224 Vffl.
892 3189 1019 3233 Synodi
1033 3199 1096 3233 poe-

271 3247 322 3270 nae
358 3238 394 3270 in
427 3236 589 3283 ejusmodi
630 3238 855 3286 delinquentes
892 3240 1075 3276 statuuntur
1085 3266 1093 3272 .

274 3296 350 3332 299.
363 3297 392 3322 2.

221 3334 423 3372 Hincmarus
450 3336 525 3371 Vll.
553 3338 678 3381 synodi
704 3338 901 3375 adversarius
922 3364 929 3371 .
954 3348 1034 3386 251.
1061 3351 1090 3378 2.

231 3412 234 3417 .
275 3383 409 3420 Nicolai
428 3385 522 3431 Papae
531 3387 632 3424 hostis
645 3414 652 3421 .
679 3389 757 3432 Ejus
769 3390 946 3435 pertinacia
957 3412 969 3429 ‚
995 3390 1013 3422 ὲ
1027 3389 1093 3422 Ro-

270 3440 374 3471 mano
381 3435 544 3475 Pontifice
555 3450 660 3475 novos
670 3440 824 3475 Canones
835 3449 892 3476 aut
900 3437 1027 3476 decreta
1038 3439 1092 3475 edi

1879 184 1977 231 421

1223 256 1293 282 non
1306 247 1394 290 posse
1406 247 1625 283 existimavit·
1647 252 1725 289 262.
1732 264 1763 292 2.
1790 256 1826 290 ό·
1829 254 1908 300 seqq.
1930 259 1980 293 At
1991 259 2047 295 fal-

1223 296 1276 332 εὸ.
1303 299 1425 352 Ζῷα..
1439 296 1517 353 26⁴1.-
1534 310 1563 340 ,ι-
1586 297 1873 343 Canonisecundo
1885 307 2048 352 V111.Sy-

1224 347 1304 381 nodi
1315 347 1374 381 dm
1387 348 1602 386 recalcitravit
1612 374 1620 382 .
1923 359 2001 403 264.
2014 371 2048 395 2.

1151 399 1154 441 2
1174 397 1374 438 Hincmarus
1394 406 1467 432 toto
1486 397 1632 436 Canone
1648 397 1782 436 decimo
1802 402 1936 445 septimo
1956 406 2049 442 V111.

1223 447 1352 490 synodi
1364 447 1551 491 impetitus.
1783 460 1860 498 294
1877 461 1904 487 ι.
1924 458 1958 488 et
1960 456 2048 500 seqq.

1151 506 1154 509 ’
1173 497 1348 540 Hincmari
1357 497 1507 532 adversus
1522 498 1614 540 VIII.
1626 498 1800 550 synodum
1821 502 1913 536 nulla
1929 505 2052 540 lautho.

1223 548 1314 582 ritas.
1923 553 2004 601 296-
2017 565 2050 589 2.

1118 628 1122 634 s
1172 597 1361 640 Histriones
1380 596 1423 632 ab
1433 598 1583 638 Henrico
1593 597 1648 633 111.
1667 610 1709 640 ,ac
1719 600 1891 637 Frederico
1904 602 1943 637 11.
1961 602 1983 641 ,ὲ
1995 613 2051 637 nu-

1222 647 1298 691 ptiis
1309 647 1396 691 ejec'ti
1409 674 1417 682 .
1949 663 2004 701 79.
2016 666 2048 691 2.

1174 698 1348 732 Honorius
1368 709 1430 739 nec
1449 698 1677 740 Monothelita
1697 700 1759 735 suit
1772 723 1783 741 ,
1809 713 1870 737 nec
1885 714 1961 738 cum
1983 702 2049 737 illis

1222 747 1371 782 collusit.
1822 762 1878 788 20.
1896 765 1925 790 2.
1943 761 1999 797 31.
2013 762 2046 791 2·

1144 798 1347 832 r‘Honorius
1359 808 1467 833 tamen
1490 799 1525 833 in
1545 798 1737 844 extirpanda
1749 800 2049 837 Monothelitarum

1220 846 1345 889 haeresi,
1370 849 1808 894 negligentiaeinfimulatur.
1835 861 2046 888 20.2.21.2·

1172 895 1345 932 Honorius
1368 898 1459 943 *Papa
1477 900 1498 941 a
1520 899 1757 940 Monothelitis
1770 900 2044 945 circumscriptus.

1224 955 1276 982 10.
1289 959 1320 983 2.
1349 956 1447 990 2'0.1.

1147 1007 1150 1041 ζ
1172 994 1342 1030 Honorius
1353 997 1491 1039 publicis
1503 989 1694 1045 Ag'athonis
1702 1001 2048 1046 mandatisexemptus,

1219 1046 1344 1080 secretis
1357 1046 1502 1081 damnari
1515 1052 1679 1091 permissus
1692 1078 1699 1085 .
1801 1062 1819 1099 5
1829 1065 1855 1089 1.
1875 1064 1902 1089 1.
1926 1051 2046 1095 &seqq-

1170 1096 1346 1130 Honorius
1374 1104 1412 1129 ut
1438 1097 1543 1140 Sergii
1568 1098 1702 1136 >sectator
1726 1100 1879 1142 abjicitur
1905 1127 1912 1133 .
1940 1101 2048 1139 Male.

1217 1155 1273 1190 42·
1303 1157 1333 1182 1.

1171 1195 1317 1237 Honorii
1328 1207 1366 1231 ac
1377 1195 1482 1240 Sergii
1492 1195 1606 1239 litterae
1616 1205 1652 1231 ut
1664 1195 1820 1231 haereticae
1829 1198 2050 1235 condemnan-

1217 1254 1287 1280 tur.
1485 1255 1488 1258 ·
1947 1260 2003 1295 42.
2020 1259 2049 1284 1.

1170 1295 1317 1331 Honorii
1327 1296 1492 1332 decretum
1505 1307 1573 1331 non
1585 1298 1647 1333 fuit
1660 1296 1938 1342 condemnatum;
1960 1299 2049 1333 secus

1216 1345 1346 1381 ecthesis
1372 1346 1570 1382 Heracliana
1594 1371 1606 1388 ‚
1645 1359 1684 1388 ,ac
1709 1358 1807 1391 typus
1833 1348 2049 1390 Constantis,

1217 1398 1299 1431 cur?
1947 1410 2003 1446 27.
2018 1410 2048 1434 1.

1167 1446 1335 1480 Horarum
1357 1456 1490 1481 externa
1510 1448 1661 1487 ,recitatio
1674 1448 1782 1490 legem
1793 1447 2051 1481 Ecclefiasticam

1217 1506 1286 1530 non
1313 1495 1490 1539 adimplet.
1522 1507 1598 1544 137.
1630 1509 1660 1533 2.
1687 1495 1815 1535 Mentis
1838 1496 2051 1540 evagationes

1216 1547 1291 1578 sunt
1307 1546 1497 1579 voluntariae
1508 1546 1543 1578 in
1554 1547 1607 1579 sua
1620 1546 1715 1579 causa
1732 1571 1738 1576 .
1920 1554 1992 1593 137.
2019 1558 2048 1582 1.

1167 1595 1304 1637 Huffitae
1315 1595 1504 1629 sauciorum
1524 1595 1675 1638 reliquias
1696 1595 1941 1639 floccipendunt
1954 1620 1964 1635 ,
1992 1596 2049 1640 qui

1213 1654 1326 1683 tamen
1352 1644 1521 1679 femoralia
1561 1645 1695 1687 Joannis
1720 1645 1796 1683 Hus
1834 1655 2047 1680 venerantur.

1213 1705 1293 1743 ‚233-
1310 1706 1337 1732 1·

1166 1745 1299 1790 Hymni
1322 1745 1355 1779 &
1367 1744 1490 1778 Psalmi
1506 1744 1524 1778 ὲ
1536 1745 1652 1788 quovis
1667 1746 1836 1787 Episcopo
1857 1745 1892 1778 in
1906 1746 2050 1779 Ecclesia

1215 1794 1617 1835 decantandicompofiti,
1643 1793 1733 1836 quod
1755 1795 1857 1828 modo
1869 1805 1937 1831 non
1952 1795 2047 1829 licet.

1166 1850 1375 1932 Hy1n31171oszs.
1393 1889 1560 1925 Ambrosii
1583 1891 1730 1932 Ecclesia
1753 1892 1876 1936 semper
1893 1894 1939 1931 est
1955 1904 2051 1928 vene-

1214 1948 1304 1981 rata.
1913 1940 1988 1986 138.
2019 1954 2048 1985 ‚1-

1600 2039 1619 2079 1

1204 2139 1355 2176 Acobitae
1376 2139 1538 2180 haeretici,
1566 2138 1653 2173 unde
1673 2140 1775 2186 disti?
1802 2141 1831 2177 6.
1843 2153 1872 2178 2·
1910 2142 2046 2177 Confess

1228 2192 1350 2225 sionem
1361 2188 1621 2224 sacramentalem
1640 2191 1860 2225 exsufflamur.
1969 2192 2045 2226 ibid.

1166 2241 1305 2286 Jacobus
1316 2242 1410 2274 frater
1422 2239 1561 2273 Domini
1578 2264 1590 2280 ,
1617 2251 1659 2274 an
1670 2242 1793 2284 primus
1804 2241 1901 2276 fuerit
1925 2242 2046 2278 Hiero-

1214 2292 1416 2333 solymorum
1443 2288 1627 2339 Episcopus
1640 2314 1651 2330 ,
1677 2302 1746 2324 non
1769 2291 1863 2340 plane
1883 2291 2012 2327 constat
2029 2317 2038 2324 .

1285 2367 1291 2375 .
1312 2352 1339 2379 1·

1166 2352 1374 2428 lcon509clastae
1386 2391 1474 2425 fuere
1485 2389 1615 2430 Ariani,
1626 2388 1816 2431 Manichaei,
1832 2393 1911 2425 cur?
1937 2402 2040 2429 222-1:

1166 2440 1372 2476 Iconoclassae
1382 2439 1482 2484 Judaei
1496 2439 1603 2483 potius
1614 2440 1711 2483 quam
1723 2438 1903 2475 Christiani
1913 2443 2041 2475 censen-

1212 2491 1265 2525 di.
1292 2501 1408 2538 2441.
1433 2490 1558 2527 Eorum
1571 2491 1684 2538 scripta
1697 2491 1912 2535 ignitradita.
1964 2491 2041 2525 ibid.

1165 2540 1371 2576 lconoclastae
1381 2541 1547 2577 Samaritis
1557 2540 1680 2583 pejores
1691 2539 1792 2574 habiti
1805 2564 1813 2572 .
1913 2549 1991 2584 242.
2001 2553 2038 2577 2·

1164 2591 1372 2630 iconoclastis
1382 2589 1515 2633 quidam
1527 2590 1695 2624 molliores
1709 2591 1867 2634 imagines
1879 2590 1912 2622 in
1928 2589 2042 2623 Eccle-

1211 2642 1262 2675 fiis
1283 2640 1461 2681 admisere,
1489 2651 1559 2677 non
1581 2650 1692 2677 tamen
1713 2639 1754 2678 ad
1777 2639 2039 2674 venerationem,

1218 2701 1232 2726 1
1285 2703 1323 2724 .1.

1161 2703 1371 2776 Iconzzlastae
1390 2766 1398 2773 .
1435 2739 1543 2780 Vide,
1571 2743 1693 2772 Crucem
1707 2762 1715 2771 .

1162 2791 1375 2830 lconoclastia
1394 2790 1460 2838 jam
1491 2789 1616 2839 pridem
1638 2788 1678 2822 ab
1702 2788 1842 2827 Ecclesia
1862 2789 2016 2826 damnata
2028 2791 2040 2825 .“

1208 2851 1285 2889 243·
1305 2853 1338 2882 2·

1161 2890 1408 2931 Iconoclastiam
1423 2887 1561 2927 Photius
1570 2890 1749 2925 extinstam
1762 2890 1868 2924 voluit
1882 2915 1890 2923 .
1917 2899 2034 2937 3252.

1208 2942 1261 2978 De
1284 2940 1484 2985 Imaginibus
1509 2939 1667 2974 Nicolaus
1680 2941 1703 2973 Ι.
1728 2941 1837 2975 noluit
1857 2940 2035 2984 disputari,

1208 2992 1261 3027 sed
1274 2991 1401 3026 decreta
1412 2990 1488 3026 Vll.
1500 2988 1624 3032 Synodi
1638 2992 1754 3025 servata
1767 2990 1873 3024 voluit
1887 3015 1893 3022 .
1922 2990 2034 3038 3262.

1208 3041 1342 3087 Legatis
1353 3051 1461 3074 tamen
1477 3039 1678 3082 Apostolicis
1690 3065 1700 3080 ‚
1726 3041 1747 3074 fi
1770 3051 1852 3083 opus
1864 3041 1945 3075 foret
1957 3063 1970 3080 ,
1993 3040 2035 3073 de

1206 3089 1409 3136 imaginibus
1446 3088 1624 3127 definiendi
1646 3090 1719 3129 data
1739 3090 1876 3126 facultas
1894 3114 1906 3136 ‚
1941 3100 1997 3128 cur
2019 3088 2034 3125 ἒ

1231 3150 1254 3176 2
1280 3166 1287 3173 .
1314 3149 1341 3178 ι.

1160 3151 1386 3225 1co3no7clastici
1396 3190 1619 3228 conventiculi
1633 3190 1786 3228 refutatio
1802 3189 1822 3227 a
1834 3189 1907 3224 Vll.
1928 3189 2031 3233 syno-

1206 3240 1252 3275 do
1273 3239 1426 3287 probatur
1438 3264 1446 3272 .
1915 3247 1982 3285 ¹77·
2001 3245 2028 3272 1.

1161 3290 1409 3328 iconoclasticus
1419 3300 1506 3325 error
1517 3291 1615 3334 coepit
1625 3291 1641 3325 a
1653 3290 1769 3336 Judaeis
1780 3314 1788 3323 .
1887 3296 1965 3332 253-
1997 3294 2025 3320 1.

1160 3338 1371 3375 iconomachi
1382 3339 1513 3383 quidam
1526 3342 1560 3374 in
1566 3340 1737 3385 Synodum
1747 3333 2030 3375 VIILintrodueti,

1207 3387 1336 3427 haerefin
1348 3389 1550 3433 abjurarunt.
1894 3393 1969 3435 390.
1999 3394 2025 3419 1.

1160 3437 1385 3477 lconomachis
1395 3440 1432 3476 In
1452 3439 1691 3485 V111.Synodo
1702 3439 1823 3473 dicrum
1834 3434 2006 3470 anathema
2016 3460 2024 3469 .

1207 3499 1284 3537 390.
1302 3499 1334 3525 2.
1872 3483 1979 3520 Idolo·
