2340 3762
598 179 896 233 Sumtus,
939 193 1002 222 Er
1034 175 1236 224 Norls
1269 190 1649 228 urus-rnnrr.
1871 204 1961 247 313

212 261 338 296 Eorum
356 272 460 298 unum
470 262 671 308 GregorIum
691 260 856 304 Ludovici
876 260 929 294 Pii
943 258 1086 305 Augusti
1105 278 1110 315 Ι
1154 269 1220 295 tam
1240 261 1329 297 urbis
1350 262 1521 308 regionem
1540 263 1675 309 quisque
1698 265 1795 304 suum
1813 268 2029 315 suff-“gum

42 329 157 372 ⁸·-
212 309 1109 421 2‘25522552{5:322222².¹³¹÷2u;0r,‡‡;;{‡3{202221’l

557 731 1230 823 CANON
1344 730 1684 820 XXV.

317 986 357 1035 T
393 984 477 1034 hoc
510 983 657 1035 debite
693 982 834 1040 sanfflta
867 985 1065 1055 Synodus
1100 982 1298 1035 definivit
1331 1020 1346 1046 ,
1382 987 1596 1053 quatenus
1634 987 1876 1059 Episcopi,
1909 991 2028 1041 Pres-

349 1056 495 1123 byteri
529 1093 543 1116 ‚
577 1057 769 1106 Diaconi
803 1093 817 1122 ‚
852 1072 898 1106 et
931 1056 1188 1106 Subdiaconi
1224 1072 1389 1124 magnae
1421 1055 1620 1109 Ecclefiae
1655 1091 1669 1116 ‚
1702 1060 1781 1124 qui
1814 1059 2035 1109 consecra.

350 1125 516 1179 tionem
554 1124 772 1177 Methodii
817 1141 863 1181 et
898 1129 1059 1191 Ignatii
1094 1124 1441 1179 sanffiffimorum
1492 1125 1838 1189 Patriarcharum
1873 1128 2034 1179 habue-

211 1211 311 1246 runt
344 1232 358 1256 ‚
406 1212 451 1246 et
485 1194 716 1251 secundum
751 1193 945 1247 insolens
967 1196 1077 1247 illud
1123 1212 1168 1252 et
1202 1195 1468 1248 duriflimum
1513 1213 1590 1246 cor
1623 1196 1860 1250 Pharaonis
1896 1197 2035 1248 obdu-

208 1268 296 1318 rati
329 1265 426 1316 sunt
459 1304 473 1328 ‚
509 1283 555 1322 et
590 1265 722 1336 usque
756 1285 871 1323 nunc
906 1266 1088 1321 minime,
1124 1285 1223 1321 cum
1258 1267 1340 1316 hac
1375 1265 1517 1321 sanQa
1550 1282 1597 1320 et
1631 1266 1857 1318 universali
1893 1272 2034 1336 Syno-

209 1334 270 1386 do
302 1353 623 1399 convenerunt,
659 1336 731 1388 sed
765 1356 847 1388 nec
881 1338 1006 1392 nobis
1042 1337 1274 1390 consonare
1307 1340 1355 1387 in
1389 1336 1524 1389 verbo
1557 1339 1754 1388 veritatis
1787 1338 2034 1401 voluerunt,

203 1407 316 1475 quin
348 1406 486 1460 immo
519 1408 707 1461 invasori
742 1410 905 1458 Photio
938 1407 1211 1461 concorditer
1245 1406 1545 1456 consenserunt
1578 1443 1591 1466 ‚
1642 1406 1828 1478 depositi
1864 1407 1947 1455 sint
1982 1423 2029 1457 et

204 1476 386 1525 omnino
419 1475 674 1526 sacerdotali
707 1477 956 1546 operatione
989 1478 1154 1548 privati
1187 1513 1201 1537 ,
1249 1473 1622 1542 quemadmodum
1672 1492 1753 1524 nec
1798 1475 2032 1527 multum-‚⁴

205 1544 308 1597 ante
344 1545 605 1601 beatiffimus
640 1549 758 1619 Papa
793 1546 1007 1596 Nicolaus
1041 1543 1255 1612 judicavit
1289 1582 1303 1606 ‚
1339 1561 1384 1594 et
1419 1562 1698 1612 nequaquam
1735 1548 1843 1595 tales
1878 1548 1925 1593 in
1961 1551 2033 1595 Sa-

210 1615 395 1665 cerdotii
443 1617 647 1679 catalogo
699 1618 961 1684 recipiantur
993 1649 1008 1676 ‚
1054 1617 1188 1663 etiam
1223 1615 1255 1663 fi
1303 1632 1356 1663 ex
1403 1614 1488 1662 hoc
1537 1614 1736 1663 converti
1773 1615 1988 1665 voluerint
2017 1653 2032 1678 ,

205 1684 285 1733 nisi
326 1687 372 1733 in
404 1687 682 1753 perceptione
718 1683 1110 1734 San&ificationum
1144 1721 1158 1746 ‚
1195 1701 1284 1752 qua
1318 1682 1477 1746 dignos
1512 1683 1757 1737 nullatenus
1791 1702 1867 1733 eos
1903 1720 1917 1744 ,
1954 1687 2032 1736 nist

206 1772 284 1825 per
319 1757 502 1805 multam
538 1754 874 1805 misericordiam
920 1752 1159 1819 judicamus
1190 1775 1205 1814 3
1251 1770 1342 1801 non
1372 1755 1488 1801 enim
1522 1751 1619 1800 stunt
1654 1752 1776 1814 digni
1825 1752 1883 1800 ad
1916 1757 2034 1821 prim

205 1843 299 1875 rem
334 1827 542 1875 honorem
575 1824 856 1874 restitutionis
891 1825 1035 1872 locum
1059 1840 1135 1890 per
1178 1823 1484 1889 poenitentiam
1524 1821 1719 1871 invenire
1747 1858 1760 1883 ,
1797 1820 2030 1877 secundum

206 1892 380 1950 exosum
405 1895 530 1950 illum
554 1892 689 1957 Esau,
725 1896 831 1951 licet
855 1910 954 1947 cum
980 1891 1218 1967 lachrymis
1248 1888 1469 1963 expetiffet
1496 1907 1617 1942 eam.

401 2106 428 2154 S
462 2122 493 2152 c
526 2122 558 2152 Η
591 2121 624 2153 0
658 2122 682 2153 L
715 2123 734 2153 Ι
768 2121 802 2152 0
835 2108 895 2157 ⁸³⁴
1147 2099 1258 2136 haberi
1277 2108 1315 2136 ut
1335 2100 1422 2145 ipibs
1445 2097 1599 2135 {photio
1619 2099 1808 2142 ordinatos,
1833 2102 1868 2137 δε
1882 2103 2026 2146 postmo-

480 2156 483 2157 ’
553 2154 555 2157 “
1145 2151 1224 2187 dnm
1236 2151 1312 2186 Deo
1323 2151 1494 2185 miserante
1503 2151 1730 2186 convertendis
1741 2152 1865 2187 nullam
1878 2152 2026 2197 impendi

1145 2200 1422 2240 misericordiam,
1447 2200 1508 2235 nist
1524 2200 1628 2236 solam
1652 2203 1895 2246 perceptionem
1905 2203 2026 2238 δεηθει-

303 2251 435 2290 Uidam
455 2252 612 2288 Photiani
631 2252 812 2289 schismatis
834 2253 983 2297 sequaces
1007 2252 1082 2298 Epi·
1144 2252 1355 2292 ficationum,
1384 2248 1470 2284 idest
1483 2250 1624 2292 ,laicam
1635 2253 1902 2289 communionem
1915 2278 1923 2285 .
1949 2256 2026 2286 san-

327 2304 416 2347 scopi
436 2305 470 2338 &
482 2303 602 2339 Clerici
625 2303 643 2336 a
654 2305 771 2339 Sancto
792 2302 972 2338 Methodio
989 2327 1001 2344 ,
1026 2312 1083 2337 aut
1144 2301 1281 2344 &ficano
1293 2300 1338 2337 est
1353 2299 1494 2334 vetustus
1506 2299 1713 2335 Eucharistiae
1723 2301 1837 2337 titulus
1848 2326 1859 2343 ,
1879 2314 1976 2347 quam
1988 2303 2024 2337 ὃς

203 2352 271 2394 ejus
283 2356 457 2388 successbre
466 2354 585 2388 Sancio
604 2352 736 2398 Ignatio
748 2377 760 2394 ,
785 2351 980 2388 patriarchis
994 2352 1084 2387 Con·
1145 2351 1178 2384 in
1189 2350 1275 2385 libro
1296 2349 1338 2385 de
1350 2350 1534 2394 spestaculis
1546 2351 1788 2392 Tertullianus,
1813 2353 1891 2387 &in
1905 2354 2022 2388 sermo⁴

204 2402 526 2447 standuopoHranis,
550 2402 684 2447 quidam
704 2403 746 2438 ab
758 2403 883 2438 intruso
905 2400 1084 2438 schissnatis
1145 2412 1187 2435 ne
1209 2400 1351 2443 delapsis
1372 2399 1697 2444 Sannuscyprianus
1720 2412 1842 2437 vocant
1858 2403 2019 2444 Samum,
2040 2426 2102 2464 Cap
2128 2435 2161 2461 25

205 2449 345 2487 authore
370 2451 496 2488 Photio
517 2461 609 2487 erant
633 2451 774 2488 ordinati
797 2465 805 2486 x
832 2453 945 2488 Hostxe
963 2477 976 2493 ‚
1006 2451 1082 2487 licet
1143 2451 1176 2485 δε
1197 2450 1336 2484 scindam
1355 2451 1413 2484 Dei
1433 2473 1447 2490 ‚
1470 2449 1504 2484 id
1527 2450 1572 2484 est
1590 2475 1601 2492 ,
1628 2451 1729 2495 ipsam
1755 2453 1896 2487 Domini
1919 2453 2022 2488 nostri
2045 2467 2050 2478 x
2105 2446 2111 2455 ’
2166 2448 2172 2456 '

203 2500 400 2543 poenitentes
421 2526 432 2543 ,
457 2501 750 2546 indispensabiliter
775 2501 818 2538 ad
844 2502 945 2538 laicos
970 2502 1079 2546 rejecit
1143 2500 1213 2545 Jesu
1226 2499 1348 2543 abipsa
1359 2498 1900 2545 substantialiDivinaeMajestatis
1913 2503 2022 2536 saneti-

204 2549 326 2584 Canon
339 2561 491 2593 quattus,
517 2551 595 2585 istos
603 2551 757 2597 gradibus
768 2552 831 2587 suis
840 2552 981 2598 gratiose
991 2550 1077 2586 reddi
1142 2559 1207 2586 tate
1221 2549 1469 2591 sanctificatam,
1493 2550 1690 2587 &omnium
1715 2551 1863 2588 nostrum
1886 2553 2022 2598 sanni&

209 2600 420 2641 permiserunt
434 2600 515 2635 Λᾶε
529 2601 699 2643 synodalia
711 2615 726 2645 ;
737 2611 770 2637 at
780 2603 860 2636 vero
871 2604 1002 2646 praesens
1015 2602 1080 2637 Ca·
1140 2599 1292 2637 catricem
1301 2599 1537 2638 humanitatem
1549 2626 1556 2635 .

205 2657 276 2684 non
288 2650 408 2697 excipit
429 2647 494 2686 huc
515 2652 615 2698 usque
634 2652 895 2700 impoenitentes,
920 2650 1078 2688 mandans

508 3024 1027 3121 CANO
1085 3027 1183 3107 N
1266 3015 1716 3111 XXVI,

210 3287 461 3424 PLacuit
495 3307 540 3340 et
575 3288 658 3339 hoc
692 3288 840 3340 sanetae
872 3289 1052 3358 Synodo
1083 3295 1098 3352 ζ
1133 3305 1181 3339 ut
1213 3289 1480 3357 quicumque
1514 3288 1744 3361 Presbyter
1787 3303 1862 3339 aut
1897 3290 2006 3338 Dia-
2059 3280 2061 3282 ¹

340 3378 472 3410 conus
521 3359 547 3410 a
596 3362 774 3429 proprio
809 3359 1026 3428 Episcopo
1070 3358 1287 3428 depofitus
1336 3359 1464 3409 fuerit
1499 3374 1671 3439 propter
1711 3358 1890 3427 aliquod
1925 3359 2006 3404 cri-

343 3447 442 3480 men
465 3467 477 3491 ,
528 3431 599 3480 vel
645 3431 677 3479 fi
711 3429 953 3497 quamlibet
987 3429 1241 3496 injustitiam
1286 3427 1327 3481 se
1361 3431 1453 3498 pati
1489 3428 1645 3480 dixerit
1668 3465 1681 3489 ,
1730 3446 1775 3480 et
1811 3444 1897 3475 non
1934 3441 2004 3474 ac-

301 3498 411 3540 christ.
424 3503 505 3543 Lupi
516 3505 603 3544 oper.
616 3503 752 3535 Tomm.
1469 3499 1501 3535 R
1515 3511 1544 3534 *r
1799 3495 1955 3543 quieverit
