2340 3762
656 147 661 157 e
702 120 725 145 0

368 151 462 209 368

294 234 495 282 Apostolicae
519 243 620 280 atque
638 234 860 273 Orientalium
883 234 1007 267 sedium
1030 216 1149 276 Legati
1163 245 1174 265 .-

295 287 413 320 Placuit
436 286 518 318 nobis
539 284 651 329 [nmo.
681 287 791 332 Qare
823 282 1016 316 Theodorus
1027 281 1175 329 Prin-cipi

292 336 312 370 ὲ
324 336 459 371 Secretis
471 336 570 370 sacras
581 335 742 376 Principis
753 332 792 365 ad
805 331 977 373 Synodum
1002 331 1124 368 litteras
1135 332 1176 366 le.

292 386 343 433 git
353 411 364 427 ‚
390 386 508 429 quibus
519 386 573 419 ille
585 381 819 426 protestabatur
831 379 929 414 unice
943 381 1011 421 fibi,
1027 383 1090 416 esse
1103 406 1115 423 ,
1139 394 1177 416 ac

291 438 311 469 ὲ
323 436 428 478 primo
441 433 628 477 imperiisui
641 431 694 464 die
703 432 826 475 semper
850 430 943 464 fuisse
967 431 1003 465 in
1014 433 1100 466 votis
1126 444 1178 475 pa-

292 486 421 521 cificare
444 485 477 517 δε
490 492 624 526 purgare
636 481 815 522 Ecclesiam
838 481 1178 525 Constantinopolita-

293 548 372 571 nam
385 546 440 578 per
450 531 635 577 generalem
649 531 823 573 Synodum
834 556 845 572 ,
872 531 1011 575 ideoque
1026 532 1177 565 laudatos

292 587 437 629 Legatos
463 593 500 614 ac
514 580 594 615 alios
607 582 772 626 praesentes
791 582 972 625 Episcopos
994 581 1175 625 expostula·

293 636 369 673 bat,
396 642 431 666 ut
444 632 510 665 fine
521 643 654 672 amore,
679 632 760 666 odio
774 657 784 672 ,
810 633 844 666 ὅ(
856 633 1066 674 personarum
1088 643 1174 666 acce·

291 685 407 728 ptione
426 681 651 717 lamentabiles
675 681 769 717 hasce
783 682 1014 718 content10nes
1037 683 1175 719 discute-

290 744 363 769 rent
382 756 393 773 ,
419 733 568 768 sanarent
588 757 599 773 ,
626 733 782 767 finirent.

340 783 513 824 Marinum
524 784 638 818 sanctae
650 783 810 818 Romanae
823 783 970 818 Ecclefiae
984 784 1174 818 Diaconum

289 847 328 872 ac
339 836 504 880 Legatum
535 843 630 868 vocat
639 844 729 868 unum
747 836 784 868 de
805 833 944 876 Definitis
956 833 1089 877 septem.
1117 832 1172 867 Ad

290 898 362 931 quae
374 884 470 921 verba
491 883 590 920 habet
610 884 789 929 marginale
811 885 971 918 Anastasis
998 884 1148 918 scholion
1162 897 1173 916 .·

290 936 454 978 Definitum
467 936 506 977 est
519 960 530 977 ‚
557 944 591 969 ut
616 943 713 977 eptem
725 934 993 976 tantummodofint
1004 941 1037 968 in
1049 933 1174 976 Ecclefia

291 991 418 1020 „Diaconi
428 1012 435 1020 .
462 986 650 1020 Definitum
665 985 710 1020 est
722 986 740 1020 ὲ
751 985 868 1028 quinto
880 985 1011 1020 decimo
1029 979 1173 1019 Canone

291 1035 751 1082 SynodiNemCaesareenfis:
782 1037 904 1069 Diacom·
918 1034 1034 1078 septem
1053 1037 1106 1077 esJe
1126 1034 1174 1066 de-

292 1088 384 1128 bem,
410 1086 525 1129 etiamst
523 1084 562 1127 fit
572 1098 683 1129 magna
692 1091 821 1120 civitas.
851 1087 932 1124 Ejus
955 1092 1055 1117 autem
1079 1090 1122 1118 rei
1139 1082 1174 1124 fi-

292 1139 361 1171 dem
375 1137 455 1179 facit
474 1137 548 1173 liber
572 1136 723 1171 Aliorum.
753 1135 865 1181 Qem
879 1144 1051 1167 numerum
1076 1135 1174 1168 serva-

292 1198 365 1222 tum
376 1188 458 1222 olim
471 1186 567 1220 fuisse
587 1185 686 1218 etiam
699 1184 717 1216 ὸ
739 1184 893 1217 Romana
913 1183 1055 1218 Ecclesia
1076 1183 1174 1220 docet

290 1237 377 1280 apud
401 1235 578 1270 Eusebium
601 1234 833 1268 Caesareensem
857 1234 989 1268 sanstus
1016 1233 1173 1268 Pontifex

291 1285 466 1321 Cornelius
487 1310 499 1333 ³
524 1283 566 1321 ad
587 1283 725 1323 Fabium
752 1281 978 1323 Patriarcham'
995 1282 1172 1317 Antioche-

115 1337 178 1373 L6-
194 1346 270 1374 0235·
290 1347 371 1371 num
393 1335 535 1371 scribens
555 1334 627 1369 istic
648 1335 742 1369 fuisse
769 1334 951 1373 Presbytero:
970 1335 1175 1378 quadraginta

116 1379 256 1420 lay-019·
285 1386 365 1431 sex,
392 1389 534 1421 Diaconos
550 1384 681 1428 septem.
710 1384 753 1417 Et
775 1384 929 1418 Hermias
947 1384 1173 1418 Zozomenus:

291 1441 416 1474 macons
437 1438 522 1479 apud
540 1439 685 1474 Romanos
709 1434 851 1473 babiensis
876 1446 935 1473 mm
954 1436 1058 1482 plum·
1078 1433 1167 1477 sunt,

291 1500 383 1532 quam
390 1484 526 1531 septem,
551 1487 638 1528 apud
646 1485 719 1521 alios
733 1488 805 1524 vcro
828 1494 964 1516 numerus
986 1483 1088 1518 borum
1105 1491 1175 1526 pro-

290 1536 415 1580 miscuus
443 1536 498 1579 est.
524 1536 619 1574 Errat
639 1544 749 1568 tamen
773 1534 875 1577 prima
888 1533 1034 1576 Epistola
1059 1535 1175 1570 Sansto

292 1587 441 1627 Fabiano
453 1584 610 1619 Pontis-ici
624 1595 678 1626 per
688 1582 799 1615 Isidori
811 1583 1004 1616 Mercatoris
1015 1583 1177 1618 collectio-

294 1648 370 1671 nem
383 1634 467 1670 falso
479 1632 636 1676 adscripta
652 1644 658 1669 ;
685 1633 802 1674 Septem
815 1631 959 1664 Diaconos
981 1638 1014 1664 in
1030 1632 1101 1665 urbe
1122 1634 1176 1668 Ro-

294 1700 345 1721 ma
365 1695 420 1729 per
438 1683 550 1729 septem
574 1688 700 1728 regiones
722 1686 880 1723 civitatis,
902 1680 970 1723 sicut
990 1683 1010 1714 ἃ
1032 1675 1181 1715 Patribus*

294 1742 483 1779 ¹accepimus,
510 1735 668 1769 babemus.
697 1734 886 1768 Romanam
897 1732 1014 1777 quippe*
1028 1732 1140 1768 urbem
1160 1733 1176 1766 a

290 1784 418 1822 cesare
430 1783 584 1832 Augusto
596 1786 631 1823 iu
646 1784 890 1829 quatuordeeim
912 1783 1062 1829 regiones
1084 1783 1177 1818 fuisse

115 1837 181 1881 ἐᾷς)
204 1846 252 1880 3⁸22
291 1839 433 1874 divisam
443 1835 767 1872 Svetoniustestatur.
795 1833 940 1868 Proinde
951 1833 1083 1876 quisque
1093 1834 1175 1866 oiim

113 2111 145 2147 1².
164 2119 234 2147 m«

291 1890 469 1930 ,Romanus
481 1887 652 1923 Diaconus
662 1884 794 1930 regebat
815 1883 895 1917 duas
915 1884 1086 1928 regiones.
1115 1882 1175 1915 Eo·

286 1951 369 1979 sum
383 1950 468 1974 unus
486 1945 555 1972 erat
583 1934 894 1972 Archi-Diaconus,
921 1941 1018 1974 atque
1042 1933 1069 1965 is
1090 1933 1178 1966 solus

293 1988 464 2026 dicebatur
475 1984 676 2021 Cardinalis.
705 1981 753 2016 At
767 1981 844 2016 vero
865 1980 1178 2024 Constantinopoli-

292 2050 372 2077 tana
382 2037 440 2073 sub
451 2036 581 2071 Menna
593 2031 780 2069 Patriarcha
802 2031 955 2075 Synodus
979 2029 1089 2066 laudat
1111 2031 1178 2066 Ro-

294 2101 402 2128 manae
429 2087 577 2122 Ecclesiae
598 2083 905 2118 Archi-Diaconos:
933 2080 1036 2128 Qod
1057 2092 1177 2125 nempe

292 2151 377 2176 tunc
388 2138 508 2182 quaevis
521 2136 631 2181 Regio
644 2136 737 2169 suurn
750 2131 883 2166 haberet
897 2132 1088 2166 Diaconum
1098 2156 1108 2172 ‚
1122 2131 1176 2166 sed

293 2201 384 2227 unus
394 2198 502 2224 tamen
515 2187 592 2221 esset
604 2185 689 2219 inter
699 2184 844 2227 quosque
867 2181 963 2216 binos
980 2183 1177 2225 praecipuus,

294 2239 424 2276 duabus
450 2235 641 2282 regionibus
678 2235 711 2269 ἀ
738 2234 795 2267 uni
822 2232 968 2276 Collega:
994 2231 1179 2271 PraefeRus,

296 2288 456 2334 atqueita
468 2286 759 2322 Archi-Diaconus
785 2283 819 2317 ἀ
842 2281 1027 2316 cardinalis
1041 2307 1048 2315 .
1077 2282 1178 2316 Erant

293 2341 401 2386 igitur
428 2348 498 2373 tum
523 2339 645 2381 septem
667 2332 929 2369 Archi-Diaconi
956 2332 1010 2365 seu
1035 2332 1177 2366 Diaconi

296 2389 506 2426 Cardinales.
533 2385 749 2422 Postmodum
758 2380 992 2418 Cardinalatus
1011 2381 1052 2416 ab
1064 2380 1181 2416 Archi·

297 2442 492 2477 Diaconatu
506 2439 666 2482 separatus
677 2436 760 2475 fuit,
787 2434 822 2468 δε
842 2431 897 2467 hic
914 2431 954 2466 ad
980 2441 1082 2466 unum
1101 2444 1176 2466 con-

300 2493 418 2526 tractus
437 2514 443 2521 .
465 2489 508 2523 Et
532 2488 577 2521 ita
603 2498 671 2521 erat
694 2495 841 2528 tempore
852 2483 1012 2527 praesentis
1030 2482 1175 2526 Synodi.

299 2540 351 2579 At
364 2539 441 2573 vero
452 2540 536 2572 circa
549 2538 754 2571 millesimum
767 2534 909 2568 Domini
922 2543 1045 2567 annum
1066 2544 1181 2567 omnes

300 2588 451 2626 Diaconi
477 2587 672 2632 Regionarii
695 2587 728 2620 in
752 2584 962 2620 Cardinalem
984 2583 1180 2627 dignitatem

302 2641 510 2686 profecerunt
522 2662 529 2670 .
557 2636 768 2670 Accesserunt
783 2633 889 2678 postea
900 2643 1039 2677 quatuor
1063 2632 1183 2666 Diaco-

303 2692 342 2726 ni
354 2688 498 2723 Palatini
513 2711 523 2727 ,
549 2686 752 2720 Lateranenfi
781 2682 997 2718 &Vaticanae
1019 2682 1181 2721 Bafflicis,

306 2742 339 2776 δε
354 2738 529 2774 celebranti
543 2737 576 2770 in
590 2736 659 2780 ipsis
670 2734 828 2770 Pontifici
840 2732 1079 2773 ministrantes,
1104 2730 1181 2767 dieti

305 2790 507 2835 quandoque
527 2785 675 2820 Ministri
701 2784 823 2820 Altaris
845 2782 1068 2816 Lateranensis
1092 2794 1099 2814 :
1135 2781 1181 2816 lta

306 2843 440 2876 fuerunt
477 2839 588 2873 decem
625 2837 657 2870 δε
682 2836 757 2870 osto
779 2832 936 2868 Diaconi
974 2831 1182 2868 Cardinales.

304 2892 421 2939 Qem
439 2899 610 2923 numerum
624 2887 745 2930 primus
763 2883 893 2918 excessit
918 2882 1038 2919 Paulus
1049 2883 1182 2921 tertius,

307 2952 420 2976 ereans
440 2941 614 2974 Diaconos
637 2934 826 2971 Cardinales
847 2932 959 2966 decem
991 2933 1024 2966 &
1046 2942 1183 2964 novem.

310 2990 390 3028 Pius
403 3000 535 3034 quartus
546 2987 665 3022 creavit
677 2985 797 3031 viginti
809 2983 954 3027 quinque
967 3006 974 3014 .
1001 2982 1045 3015 Et
1055 2981 1183 3016 cstode-

311 3042 376 3074 cim
386 3039 556 3074 dumtaxat
569 3038 716 3080 antiquas
729 3033 910 3069 Diaconias
920 3030 1018 3065 habet
1029 3030 1184 3066 Romana

308 3089 453 3125 Ecclesia
465 3115 476 3130 ‚
502 3099 637 3133 quarum
651 3087 750 3130 prima
762 3110 772 3125 ,
800 3084 883 3118 olim
905 3080 1185 3116 Archi-Diaconu-

311 3138 374 3176 lis,
399 3151 464 3173 erat
477 3139 596 3173 Sanstae
607 3137 720 3171 Mariae
737 3135 771 3169 in
789 3132 968 3168 Dominica
980 3155 992 3171 ,
1017 3132 1186 3175 quousque

310 3186 384 3223 Leo
395 3188 537 3223 decimus
548 3187 674 3222 addidit
686 3185 885 3220 Diaconiam
903 3180 1008 3216 saneti
1018 3180 1184 3224 Onuphrii

314 3237 528 3271 in.Vaticano
539 3262 549 3278 ‚
577 3248 674 3281 quam
684 3236 826 3269 contulit
837 3243 945 3268 creato
957 3232 975 3267 ὲ,
989 3233 1020 3266 se
1031 3230 1187 3268 Cardina-

314 3287 341 3326 li
364 3286 481 3329 loanni
495 3285 717 3330 Lotharingiae
728 3285 817 3319 Duci
831 3309 839 3317 .

365 3333 469 3371 Porro
481 3334 591 3367 Basilii
605 3335 747 3378 Augusti
770 3333 1060 3379 Epanagnosticon
1083 3331 1189 3366 omni-

314 3387 377 3423 bus
390 3383 526 3429 placuit.
553 3380 645 3416 Hinc
667 3382 815 3417 Bahanes
836 3384 996 3418 Patricius
1018 3382 1036 3416 ὲ
1059 3383 1190 3426 Legatis

315 3430 700 3486 Apostolicislegationis
725 3431 759 3465 ὃς
772 3433 935 3478 potestatis
946 3443 1060 3470 eorum
1070 3432 1190 3468 litteras

883 151 1522 197 DissenrATIO

1239 232 1415 276 postulavit
1427 258 1439 275 ,
1465 233 1499 268 id
1515 243 1582 267 non
1619 234 1661 269 nd
1673 233 1872 279 Apostoiieae
1888 243 1980 278 Sedis
1999 254 2117 280 contu.

1240 283 1372 330 meliarn
1383 308 1394 324 ‚
1422 283 1475 318 sed
1488 283 1529 318 ad
1539 283 1726 320 evadendos
1735 297 1874 331 nuperos
1887 289 2068 330 Rhadoaldi
2080 298 2115 331 &

1239 331 1404 368 Zachariae
1417 333 1655 378 Episcoporum
1665 334 1684 368 ὲ
1699 336 1846 372 Nicolao
1860 337 2023 376 Pontifiee
2039 346 2115 381 mis-

1241 384 1347 416 sorum
1357 382 1451 419 dolos
1461 410 1473 427 ,
1498 385 1532 419 δι
1544 384 1586 418 de
1598 387 1757 428 praesentis
1767 387 1894 430 Synodi
1907 389 2115 435 legitimitate

1241 434 1482 469 certificandam
1493 444 1629 469 omnem
1641 434 1817 472 Ecclesiam
1830 438 1900 472 fieri
1916 439 2126 483 protestatus„

1241 483 1469 527 Reposuerunt
1482 484 1529 518 illi
1543 497 1549 516 :
1578 489 1639 519 Hoc
1650 497 1703 518 nos
1718 486 1808 530 us'que
1825 499 1904 523 nunc
1924 501 1983 524 non
2001 496 2121 526 invenl-

1240 540 1349 566 masin
1361 533 1524 577 universali
1538 537 1646 574 synodo
1651 535 1771 577 fac‘Jum
1779 563 1791 579 ,
1816 547 1851 572 ut
1864 543 1977 575 Vicaril
1996 538 2120 584 senioris

1238 587 1340 617 Romae
1352 585 1373 616 a*
1383 585 1508 629 quolibet
1520 587 1751 627 perpendantur
1761 612 1772 628 ,
1799 589 1896 622 um'cm
1916 592 2006 624 talem
2023 592 2119 633 existi-

1239 639 1398 669 mationem
1409 635 1557 669 babeam.
1586 636 1754 671 Addidere
1780 628 1973 675 Rhodoaldi
1998 641 2033 674 &
2057 643 2118 676 za-

1239 682 1354 718 chariae
1363 685 1490 719 facinus
1500 684 1540 719 de
1552 686 1582 719 se
1595 696 1661 719 non
1684 688 1918 729 metuendum,
1943 692 2007 725 sese
2028 693 2117 726 enim

1239 745 1294 777 per
1324 734 1434 768 Basilii
1456 735 1600 780 Augusti
1627 736 1660 770 &
1681 735 1874 772 Patriarchae
1892 739 2014 784 ignatii
2033 741 2118 786 lega-

1239 786 1363 818 tionem
1378 809 1388 825 ,
1415 785 1576 828 Ioannem
1590 786 1951 831 SylaeiMetropolitam
1977 802 2015 824 ac
2036 791 2119 825 Basi-

1238 834 1319 869 lium
1341 835 1548 879 Spatharium
1570 859 1581 875 ‚
1606 836 1700 871 fuisse
1723 838 1901 881 postulatos
1922 865 1932 880 ,
1959 851 2035 883 cum
2061 841 2120 875 eis·

1208 910 1218 917 .
1238 885 1313 919 dem
1345 885 1675 929 Constantinopolim
1695 886 1874 923 destinatos
1900 889 1942 924 ab
1966 890 2119 925 Adriano

1239 933 1423 976 pontifice.
1449 933 1606 970 haberese
1619 935 1686 978 ejus
1696 938 1736 971 ad
1760 938 1947 982 Principem
1971 940 2092 974 litteras
2107 965 2118 980 ,

1238 985 1284 1018 eis
1305 985 1469 1018 contineri
1502 985 1695 1028 Apostolica
1727 986 1767 1020 ad
1788 999 1922 1022 omnem
1945 988 2117 1032 Synodum

1239 1033 1413 1076 mandata,
1437 1034 1528 1069 suam
1540 1035 1801 1078 item&Syn0di
1815 1038 2026 1080 potestatem,
2052 1041 2118 1074 eas·

1238 1084 1378 1127 demque
1390 1083 1528 1127 proinde
1540 1084 1743 1127 postularunt
1757 1086 1822 1131 legi
1839 1111 1846 1118 .
1874 1086 1918 1120 Et
1931 1087 2120 1123 satisfactio-

1240 1145 1315 1167 nem
1341 1133 1466 1169 habens
1489 1134 1598 1168 omnis
1621 1134 1773 1176 Synodus
1799 1135 1883 1170 dixit
1904 1147 1911 1167 :
1949 1139 2117 1181 Legamur.

1241 1183 1356 1218 Unica
1393 1184 1483 1219 enim
1511 1184 1714 1229 generalium
1735 1184 1944 1227 Synodorum
1968 1187 2120 1222 dir-:strix

1240 1235 1348 1279 regula
1360 1234 1405 1267 est
1425 1234 1538 1269 similis
1550 1234 1741 1278 Apostolica
1763 1235 1907 1279 Epistola
1921 1261 1932 1277 ,
1958 1237 2051 1280 cujus
2072 1238 2123 1272 in·

1240 1285 1379 1320 termissa
1393 1296 1446 1328 per
1468 1285 1666 1320 Dioscorum
1689 1284 1908 1321 Patriarcham
1929 1286 2121 1322 Alexandri·

1242 1346 1321 1370 num
1342 1334 1438 1369 lestio
1458 1335 1635 1369 secundam
1660 1333 1855 1379 Ephefinam
1875 1336 2048 1381 Synodum
2068 1336 2123 1372 do

1241 1385 1379 1420 mutavit
1402 1385 1436 1419 in
1457 1385 1632 1421 fastionetn
1655 1384 1899 1421 latrocinalem.
1938 1387 2122 1423 Laudatam

1243 1436 1342 1481 igitur
1355 1434 1536 1478 Epistolam
1548 1435 1699 1469 Marinus
1711 1436 1871 1471 Romanae
1883 1437 2030 1473 Ecclesiae
2042 1437 2123 1472 Dia-

1242 1496 1346 1520 conus
1371 1485 1405 1518 ἀ
1420 1486 1563 1529 Legatus
1586 1485 1719 1527 protulit
1745 1498 1783 1519 ac
1806 1486 1908 1521 latine
1930 1486 2031 1531 legit,
2055 1487 2124 1522 Dc-

1240 1536 1369 1570 mianus
1402 1532 1562 1577 Principis
1585 1533 1732 1568 Clericus
1766 1536 1801 1569 &
1827 1536 1982 1579 interpres
2009 1535 2120 1571 Graec&

1242 1585 1404 1618 transtulit
1419 1608 1430 1623 ‚
1459 1585 1494 1617 ἃ.
1515 1583 1586 1626 post
1607 1584 1720 1617 lectam
1742 1583 1929 1620 Patriarcha
1950 1586 2120 1630 Ignarius,

1244 1634 1337 1677 plena
1349 1632 1526 1676 Synodus,
1551 1641 1588 1665 ac
1599 1632 1708 1666 omnis
1730 1634 1866 1667 Senatus
1889 1634 2123 1670 RomanisLe-

1243 1684 1327 1729 gatis
1339 1681 1533 1718 adclamavit
1550 1695 1561 1715 .·
1588 1681 1768 1718 Benedtdi'us
1779 1685 1858 1716 Deus
1870 1706 1881 1723 ‚
1905 1689 1955 1725 qui
1977 1684 2121 1728 dignatus

1242 1734 1281 1775 est
1296 1746 1348 1767 nes
1366 1731 1603 1777 satisfafflonem
1625 1739 1755 1775 accipere
1777 1733 1814 1766 de
1825 1733 1989 1767 sanffltate
1999 1733 2098 1781 vestra
2110 1758 2120 1768 .

1245 1784 1347 1819 Aliud
1363 1784 1539 1828 legationis
1565 1792 1621 1818 aut
1633 1782 1798 1828 potestatis
1814 1782 2036 1820 testimonium
2049 1790 2119 1818 non

1242 1835 1304 1869 fuit
1317 1834 1358 1868 ab
1381 1834 1446 1867 illis
1457 1833 1673 1877 postulatum.
2114 1853 2119 1856 -

1293 1883 1426 1917 Exinde
1441 1881 1729 1926 sanc‘lzffimiVlcarii
1746 1882 1869 1927 senioris
1886 1888 1989 1918 Romae
2011 1885 2121 1917 &ma

1237 1932 1346 1976 san8a
1365 1935 1493 1973 synodus
1517 1940 1720 1976 expetierunt,
1748 1944 1782 1967 ut
1802 1936 1964 1976 legerentur
1984 1937 2122 1967 Orientav

1245 1986 1318 2017 lium
1332 1987 1513 2017 Vicariorum
1533 1985 1781 2017 commendatitia·
1802 1984 1933 2023 litterae,
1957 1984 2003 2015 ad
2021 1993 2121 2027 cogne-

1238 2032 1377 2076 scendum
1388 2035 1466 2066 unde*
1487 2031 1586 2073 &ipsi
1606 2037 1766 2072 venerint,
1791 2034 1926 2073 &quam
1949 2032 2122 2073 potestatem

1242 2087 1404 2124 acceperint
1427 2083 1447 2112 ἃ
1465 2085 1597 2123 propriis
1612 2079 1749 2124 fidibus.
1775 2080 1913 2115 Etenim
1933 2081 2123 2125 quorumvis

1244 2133 1481 2176 Episcoporum
1494 2153 1505 2170 ‚
1530 2130 1631 2165 etiam
1652 2131 1794 2174 ipsorum
1804 2129 2063 2165 Patriarcharum
2075 2129 2123 2165 ad>

1240 2181 1422 2227 generalem
1442 2180 1614 2224 Synodum
1626 2180 1746 2225 Legati
1768 2179 1968 2224 Apostolicis
1988 2180 2122 2226 Legatis

1241 2231 1395 2268 exhibere
1404 2231 1463 2265 suae
1486 2230 1665 2275 legationis
1676 2242 1714 2264 ac
1726 2231 1890 2276 potestatis
1899 2230 2023 2267 litteras
2042 2232 2124 2266 sem-

1243 2282 1440 2327 perfuerunt
1453 2280 1610 2325 obligati.
1637 2279 1790 2315 Thomas
1801 2281 1982 2324 Tyriorum
1998 2280 2123 2315 Metro-

1241 2331 1343 2376 polita
1364 2356 1375 2373 ,
1402 2329 1483 2365 sedis
1523 2329 1739 2365 Antiochenae
1774 2330 1941 2375 Legatus,
1966 2329 2120 2364 debuerat

1242 2382 1334 2425 loqui
1351 2381 1472 2424 primus
1484 2404 1495 2420 ‚
1520 2379 1632 2415 verum
1644 2380 1733 2423 quod
1737 2380 1837 2423 graece
1858 2381 1973 2422 difficile
1992 2379 2121 2421 loquere-

1241 2442 1313 2471 tur,
1339 2430 1427 2465 verbi
1439 2431 1523 2465 vices
1549 2430 1667 2465 detulit
1690 2430 1769 2463 Eliae
1793 2428 1976 2468 monacho,
2003 2426 2118 2466 Theo-

1242 2482 1322 2518 dosii
1361 2480 1554 2514 Patriarchae
1588 2477 1887 2522 Hierosolymitani
1925 2477 2121 2519 Presbytero

1242 2530 1440 2574 Syncello&
1453 2531 1581 2574 Legato
1593 2555 1600 2562 .
1629 2529 1749 2573 Neque
1763 2528 1886 2562 mireris
1897 2528 1993 2562 istum
2006 2525 2123 2562 Archi-

1243 2581 1438 2624 Episcopum
1449 2579 1567 2624 lingua}
1588 2590 1695 2624 graecae
1710 2578 1803 2612 fuisse
1825 2578 2031 2622 imperitum:
2062 2575 2122 2611 Et*

1243 2632 1332 2668 enim
1345 2631 1442 2674 Syrus
1453 2639 1521 2664 erat
1533 2654 1543 2670 ,
1569 2629 1654 2672 apud
1666 2639 1749 2673 quos
1770 2629 1931 2672 imperitia
1953 2629 2012 2662 ista
2026 2626 2121 2661 fami-

1242 2681 1344 2716 liaris.
1371 2681 1482 2714 Etiam
1496 2679 1665 2714 Uranium
1676 2678 1890 2714 Himerorum
1901 2679 1936 2711 in
1948 2674 2121 2722 Osrhoenis

1244 2730 1417 2767 Provincia
1439 2730 1639 2774 Episcopum
1663 2753 1674 2769 ,
1700 2729 1888 2762 Barsumam
1907 2724 2122 2762 Archi-Mau·

1243 2782 1359 2815 dritam
1381 2804 1397 2820 ,,
1421 2791 1459 2814 ac
1479 2780 1586 2814 varios
1613 2777 1776 2813 Edessenae
1798 2777 1952 2811 Ecclesiae'
1970 2774 2122 2809 Clericus

1242 2830 1334 2865 fuiffe
1357 2830 1391 2863 in
1412 2830 1543 2869 eadem,
1571 2826 1711 2870 ideoque
1732 2827 2005 2870 perinterpretem
2027 2824 2063 2858 in
2075 2825 2122 2858 se*

1242 2879 1348 2915 cunda
1374 2878 1555 2922 Ephefina,
1582 2877 1749 2919 Berytensi
1763 2900 1773 2916 ,
1799 2876 1833 2909 &
1856 2873 2120 2911 Chalcedonenfi

1244 2928 1380 2974 Synodo
1401 2929 1528 2962 locutos
1543 2951 1554 2968 ‚
1575 2939 1613 2961 ac
1634 2924 1764 2968 syriace
1786 2925 1996 2968 subscripfiffe
2016 2921 2129 2968 liquet

1242 2991 1283 3015 ex
1304 2976 1504 3020 ,earumdem
1524 2977 1735 3021 Synodorum
1757 2975 1866 3009 Actis.
1891 2974 1994 3021 Qod
2016 2970 2208 3017 ipsuijP·
2227 2977 2273 3004 ¹3·

1244 3031 1286 3065 de
1313 3028 1516 3064 Macedonio
1538 3028 1639 3070 Syriae
1658 3023 1847 3065 monacho,
1874 3035 1911 3059 ac
1931 3023 2124 3059 Abraham
2135 3010 2210 3047 (ἆρ’
2225 3017 2271 3049 ¹7·
2336 3060 2340 3063 ,

1245 3078 1413 3115 Carrhenfi
1434 3078 1598 3121 Episcopo
1609 3077 1718 3111 scribit
1739 3076 1774 3109 in
1786 3074 1965 3109 monastica
1986 3070 2122 3109 historia

1244 3129 1477 3164 Theodoretus
1497 3151 1504 3159 .
1533 3127 1643 3161 Etiam
1667 3124 2042 3168 Constantinopolitanae
2062 3122 2120 3158 sub

1244 3179 1372 3214 Menna
1382 3175 1567 3213 Patriarcha
1581 3175 1716 3220 Synodo
1729 3174 1861 3219 quidam
1872 3176 2028 3218 Syrorum
2045 3172 2121 3217 Epi-

1248 3230 1337 3273 scopi
1363 3229 1396 3263 &
1423 3225 1577 3262 monachi
1603 3225 1734 3271 syriace
1759 3225 2008 3268 subscripserunt
2034 3249 2042 3257 .
2060 3221 2121 3263 <Et

1247 3279 1487 3315 Constantinus
1511 3277 1719 3321 Apameensis
1738 3276 1773 3309 in
1796 3275 1935 3309 secunda
1957 3271 2119 3317 Syria'Ec·

1247 3330 1346 3364 clefiae
1355 3328 1525 3372 Presbyter
1535 3327 1619 3362 dixit
1631 3327 1672 3362 ad
1683 3323 1805 3361 seittam
1818 3324 2006 3368 Synodum}
2031 3323 2119 3356 Grae-

1247 3382 1278 3414 ce
1289 3378 1395 3423 nescio.
1423 3379 1466 3412 Et
1479 3376 1687 3413 Antiochum
1709 3374 1926 3410 Ptolomaidis
1945 3372 1978 3404 in
1992 3369 2119 3405 Phaeni-

1248 3431 1299 3467 cia
1324 3428 1488 3483 maritima
1498 3425 1725 3479 Episcopum&
1740 3434 1847 3472 gfaeffl
1866 3422 1985 3469 finguae
2006 3422 2119 3467 Pffliti⁸

1990 3482 2070 3508 utre

2134 3203 2291 3237 Fan-nr
2336 3222 2338 3232 ᾗ
