2340 3762
666 177 734 207 De
772 177 1003 208 ocrAvA
1038 162 1289 208 Sruono
1323 157 1660 209 Commu.
1903 183 1999 234 357

1185 243 1228 279 de
1238 242 1346 278 Paulo
1357 243 1544 278 Caesareenfi
1558 245 1591 278 in
1604 245 1811 289 Cappadocia
1835 263 1891 296 per
1899 252 2061 291 Photium

1185 295 1374 329 consecrato
1399 291 1701 339 Archi-Episcopo
1727 320 1738 337 ,
1762 302 1818 341 qui
1841 303 2060 340 consecratori

1186 345 1245 379 suo
1259 343 1402 388 primum
1415 343 1550 389 quidem
1559 341 1732 383 adhaeserat
1741 371 1753 388 ,
1777 357 1812 382 at
1823 353 2032 391 postmodum
2042 355 2061 389 a

1185 395 1262 433 Deo
1284 394 1422 429 meliora
1442 394 1558 429 doctus
1579 404 1715 433 omnem
1734 396 1803 440 ejus
1829 398 2063 438 schismaticam

1184 453 1284 488 atque
1293 445 1512 484 facinorosam
1525 445 1706 489 nequitiam
1717 447 1823 482 fuerat
1831 450 2065 493 generofiffim&

1185 494 1363 532 detestatus
1388 496 1422 532 &
1443 497 1624 538 persecutus
1647 522 1655 530 .
1692 496 1823 545 Qarto
1858 498 2066 544 imaginarias

1183 544 1298 580 Photii
1320 545 1474 590 synodos
1495 568 1506 585 ,
1530 555 1697 590 tamquam
1733 548 2007 591 hippocentauros
2032 553 2065 588 δε

1182 595 1390 640 tragelaphos
1404 623 1415 638 ‚
1439 596 1611 630 insectatus
1631 596 1676 631 est
1698 621 1709 639 ,
1736 597 1908 641 praesertim
1929 608 2006 635 eam'
2021 611 2066 637 tc-

1181 646 1385 689 meritatern,
1411 658 1476 691 qua
1497 646 1626 682 easdem
1653 646 1694 680 ad
1723 646 1930 684 Ludovicum
1951 650 2065 696 Augu-

1182 695 1264 729 stum
1279 707 1347 731 non
1368 697 1562 738 erubuerat,
1588 695 1789 733 ,Pontificem
1804 698 1877 732 fede
1902 711 1940 733 ac
1966 701 2061 737 Italia

1179 745 1341 780 exturbari
1358 746 1542 790 postulans,
1568 746 1749 782 destinare.
1786 747 1942 784 Tandem
1963 750 2066 796 Lega-

1181 805 1250 829 tum
1271 796 1364 829 suum
1375 796 1536 839 Ioannem
1562 796 1941 841 SylaeiMetropolitam‚
1969 805 2008 837 Ut
2018 807 2065 835 vi-

1180 855 1248 877 rum
1260 848 1316 882 Det
1326 840 1466 880 cultorem
1495 849 1528 881 &¹
1540 848 1655 881 Divino
1666 847 1814 882 intellet‘lu
1828 848 1967 890 repletum
1977 874 1987 890 ,
2011 857 2064 894 qui

1175 901 1230 935 per
1255 906 1363 929 novem
1386 904 1459 929 totos
1484 908 1579 932 annos
1598 905 1657 941 pro
1677 899 1768 932 Verbo
1807 904 1947 934 veritatis
1967 899 2064 944 secum

1174 941 1383 986 persecutiones
1409 949 1443 980 lo·
1456 957 1565 981 caetera
1577 949 1659 982 mala
1664 951 1765 992 paffus
1781 950 1869 992 esset,
1895 961 2066 986 commen·

1177 992 1267 1028 davit
1297 1019 1308 1035 ,
1335 1007 1396 1029 nec
1417 1007 1486 1030 non
1510 998 1545 1033 ,δε
1566 1003 1687 1033 Petrum
1713 1000 1839 1035 ,Troada
1860 999 2064 1044 Episcopum,

1177 1050 1229 1087 qut
1238 1045 1340 1078 eadem
1365 1047 1399 1080 <9⁴
1409 1044 1471 1089 ipse
1479 1050 1580 1089 paJJus
1592 1048 1658 1090 effer
1674 1072 1685 1088 ,
1712 1051 1747 1082 er
1760 1055 1876 1090 pariter
1898 1052 2064 1094 decertasset

1176 1106 1241 1131 cum
1256 1096 1361 1139 Regali
1380 1094 1512 1129 bomine.
1540 1097 1595 1131 Ad
1606 1107 1674 1140 quae
1685 1097 1780 1132 verba
1791 1097 1888 1133 habet
1902 1099 2066 1134 Anastafii

1178 1144 1424 1180 Bibliothecarii
1449 1145 1628 1190 marginale
1651 1145 1822 1182 scholion:
1847 1153 1953 1182 Innuit
1973 1152 2068 1192 ,tmpe-

242 245 412 290 dnscrsptis
433 252 491 281 tuis
505 248 744 292 Metropolitam,
771 250 896 281 Domino
915 244 1103 289 dispensante
1115 268 1124 285 ‚

244 307 305 333 non
326 298 474 333 vidimus,
503 301 589 342 ,Quia
607 303 687 333 enlm
702 297 776 338 ficut
788 295 870 338 tstea
881 297 1044 330 reverendo
1063 298 1123 328 Pa-

242 346 378 382 ert'arcba
398 351 535 391 Ignatlo‚
559 350 605 381 ita
625 345 740 390 seorfim
764 346 813 380 ille
837 348 859 383 ἃ
883 355 1006 384 tyranno
1019 345 1123 379 Photio

244 396 437 440 mittebatur,
465 401 567 432 volens
580 401 662 430 Deus
682 397 824 437 ostendere
843 406 902 431 non
927 402 961 433 ,in
979 398 1036 430 duo
1052 395 1123 439 fore

240 446 401 490 Ecclesiam
423 447 509 491 suam
527 448 727 481 dividendam
744 473 756 489 ,
782 448 884 482 volens
893 452 984 480 etiam
995 460 1047 481 nos
1071 458 1122 480 au-

239 496 327 532 &oris
342 496 510 542 huiusmodi
513 496 649 540 sctffi'onis
675 510 727 533 nec
735 497 834 542 ipsam
843 508 955 545 quoque
978 497 1117 540 visionem

236 553 405 590 percipere,
434 555 591 591 antequam
603 550 648 582 ad
654 560 706 582 nat
723 554 918 591 perveniret,
936 547 1016 589 J'usto
1022 553 1055 594 J
1058 548 1122 582 udi-

239 604 283 631 cio
287 600 392 642 pelago
399 597 454 641 suo
463 606 607 641 cooperuit
614 611 680 633 eum
691 623 703 640 ,
728 600 825 642 &qui
835 600 978 642 populum
988 602 1046 633 Det
1075 600 1122 632 dt-

238 646 355 693 viserat
367 672 379 688 ,
405 647 507 692 divisa
518 649 555 690 est
563 649 654 693 super
675 661 741 687 eum
757 661 857 692 aqua,
883 650 1059 692 devenitque
1085 655 1118 683 in

232 696 419 743 profundum
430 708 584 743 tamquam
592 700 687 742 lapis.
714 700 784 734 Hic
799 699 888 734 enim
913 699 1028 734 Petrus
1052 700 1121 734 Sar-

236 747 381 783 denfium
401 748 618 793 Metropolita
641 751 685 784 est
708 750 764 785 ille
777 751 841 794 ipse
860 775 871 791 ,
894 750 1039 793 quicum
1054 750 1119 783 Eu-

235 797 363 843 lamp10
398 800 433 835 1&
457 799 623 847 Gregorio
649 798 787 839 Asbesta
813 798 952 839 schisma
980 796 1045 837 hoc
1071 800 1117 833 in-

234 847 373 885 choarat
386 874 394 885 2

283 898 417 941 Legatis
428 896 515 931 hisce
525 899 596 933 fixas
607 898 759 932 addidere
770 897 812 935 ,ad
835 898 1015 932 Nicolaum
1027 896 1116 934 Pone

231 946 358 981 tificem
367 946 492 983 litteras
514 947 548 981 &
561 946 695 981 Basilius
707 946 896 993 Augustus,
921 948 954 982 &
977 947 1115 982 Patriar-

230 994 295 1030 cha
306 994 476 1042 ignatius,
503 998 672 1032 &adulter
694 996 852 1035 Photius‚
879 997 1013 1036 Basilius
1040 998 1110 1042 post

230 1044 424 1091 descriptam
437 1047 584 1082 Ecclefiae
597 1048 972 1092 Constantinopolitanae
983 1048 1114 1083 calami-

229 1106 332 1131 tatem
343 1097 532 1143 significata
544 1098 576 1132 se
589 1098 749 1133 Photium
760 1097 884 1133 throno
897 1098 1112 1135 patriarchali

228 1146 390 1190 ejectum,
416 1159 454 1182 ac
474 1148 567 1193 plene
587 1149 769 1186 restitutum
792 1150 978 1194 Ignatium:
1003 1148 1110 1198 Qod

229 1197 353 1234 fastum
378 1199 495 1238 suum,
522 1199 636 1243 utpote
660 1198 931 1242 Apostolicorum
953 1201 1110 1235 Decreto-

228 1256 302 1282 rum
311 1249 539 1285 executorium
551 1274 562 1289 ‚
588 1261 657 1283 non
668 1247 832 1289 dubitavit
843 1250 905 1287 esse
920 1261 977 1294 per
997 1251 1109 1285 omnia

226 1307 358 1337 ratum,
382 1298 445 1332 &a
459 1300 514 1332 sua
533 1300 708 1340 Sanstitate
720 1300 983 1336 confirmandum
995 1326 1003 1333 .
1029 1300 1112 1339 Prae-

228 1347 340 1383 sertim
349 1348 394 1386 ob
405 1360 528 1392 nupera
541 1347 658 1387 Photii
670 1350 869 1386 inSanEium
882 1350 1048 1395 Ignatium
1074 1363 1112 1386 ac

227 1397 336 1442 ipsum
360 1398 501 1435 feliciter
526 1410 718 1444 regnantem
744 1400 942 1438 Pontificem
965 1402 1112 1436 facinora

226 1456 286 1491 per
307 1449 519 1493 imaginarias
540 1450 694 1490 synodos
720 1474 733 1489 ‚
756 1461 896 1492 quarum
920 1450 1112 1487 authentica

227 1498 313 1531 Asta
340 1499 406 1531 suis
426 1497 542 1532 litteris
567 1494 787 1541 adjunxerat.
822 1498 949 1544 Verum
973 1499 1112 1534 oestabat

225 1548 324 1583 causa
343 1547 430 1583 varia
451 1548 616 1582 variorum
642 1548 729 1585 varie
758 1548 920 1593 lapsorum
933 1547 1111 1593 Episcopo-

225 1606 300 1630 rum
319 1619 331 1636 ,
358 1597 527 1632 Abbatum
552 1620 562 1635 ,
588 1597 793 1635 Clericorum
817 1621 828 1637 ‚
854 1598 889 1634 δε
928 1598 1109 1639 laicorum,

226 1656 369 1691 quorum
388 1646 524 1690 quidam
550 1646 568 1679 ὲ
593 1644 742 1687 Photio,
767 1646 902 1695 quidam
923 1647 964 1683 ab
975 1648 1108 1692 ignatio

224 1705 283 1729 aut
295 1694 313 1728 a
326 1696 442 1732 Sandio
453 1694 633 1734 Methodio
645 1697 775 1736 fuerant
785 1697 962 1734 consectati
971 1723 982 1740 ‚
998 1697 1108 1736 verum

223 1742 350 1781 Photio
360 1743 555 1781 adhaeserant
565 1771 577 1787 ,
602 1747 665 1783 suae
673 1748 931 1785 consecrationis
956 1758 1013 1783 aut
1022 1749 1107 1784 ordi-

222 1795 373 1831 nationis
395 1797 622 1840 professionem
643 1798 727 1836 varie
748 1798 966 1841 praevaricati.
995 1800 1107 1833 Hosce

221 1846 368 1886 omnesa
379 1846 559 1882 ministerio
570 1847 705 1884 interim
727 1849 844 1882 cessare
856 1849 991 1883 Sanetus
1012 1849 1108 1893 Igna-

220 1894 290 1929 tius
299 1893 449 1938 jusserat,
474 1896 682 1930 definitivum
693 1897 734 1932 de
747 1897 980 1940 illisjudicium
1002 1898 1106 1932 sciens

221 1943 383 1989 priuative
404 1957 447 1981 ex
467 1945 600 1992 antiqua
612 1946 761 1982 Ecclefiae
774 1948 887 1994 regula
913 1948 1104 1984 reservatum

220 1994 292 2031 sedi
315 1995 478 2030 Romanae
496 2020 505 2028 .

274 2043 314 2077 In
335 2045 465 2079 suarum
487 2046 553 2089 ipse
575 2046 756 2082 litterarum
783 2048 922 2083 exordio
935 2049 1106 2093 insigniter

221 2095 379 2139 professus
387 2095 432 2129 est
445 2096 632 2139 supremum
644 2098 803 2131 Romanae
816 2097 962 2132 Ecclefiae
981 2098 1105 2133 Prima-

220 2154 319 2186 tum,
343 2144 456 2189 utp0te
466 2145 653 2182 cuidic'tum
663 2147 975 2183 fueritaDomino:
1002 2152 1049 2182 Tu
1068 2161 1099 2183 es

221 2197 353 2234 Petrus,
379 2197 413 2230 (Ὗ
427 2194 517 2239 super
541 2195 617 2232 hanc
632 2201 756 2231 Petram
777 2196 928 2238 aedtficabo
949 2198 1103 2240 Ecclefiam

220 2256 316 2278 meam
328 2270 335 2276 .
361 2245 489 2280 Omnes
500 2247 619 2282 saneto
631 2248 730 2282 Petro
747 2244 988 2290 Apostolorum
1010 2248 1103 2283 Prin-

219 2295 287 2339 cipi
298 2295 389 2330 datas
416 2308 472 2331 aut
485 2297 582 2331 distas
592 2297 611 2330 a
625 2296 757 2332 Christo
768 2297 922 2332 Domino
946 2309 1101 2344 praeroga-

217 2344 305 2380 tivas
330 2357 368 2380 ac
379 2345 488 2381 laudes
499 2348 656 2390 professus
668 2348 713 2382 est
722 2348 823 2383 etiarn
837 2347 905 2391 ejus
920 2348 957 2382 in
978 2347 1102 2385 Roma-

216 2406 262 2429 na
273 2392 427 2430 cathedra
450 2397 678 2433 successoribus
692 2409 732 2432 ex
745 2399 877 2443 integro
899 2399 1078 2434 convenire
1089 2425 1096 2433 .

216 2445 326 2484 Tales,
350 2445 480 2488 inquit,
507 2446 612 2481 beatas
636 2458 721 2482 voces
747 2460 805 2481 non
822 2447 983 2491 seeundum
1004 2460 1100 2492 quan·

216 2495 290 2527 dam
301 2501 400 2538 utique
404 2494 514 2538 sortem
525 2497 720 2540 Apostolorum
730 2501 864 2540 Principi
869 2498 1096 2542 solum-circum-

211 2542 329 2587 scripsit
355 2546 541 2588 &definivit
551 2548 717 2588 Dominus,
741 2547 799 2591 sed
818 2557 873 2590 per
898 2560 962 2583 eum
983 2550 1029 2582 ad
1041 2561 1099 2582 om-

214 2606 292 2635 nes,
318 2595 439 2638 quipost
450 2597 532 2630 illum
548 2596 709 2640 secundum
730 2597 825 2642 ipsum
836 2599 979 2641 efficiendi
1007 2609 1096 2632 erant

210 2644 319 2687 summi
342 2645 475 2686 Pastores
487 2671 498 2687 ,
526 2648 560 2681 ὡ·
581 2648 759 2688 Diviniffimt
776 2646 913 2691 sacrique
934 2651 1090 2693 Ponttffies

208 2693 338 2737 senioris
365 2699 467 2730 Romae
488 2722 498 2738 ,
524 2696 683 2741 transmisit
704 2722 712 2729 .
747 2698 796 2731 lta
825 2699 967 2733 necdum
1005 2709 1095 2734 natas

212 2744 322 2779 Marci
333 2745 477 2779 Antonii
489 2746 530 2780 de
543 2749 701 2782 Dominis
710 2747 1094 2794 Archi-Apostataelgna-

213 2793 279 2827 tius
289 2806 393 2840 nugas
415 2794 634 2833 schismaticas
654 2798 860 2841 praefocavit,
886 2797 1009 2833 addens
1025 2811 1094 2834 om-

211 2842 307 2877 nium
318 2845 375 2878 sub
386 2846 470 2881 coelo
482 2847 698 2882 Ecclefiarum
718 2847 848 2882 haereses
859 2872 870 2888 ,
898 2847 1068 2884 schismata
1082 2874 1092 2890 ‚

211 2893 246 2927 δε
257 2894 406 2929 scandala
418 2907 473 2939 per
485 2896 647 2932 Romanae
659 2898 803 2932 Ecclesiae
813 2897 992 2934 Pontifices
1014 2901 1092 2934 sem·

209 2953 267 2987 per
287 2943 379 2978 fuiffe
402 2947 512 2981 sanata
536 2948 721 2982 &extinsta
735 2972 743 2979 .
787 2947 919 2983 Deinde
944 2949 985 2983 de
1006 2949 1090 2984 datis

209 3004 271 3037 pro
291 2994 345 3027 sua
369 2995 573 3031 restitutione
600 3001 635 3031 in
647 2996 806 3032 Photium
829 2999 997 3033 sententiis
1021 3000 1089 3044 egit

208 3043 369 3078 Pontifici
394 3046 536 3089 gratias,
563 3047 773 3092 laudavitque
788 3048 976 3093 Augustum
1002 3049 1088 3083 Basi-

207 3093 291 3129 lium
307 3119 317 3135 ,
345 3095 401 3138 qui
424 3095 495 3129 illas
515 3095 712 3132 aMichaele
737 3098 889 3143 Augusto
914 3097 1088 3143 hucusque

207 3145 383 3187 suppressas
409 3145 571 3189 &spretas
589 3156 754 3191 tamquam
780 3161 871 3182 verus
892 3149 1087 3183 obedientiae

208 3193 295 3228 filius
304 3195 379 3229 esset
394 3196 527 3229 tandem
538 3207 694 3231 executus
708 3223 718 3238 ,
747 3207 845 3242 atque
858 3199 901 3231 ita
917 3201 1006 3232 suam
1025 3200 1085 3233 rni-

1175 1203 1304 1229 ratorem
1329 1197 1514 1233 Ludovicum
1530 1222 1537 1229 .
1571 1196 1666 1245 Qid
1687 1220 1698 1237 ‚
1725 1208 1782 1231 cur
1796 1221 1807 1238 ‚
1833 1199 1869 1233 ὃς
1890 1199 2066 1240 quomode>

1173 1246 1306 1283 certarit
1324 1256 1402 1284 cum
1411 1246 1587 1284 Ludovico
1615 1246 1768 1292 Augusto
1793 1247 1849 1283 hic
1871 1249 2065 1284 venerabilis

1177 1295 1380 1341 Episcopus,
1406 1299 1508 1346 usque
1521 1296 1586 1333 huc
1599 1309 1667 1334 non
1681 1298 1782 1342 reperi
1796 1311 1803 1331 :
1832 1298 1957 1334 Forsan
1977 1298 2065 1335 Pho-

1175 1346 1214 1380 tii
1235 1346 1532 1391 Pseudo-synodos
1552 1373 1563 1389 ‚
1602 1349 1636 1383 δε
1660 1350 1850 1392 promissum
1888 1348 2064 1386 Ludovico

1176 1397 1354 1439 Imperium
1379 1398 1552 1432 Orientale
1578 1422 1589 1438 ,
1625 1408 1724 1442 atque
1765 1398 1809 1433 ita
1846 1398 1881 1432 &
1902 1397 2064 1434 Ludovici

1175 1447 1262 1487 spem
1282 1446 1430 1480 convicit
1452 1447 1597 1481 stultitiae
1619 1472 1629 1487 ,
1658 1447 1925 1491 ingratitudinis,
1951 1448 2064 1490 impie·

1174 1494 1251 1528 tatis
1274 1519 1282 1526 .
1309 1495 1368 1529 Est
1393 1506 1478 1530 unus
1505 1508 1546 1531 ex
1575 1498 1641 1529 illis
1666 1497 1842 1539 duodecim
1873 1497 2062 1541 Episcopis‚

1173 1555 1257 1586 quos
1279 1545 1343 1579 fine
1356 1547 1505 1581 Romani
1526 1545 1629 1580 libelli
1656 1547 1849 1589 profeffione
1871 1547 1910 1580 ad
1936 1547 2063 1590 Synodi

1175 1593 1286 1627 nostrae
1295 1596 1476 1631 consessum
1513 1596 1547 1628 in
1560 1597 1663 1638 prima
1675 1595 1819 1629 Actione
1840 1597 1958 1642 Legati
1971 1595 2063 1641 Apo-

1172 1642 1281 1678 stolici
1306 1655 1381 1678 cum
1410 1643 1514 1678 laudis
1524 1645 1640 1690 elogio
1654 1643 1871 1681 admiserunt.
1900 1647 1979 1680 Erat
1991 1658 2060 1682 non

1171 1692 1280 1730 Sanni
1290 1693 1415 1739 Ignatii
1430 1694 1470 1731 ad
1482 1694 1681 1729 Pontificem
1691 1696 1836 1740 Legatus
1848 1721 1858 1736 ,
1885 1696 1939 1730 sed
1955 1698 2060 1741 Lega-

1171 1752 1208 1778 to
1219 1742 1389 1786 adjunctus
1405 1745 1511 1778 socius
1524 1769 1535 1785 ,
1560 1746 1609 1780 uti
1623 1745 1724 1780 Petro
1738 1745 1882 1779 Sardenfi
1907 1755 1974 1779 erat
1989 1756 2059 1780 mo·

1172 1791 1333 1829 nachulus
1356 1792 1554 1828 Methodius
1569 1817 1576 1824 .
1604 1793 1709 1828 Porro
1732 1792 1963 1834 Ludovicum,
1990 1807 2058 1835 non

1171 1841 1427 1885 Imperatorem,
1453 1842 1506 1878 sed
1517 1841 1688 1877 dumtaxat
1704 1844 1863 1887 Regalem
1888 1843 2058 1881 hominem

1169 1892 1311 1935 appellat
1320 1891 1471 1936 Ignatius
1483 1917 1494 1933 ‚
1521 1889 1610 1937 quod
1622 1891 1726 1929 homo
1740 1894 1871 1929 Graecus
1884 1896 2058 1940 agnoscere

1169 1940 1460 1984 nolletImperium
1473 1943 1657 1977 occidentis
1671 1968 1678 1974 .
1706 1945 1840 1992 Quinto
1863 1946 1998 1980 tandem
2022 1948 2057 1983 in

1169 1989 1304 2027 laudatis
1314 1990 1356 2027 ad
1368 1989 1565 2026 Pontificem
1592 1992 1710 2027 litteris
1733 1995 1944 2036 Apostolicos
1955 1995 2058 2041 Lega-

1167 2051 1241 2083 tos,
1268 2040 1484 2077 celebraturos
1504 2043 1690 2087 generalem
1718 2043 1914 2086 synodum,
1939 2047 1972 2081 δε
1996 2047 2057 2082 Ec-

1166 2092 1294 2127 clesiam
1317 2092 1727 2137 Constantinopolitanam
1752 2106 1941 2138 pacaturoS‚
1970 2109 2054 2140 quos

1167 2142 1301 2177 Basilius
1313 2142 1483 2187 Augustus
1494 2142 1670 2186 postularat
1685 2168 1696 2184 ,
1712 2145 1811 2178 etiam
1825 2147 1891 2190 ipse
1903 2146 2052 2191 expostu-

1164 2193 1263 2228 lavit.
1291 2194 1343 2228 Ex
1357 2204 1424 2237 quo
1441 2192 1532 2227 vides
1546 2194 1709 2236 Joannern
1730 2193 1953 2242 Palaeologum
1969 2197 2051 2232 Grae·

1165 2254 1277 2278 corum
1304 2241 1494 2287 Augustum
1517 2244 1684 2280 inlitteris
1707 2243 1748 2279 ad
1761 2245 2055 2291 Martinumquin-

1165 2304 1235 2328 tum
1257 2293 1456 2329 Pontificem
1491 2319 1502 2334 ,
1529 2305 1584 2336 per
1602 2294 1801 2337 Sylvestrum
1829 2297 2051 2340 Sguropulum

1163 2344 1372 2382 memoratis,
1396 2354 1521 2378 errare:
1548 2346 1647 2378 Solum
1661 2348 1858 2379 Romanorum
1877 2352 2054 2390 Imperator,
2076 2343 2230 2380 [ds-8³)-

1163 2396 1315 2436 &praeter
1326 2405 1393 2426 eum
1416 2405 1497 2427 nemo
1507 2399 1586 2427 inter
1608 2398 1750 2429 mortales
1778 2396 1989 2431 authoritatem
2001 2398 2055 2432 ba-

1161 2445 1210 2478 bet
1225 2444 1406 2478 convocandi
1427 2444 1569 2484 synodum
1582 2469 1591 2484 ,
1619 2456 1660 2479 ex
1685 2452 1779 2479 veteri
1799 2453 1882 2487 ritu,
1907 2447 2052 2490 confitetu-

1160 2496 1229 2528 dine
1242 2519 1253 2534 ,
1279 2505 1314 2527 ac
1318 2495 1477 2538 privilegio
1506 2494 1657 2536 majestati
1677 2500 1866 2538 Imperatoris
1893 2499 2046 2532 adunato.

1161 2545 1235 2589 Ego
1247 2544 1322 2578 dico
1335 2557 1346 2578 .·
1373 2545 1426 2578 Ex
1440 2544 1729 2581 Schismaticorum
1742 2547 1978 2590 Imperatorum
1991 2560 2045 2592 per

1159 2593 1391 2629 Schismaticos
1429 2594 1633 2629 Patriarchas
1671 2596 1809 2631 tolerata
1852 2598 2019 2632 invasione
2037 2624 2043 2631 .

1157 2642 1270 2679 Photii
1280 2645 1321 2678 ad
1333 2644 1514 2678 Nicolaum
1525 2644 1724 2680 Pontificem
1748 2647 1860 2680 littera:
1880 2647 1944 2681 una
1966 2659 2043 2682 cum

1157 2695 1224 2738 ejus
1237 2694 1365 2739 Legato
1375 2719 1386 2736 ,
1413 2693 1510 2730 Petro
1525 2696 1727 2731 Sardensium
1742 2696 1957 2741 Metropolita
1968 2723 1979 2739 ‚
2006 2697 2041 2733 in

1157 2745 1238 2780 mari
1260 2744 1433 2779 Adriatico
1457 2746 1619 2788 perierunt
1634 2771 1642 2779 .

1206 2795 1341 2830 Plenam
1369 2806 1407 2830 ac
1435 2797 1507 2830 vere
1518 2797 1702 2841 generalem
1726 2797 1898 2839 synodum
1923 2796 2041 2833 defide-

1156 2845 1269 2880 rabant
1295 2846 1330 2880 &
1347 2845 1482 2879 Basilius
1495 2845 1662 2890 Augustus
1689 2847 1723 2880 ὃς
1741 2846 1927 2881 Patriarcha
1946 2848 2039 2892 Igna·

1154 2896 1217 2930 tius
1228 2921 1238 2937 ,
1264 2894 1405 2938 ideoque
1418 2896 1559 2940 Legatos
1569 2897 1724 2930 miserunt
1737 2897 1836 2933 etiam
1849 2898 1889 2933 ad
1902 2897 2039 2932 Patriar-

1153 2943 1229 2980 chas
1242 2945 1508 2981 Alexandrinum
1524 2972 1534 2987 ,
1561 2944 1810 2982 Antiochenum
1823 2972 1834 2988 ,
1862 2960 1900 2982 ac
1919 2948 2034 2983 Hiero.

1154 2997 1410 3039 solymitanum.
1437 2997 1513 3030 Fuit
1539 2997 1573 3030 &
1585 2996 1648 3030 alia
1660 2997 1855 3042 Legationis
1880 2997 1972 3032 istius
1985 3009 2037 3038 ne-

1153 3046 1275 3080 cessitas
1286 3070 1298 3087 ,
1326 3047 1367 3080 de
1378 3046 1486 3089 quain
1501 3045 1618 3080 litteris
1638 3047 1679 3082 ad
1693 3047 1843 3082 Ecclefiae
1860 3048 2037 3082 Gallicanae

1154 3096 1334 3139 Episcopos
1345 3097 1481 3129 Sanctus
1501 3096 1660 3131 Pontifex
1683 3097 1863 3132 Nicolaus:
1890 3097 2038 3133 Michael
2057 3106 2194 3147 Epist,70,

1152 3145 1320 3189 Augustus
1344 3144 1378 3178 &
1393 3145 1528 3180 Basilius
1553 3146 1658 3180 Caesar
1675 3149 1721 3180 ad
1742 3150 1979 3183 Alexandrtnum
2004 3149 2037 3182 (τ

1152 3194 1436 3239 Plterofhhmttanum
1450 3195 1648 3230 patriarchas
1671 3197 1833 3241 miserunt,
1859 3211 1908 3232 eos
1929 3200 2035 3232 videli-

205 3246 375 3279 fetandam
387 3246 578 3280 senectutem
604 3247 638 3280 &
648 3248 754 3282 varios
765 3259 823 3290 pro
835 3248 902 3291 ipsa
915 3249 1018 3290 passos
1029 3243 1085 3283 du·
1148 3256 1192 3279 cet
1204 3253 1236 3278 ut
1246 3252 1280 3278 in
1291 3245 1451 3286 dejefflme
1461 3249 1481 3279 5
1483 3247 1563 3280 unffi
1574 3250 1686 3291 Ignatii
1714 3249 1902 3283 Patrtarcbae
1918 3274 1929 3290 2
1956 3250 1989 3281 (Ὺ
2001 3253 2034 3279 ¹⁶7¹

206 3305 239 3328 ra
257 3296 439 3339 Episcopos
465 3298 499 3330 ὅς
514 3297 663 3341 Cleripos
673 3298 877 3332 consolatus.
905 3297 1027 3332 Tertio
1044 3299 1084 3334 de
1144 3301 1324 3337 promotione
1331 3294 1485 3338 invasoris
1504 3295 1607 3330 Pbml
1616 3295 1674 3338 fi⁶²
1697 3297 1901 3342 ‘'Onseml'am,
1928 3296 2034 3328 αὔθ’·

206 3345 302 3378 variis
313 3346 399 3380 varie
411 3346 499 3390 lapsis
515 3357 583 3381 tam
596 3348 657 3380 suae
683 3348 715 3381 δε
727 3344 952 3381 Methodianae
964 3373 974 3388 ,
986 3359 1083 3392 quam
1148 3355 1249 3379 tames
1265 3370 1273 3378 .
1300 3350 1338 3378 In
1349 3357 1404 3388 quo
1417 3356 1468 3379 nos
1489 3358 1547 3380 non
1560 3358 1655 3381 eorum
1675 3351 1856 3382 concordiam
1869 3372 1879 3387 ‚
1898 3343 2032 3388 fortaſse*

201 3390 375 3430 Photianae
400 3398 655 3432 consecrationis
682 3397 851 3441 Episcopis
885 3398 919 3432 &
947 3397 1084 3433 Clericis
1146 3406 1246 3429 contra
1251 3395 1367 3436 statuta
1386 3394 1440 3438 seu
1450 3399 1630 3431 traditiones
1644 3398 1806 3441 Apostolicae
1815 3398 1897 3430 sedis
1922 3401 2030 3436 impro-

204 3443 381 3486 postulavit
395 3445 596 3492 Apostolicae
609 3447 700 3483 Sedis
710 3447 868 3491 judicium
882 3472 892 3489 ,
914 3448 1081 3493 praesertim
1147 3448 1221 3481 vide?
1231 3447 1462 3491 conglutinatam
1472 3470 1483 3489 ‚
1512 3450 1574 3484 Deo
1590 3450 1916 3492 adjuvantepavemus
1937 3456 1951 3486 ,-
1973 3443 2032 3486 sed

1944 3505 1982 3529 ne
