2340 3762
54 475 209 509 mac-53·

612 164 923 221 Scnonm,
960 178 1022 206 ετ
1059 160 1251 208 Nous
1287 172 1671 210 rmusraarr.

413 301 907 346 SenoLION.

310 445 461 484 Umdem
482 448 576 480 usum
599 445 632 480 in
657 446 824 482 Armeniis
848 444 983 480 damnat
1008 435 1106 479 Nice·

333 492 453 542 phorus
477 497 648 531 Calixtus,
676 498 754 540 Ejus
773 497 901 532 causam
922 495 1008 538 apud
1033 493 1106 528 Cle»

226 558 374 589 mentem
388 547 556 586 Galanum
578 547 613 580 in
637 548 752 583 litteris
769 547 813 583 ad
834 547 1031 589 Haytonem
1042 545 1107 578 Re-

226 610 303 644 gem
322 597 421 632 edicit
431 596 618 631 Patriarcha
629 598 808 643 Gregorius
829 597 977 630 Sisenfis.
1007 594 1106 629 Nori?

222 648 477 693 sanHaRomana
494 647 619 689 Ecclesia
635 656 715 682 ritus
735 653 838 684 varios
864 655 993 688 acceptos
1013 643 1104 679 babe-

226 711 295 733 mus
307 718 320 737 ‚
344 697 465 740 tasnetfi
482 709 539 731 non
551 704 621 731 item
635 697 731 742 pisces
756 698 888 732 &oleum
906 703 941 732 in
961 696 1103 740 ‚Quadra-

218 748 331 794 gefima
339 750 538 790 comedimus,
561 752 933 790 exceptoAnnunciationis
947 746 1042 792 fisto.
1069 744 1103 783 A

224 799 381 834 Romana
401 799 544 835 Ecclesia
563 809 756 842 acceperunt
789 800 822 833 ἃς
846 797 1001 832 Sabbathi
1026 795 1102 840 jeju-

225 851 322 883 nium
335 875 348 891 ‚
371 850 598 891 servatumque
619 850 719 892 usque
739 849 951 895 adJoannem
962 846 1105 883 Oznien-

223 900 294 933 ¹sem
313 921 325 936 ‚
350 898 520 941 peffimum
539 897 761 932 patriarcham
780 923 791 938 ‚
816 897 857 933 de
878 909 945 940 quo
967 896 1104 939 antiqua

225 958 343 982 eorum
367 945 521 982 historia.-
552 947 732 982 Patriarcha
753 947 803 986 iste
819 949 952 981 decrevit
970 952 1004 980 in
1017 948 1104 990 ‚Qua-

224 996 395 1041 dragefimae
425 996 588 1033 Sabbatbis
619 1000 769 1039 jejunium
800 997 852 1041 effe
873 996 1104 1041 frangendum,

224 1049 472 1090 quemadmodism
490 1054 524 1082 in
548 1052 711 1082 Dominicis
723 1073 730 1081 .
760 1049 802 1082 Et
815 1048 899 1082 infra
912 1071 920 1080 .
949 1047 1103 1082 Praetercae?

218 1097 331 1141 statuit
337 1096 433 1142 pisces
444 1123 454 1139 ‚
481 1100 571 1134 oleum
582 1123 592 1139 ,
618 1100 653 1135 <9⁹
665 1105 769 1133 vinum
778 1098 828 1145 effic
848 1104 879 1131 in
891 1099 991 1134 eodem
1001 1099 1106 1131 ordine

224 1151 428 1190 computanda
449 1157 578 1190 tempore
595 1150 704 1190 jejunit
722 1160 789 1182 cum*
810 1149 887 1185 lac‘le
906 1173 918 1188 ‚
943 1146 1046 1191 caseo,
1071 1149 1107 1182 (35

213 1199 295 1231 'ovis
308 1223 315 1230 .
344 1199 388 1232 Et
408 1200 543 1236 Sanstus
567 1198 747 1234 monachus
760 1199 874 1236 Nicon
897 1199 931 1232 in
946 1197 1106 1241 opusculo

224 1247 268 1282 de
285 1248 493 1291 peffimorum
519 1249 755 1286 Armeniorum
776 1250 907 1294 peffima
927 1249 1105 1295 religione,

223 1299 394 1332 Comedunt
412 1301 446 1333 cb·
464 1306 498 1334 in
520 1300 681 1334 sabbathis
702 1301 738 1336 ὦ·
756 1305 790 1333 in
813 1303 974 1332 Dominicis
989 1297 1107 1340 sanoqae

227 1348 472 1392 ‚Quadragefimae
492 1361 571 1389 ova,
596 1348 709 1392 caseum
731 1373 742 1389 ‚
768 1351 803 1387 φ·
820 1347 974 1389 butyrum:
1002 1351 1047 1380 Et
1073 1353 1108 1382 in

220 1403 334 1440 prunis
341 1409 441 1434 eorum
449 1398 633 1442 universalis
646 1397 809 1443 Epifisopus
822 1423 829 1432 ‚
854 1402 903 1430 Et
913 1398 951 1435 est
966 1398 1050 1437 apud
1058 1408 1107 1429 eos

224 1446 333 1478 canon
343 1469 355 1485 ,
365 1453 418 1488 qui
426 1448 518 1479 dicit:
546 1447 583 1479 SI
595 1447 713 1493 QUis
724 1445 904 1481 BUTYR
910 1445 992 1478 UM
1007 1467 1018 1482 ‚
1029 1445 1108 1477 CA-

223 1493 366 1531 SEUM
375 1517 386 1534 ‚
405 1495 474 1530 ET
483 1494 630 1531 oVuM
648 1494 765 1532 VINO
778 1494 845 1532 ET
855 1494 986 1531 OLEO
997 1494 1106 1530 NON

1171 242 1297 290 AEQJ
1301 244 1350 278 1V
1356 245 1513 280 ALERE
1528 243 1792 283 ExlsTMET
1801 270 1814 287 ,
1826 245 2053 285 ANATHEA

1171 294 1246 328 MA
1258 295 1334 329 SIT
1343 321 1353 330 ‚
1382 295 1556 333 Variarum
1569 293 1788 332 Ecclefiarum
1800 298 1884 330 varia
1896 298 1980 331 olim
1993 309 2051 340 per

1170 346 1460 391 Qadragefimam
1480 344 1771 383 fuitabstinentia.
1799 345 1887 378 Oleo
1911 348 1946 380 ὃ(
1960 346 2050 390 pisci-

1171 395 1229 431 bus
1249 397 1305 429 usa
1327 396 1449 439 semper
1469 397 1513 430 est
1541 396 1694 432 Romana
1721 393 1887 434 Ecclesia,
1911 407 2051 439 eamque

1171 445 1410 489 indulgentiam
1420 447 1437 478 a
1450 447 1568 482 Sansto
1580 445 1744 490 Gregorio
1767 444 1898 489 Magno
1909 443 2052 478 Pontifi-

1167 507 1206 530 ce
1227 493 1335 539 quoad
1356 495 1553 534 Dominicas
1571 497 1605 529 ὃς
1630 494 1913 531 Annunciationis
1931 494 2050 530 festum

1170 557 1317 583 mutuata
1328 546 1373 578 est
1385 569 1397 588 ‚
1424 544 1551 590 reliquis
1562 543 1676 579 diebus
1689 543 1886 590 Xerophaga
1898 570 1910 587 ,
1936 544 2051 581 Eccle-

1170 597 1211 630 fia
1223 596 1458 632 Armeniorum
1469 619 1481 635 ,
1507 592 1704 637 tandemque
1712 595 1777 637 jam
1791 595 1893 629 dietus
1906 595 2051 639 joannes

1169 645 1358 681 patriarcha
1382 644 1510 680 addidit
1526 644 1628 680 etiam
1640 645 1776 684 vinum,
1803 645 1968 680 laeticinia
1982 669 1994 686 ‚
2017 644 2054 679 δε

1168 708 1230 731 ova
1243 722 1252 730 .
1277 695 1410 734 Eisdem
1422 721 1433 738 ‚
1460 694 1571 730 nescio
1594 706 1663 741 quo
1675 695 1803 729 austore
1818 719 1828 733 ,
1855 705 1910 728 aut
1923 707 1985 738 qua
1998 706 2056 730 oc-

1168 748 1297 783 cafione
1308 771 1320 787 ‚
1335 748 1385 781 uti
1398 745 1605 790 postmodum
1618 755 1783 788 coeperunt
1795 744 1895 778 etiam
1907 745 2055 787 quaedam

1170 798 1322 835 Ecclefiae
1332 797 1478 837 Latinae,
1501 805 1600 839 atque
1613 796 1657 831 ita
1670 806 1711 829 ex
1724 792 1827 828 hocce
1840 794 1981 829 Canone
1996 795 2056 830 im·

1170 847 1352 891 properavit
1387 845 1485 881 nobis
1521 843 1666 880 Photius
1702 843 1879 878 schismatis
1916 846 2027 878 auster
2042 858 2055 878 .-

1167 899 1261 941 ,ρειαί
1277 896 1391 940 septem
1409 906 1482 930 ante
1506 894 1623 941 Pascha
1644 892 1997 937 hebdomadibusacasei
2019 896 2055 928 &¹

1166 959 1288 981 ovorum
1305 945 1375 990 esu,
1400 959 1478 980 more
1495 945 1568 990 suo,
1593 957 1651 982 non
1670 946 1808 988 cessemus
1830 971 1838 978 .
1869 945 2054 989 Respondit

1169 996 1243 1032 vero
1268 997 1426 1032 Pontifex
1451 997 1612 1031 Nicolaus
1633 998 1758 1041 primus
1772 1021 1781 1030 .
1808 994 1972 1029 calumnia
1991 993 2053 1037 tst:

1167 1050 1243 1081 ciam
1256 1054 1288 1083 in
1298 1049 1391 1084 Italia
1400 1059 1564 1093 numquam
1575 1053 1608 1083 in
1617 1046 1669 1091 usu
1674 1046 1775 1090 suerit
1789 1070 1796 1079 .
1822 1048 1925 1080 Trans
1938 1054 2054 1080 moines·

1166 1109 1267 1133 tamen
1278 1101 1313 1132 id
1320 1110 1359 1133 ex
1370 1109 1484 1142 magna
1502 1096 1592 1141 causa
1610 1096 1719 1132 alicubi
1729 1103 1859 1139 apparet
1884 1094 1935 1138 effe
1945 1092 2056 1138 conces-

1162 1147 1231 1193 siem
1252 1172 1261 1181 .
1289 1150 1373 1183 Eam
1396 1149 1585 1190 varietatem
1610 1146 1652 1183 ad
1675 1146 1759 1181 solas
1783 1145 1924 1191 Regina
1950 1144 2054 1179 vestes

1166 1201 1323 1243 spestare‚
1351 1199 1471 1237 &fidei
1491 1198 1610 1235 unitati
1626 1194 1710 1232 nihil
1722 1196 1877 1238 officere,
1903 1195 1970 1239 jam
1995 1195 2056 1238 pri·

1166 1250 1241 1284 dem
1267 1250 1503 1294 responderunt
1527 1250 1677 1286 Socrates
1700 1270 1714 1288 .
1745 1247 1783 1282 ἀ
1809 1247 1845 1281 in
1864 1245 2051 1281 Florentini

1170 1299 1319 1335 Concilii
1349 1300 1516 1344 Apologia
1543 1297 1722 1342 Gregorius
1761 1295 2049 1338 Protosynceuus.

1166 1349 1237 1383 Hic
1259 1350 1392 1384 interim
1416 1350 1538 1385 Canon
1560 1348 1660 1383 docet
1680 1347 1838 1390 antiquos
1862 1346 1993 1380 Graecos
2018 1346 2056 1380 in.

1160 1399 1425 1445 Qadragefimae
1446 1398 1637 1435 Dominicis
1667 1397 1704 1431 a&
1727 1395 1820 1430 Sabb
1830 1394 1917 1429 athis
1939 1419 1950 1434 ‚
1977 1394 2056 1428 licet

1161 1458 1231 1483 non
1251 1446 1451 1492 jejunarent,
1475 1445 1814 1483 omninoacarnibus
1845 1443 2056 1480 abstinuissc.

525 1778 1205 1870 CANON
1356 1777 1755 1871 LVIL

223 1979 476 2122 Quod
510 1979 567 2031 ad
594 1983 737 2034 altare
772 1985 859 2034 mel
894 1987 938 2033 δε
973 1983 1043 2033 lac
1077 1980 1233 2034 offerre
1266 1998 1358 2032 non
1389 1996 1595 2050 oportet.

411 2194 905 2241 ScH0L10N.

222 2336 453 2422 EJufinodi
463 2342 632 2377 decretum
651 2343 710 2377 sub
720 2343 797 2387 Julii
811 2339 908 2387 primi
931 2337 1105 2376 Pontificis

224 2428 229 2432 ,
332 2392 468 2426 nomine
480 2392 614 2427 adducit
624 2393 725 2427 etiam
739 2394 934 2427 Gratianus:
961 2391 1105 2425 Audimus

220 2437 366 2481 quosdam
371 2439 561 2485 schismatica
580 2442 743 2477 ambitione
751 2445 884 2477 detentos
898 2465 910 2482 ,
934 2451 1037 2474 contra
1050 2443 1106 2474 Dt-

225 2493 314 2523 w'nos
325 2496 462 2525 canones
482 2494 517 2527 (θ’
529 2492 699 2535 Apostolicas
724 2493 959 2534 constitutiones,
983 2492 1029 2525 lac
1047 2498 1105 2533 pro

226 2543 299 2570 vino
320 2546 353 2572 in
376 2544 501 2575 Divinis
527 2541 676 2586 sacrificiis
702 2546 837 2578 dedicare
858 2568 864 2575 .
893 2539 1104 2585 Rigidisfim&

224 2586 363 2622 abusum
386 2591 484 2626 istum
494 2592 662 2636 exstirpat.
690 2595 747 2628 Est
762 2594 880 2629 Canon
903 2594 1026 2635 primus
1048 2601 1106 2627 ter-

224 2637 278 2671 tiae
288 2641 415 2683 Synodi
429 2642 660 2677 Braccarenfis:
680 2645 736 2678 An
747 2645 848 2678 etiam
858 2644 893 2676 sit
904 2641 981 2684 Julii
990 2641 1106 2676 Ponti-

181 2687 185 2694 “
224 2688 316 2730 ficis,
343 2703 411 2726 non
425 2693 541 2735 poffim
554 2692 741 2729 adfirmare.
769 2695 943 2729 Consonat
962 2691 1104 2736 vulgaris

225 2740 346 2787 §anon
360 2743 573 2786 Apostolicus
584 2768 591 2775 .
620 2746 652 2777 si
662 2751 731 2787 quis
741 2744 904 2789 Episcopus
914 2751 969 2776 aut
980 2742 1103 2780 Presby-

224 2796 389 2833 terpraeter
410 2795 623 2829 ordinationem
647 2799 764 2828 Domini
777 2797 838 2829 alia
859 2794 999 2837 quadam
1010 2798 1044 2826 in
1051 2790 1104 2835 sa·

226 2841 329 2881 crificia
350 2842 455 2884 offl’rat
472 2842 562 2887 super
579 2846 697 2887 altare,
725 2848 761 2879 id
777 2846 815 2887 est
827 2870 837 2886 ,
863 2854 917 2878 aut
936 2844 997 2877 mel
1005 2867 1015 2883 ,
1041 2851 1096 2876 aut

224 2888 291 2927 lac,
315 2901 366 2924 aut
378 2902 433 2935 pro
452 2900 522 2927 vino
538 2894 681 2937 ficeram,
706 2906 761 2930 aut
782 2895 913 2938 confec‘Ja
933 2895 1094 2937 quaedam,

227 2948 280 2971 aut
290 2941 445 2982 volatilla,
469 2953 521 2977 aut
531 2949 676 2978 animalia
690 2971 701 2987 ‚
727 2957 781 2980 aut
802 2948 950 2990 legumina
962 2970 972 2986 ‚
996 2953 1100 2977 contra

226 2988 451 3028 ⁶⁰nstitutionem
461 2996 580 3028 Domini
592 2996 736 3036 faciens,
759 3007 881 3040 congruo
902 3003 1031 3037 tempore
1048 2995 1097 3026 de·

218 3046 372 3082 ponatur.
399 3042 497 3085 Supra
519 3044 539 3076 ὸ,
551 3045 658 3087 primae
676 3046 805 3089 Synodi
817 3045 1098 3087 Constantinopo-

224 3088 335 3122 litanae
346 3090 484 3125 Canone
495 3093 632 3136 septimo
645 3096 831 3131 audivimus
842 3095 1006 3130 Galatiam
1018 3105 1098 3129 tunc

223 3136 399 3174 abundasse
437 3140 596 3177 Erronum
634 3146 785 3180 monstris
805 3159 814 3179 :
844 3146 967 3180 Eorum
994 3155 1098 3179 unum

223 3198 316 3224 etant
330 3190 519 3234 Artotyritae
531 3216 541 3231 ‚
565 3192 606 3226 de
616 3194 733 3237 quibus
754 3196 788 3229 in
799 3196 1036 3230 Haereticorutn
1046 3205 1099 3229 ca-

224 3239 340 3285 talogo
364 3240 496 3274 Sanstus
508 3240 698 3277 Philastrius
710 3244 888 3288 Episcopus
908 3238 1100 3278 Br'ixienfis:

223 3291 339 3323 Panem
362 3289 520 3333 &caseum
534 3291 656 3332 offerunt
668 3316 678 3331 ‚
705 3305 760 3326 non
780 3295 876 3334 illud,
901 3296 981 3337 quod
993 3293 1098 3327 'Eccle-
1125 3303 1127 3305 “

216 3336 267 3386 ᾖα,
282 3339 435 3375 Catholica
465 3342 590 3375 celebrat
611 3342 754 3383 offerendo
781 3368 787 3374 .
817 3343 1001 3378 Adversum
1023 3343 1098 3378 illos

222 3392 380 3424 emanasse
405 3391 503 3427 credo
530 3392 698 3438 vulgarem
733 3392 883 3428 nostrum
922 3393 1097 3428 Canonem

220 3434 454 3483 Apostolicum
470 3466 479 3475 .

1221 2187 1356 2226 Abusus
1374 2190 1394 2224 ὲ
1405 2190 1552 2235 prasenti
1573 2191 1715 2226 Canone
1734 2189 1883 2226 damnati
1913 2191 2060 2228 radicem

1172 2240 1275 2284 aperit
1297 2241 1449 2286 antiquus
1461 2240 1581 2276 Codex
1603 2241 1784 2276 Canonum
1798 2242 1944 2276 Ecclefiae
1969 2244 2061 2277 Afri-

1172 2299 1279 2323 canas.
1306 2294 1345 2323 Ut
1355 2296 1389 2324 in
1408 2293 1610 2326 sacramentis
1633 2298 1762 2335 corporis
1786 2291 1986 2335 &sanguinis
2000 2296 2058 2326 Do-

1172 2345 1247 2372 mini
1267 2339 1345 2375 nihil
1351 2340 1515 2383 offeratur,
1538 2354 1628 2384 quam
1638 2343 1718 2385 quod
1732 2340 1794 2385 ipsb
1805 2346 1949 2375 Dominus
1961 2344 2057 2376 tradi-

1172 2391 1242 2429 dit,
1267 2390 1319 2423 hoc
1328 2391 1389 2431 est,
1409 2397 1504 2434 panis
1523 2393 1559 2426 Θ
1580 2398 1686 2426 vinum
1710 2405 1790 2435 aqua
1813 2398 1962 2426 mixtum.
1987 2394 2056 2427 Pri·

1171 2445 1268 2473 mitiae
1289 2443 1380 2479 vero,
1398 2440 1451 2485 scu
1462 2443 1510 2475 lac
1526 2443 1633 2477 &mel
1641 2467 1651 2483 ,
1676 2444 1758 2486 quod
1774 2454 1832 2476 uno
1853 2444 1903 2476 die
1909 2441 2053 2486 solennis-

1164 2488 1239 2532 firm
1247 2495 1281 2523 in
1298 2490 1467 2533 infantium
1477 2493 1601 2532 mysterio
1618 2491 1694 2536 solet
1703 2493 1826 2535 offerri,
1853 2500 1996 2536 quamvis
2017 2500 2053 2527 in

1171 2541 1264 2574 altari
1284 2540 1445 2581 efferantur
1467 2566 1479 2582 ‚
1496 2540 1589 2586 suam
1609 2553 1711 2577 tamen
1731 2543 1865 2577 habeant
1883 2552 2046 2586 propriam

1171 2589 1429 2634 beneditionem„
1445 2601 1479 2627 ut
1497 2594 1519 2624 ἃ
1539 2596 1726 2628 sacramento
1751 2597 1898 2627 Dominici
1921 2599 2051 2635 corporis·

1171 2638 1368 2685 &sanguinis
1379 2642 1597 2687 distinguantur
1611 2670 1619 2676 .
1645 2649 1715 2678 Nec
1735 2645 1863 2686 amplios
1886 2646 1923 2677 de
1943 2648 2048 2685 primi-

1168 2696 1221 2723 tiis
1230 2690 1394 2734 offbratur,
1418 2706 1510 2736 quam
1519 2695 1558 2728 de
1566 2700 1638 2728 uvis
1657 2695 1881 2738 &fr-umentis·
1915 2693 2049 2737 Utique

1171 2741 1261 2784 super
1271 2741 1389 2783 altare,
1412 2743 1505 2787 juxta
1527 2745 1693 2789 vulgarem
1705 2746 1879 2780 Canonern
1906 2743 2051 2783 Aposto-

2077 1198 2137 1232 μς.
2156 1204 2236 1227 car.

2076 2233 2149 2271 Cap.
2165 2241 2212 2271 37.

1170 2791 1271 2825 licum
1283 2816 1292 2825 .
1317 2792 1428 2834 offerre
1445 2805 1504 2829 non
1523 2796 1611 2829 liceat
1619 2796 1739 2839 aliquid
1754 2797 1801 2828 ad
1816 2797 1915 2827 altare
1932 2802 2048 2835 praeter
2062 2811 2137 2849 Cap·
2157 2821 2172 2850 3
2176 2822 2204 2848 ,ὦ

1171 2840 1374 2885 novasspicas
1385 2869 1397 2885 ‚
1421 2846 1456 2880 ό·
1465 2856 1545 2879 uvas
1558 2870 1568 2885 ‚
1595 2848 1629 2880 (ff
1639 2847 1729 2879 oleum
1736 2847 1781 2878 ad
1793 2848 1959 2879 luminaria
1971 2868 1981 2884 ,
2008 2846 2044 2879 θ’

1167 2890 1329 2929 tbymiama
1341 2917 1352 2933 ,
1377 2895 1415 2927 ia'
1429 2893 1485 2936 est,
1514 2895 1664 2938 incensum
1684 2902 1836 2937 tempore,
1857 2906 1914 2937 quo
1932 2892 2042 2937 sanlla

1165 2941 1331 2975 celebratur
1351 2943 1475 2978 oblatio.
1504 2946 1620 2979 Novas
1637 2945 1756 2988 spicas,
1785 2955 1884 2984 uvas,
1912 2944 2044 2984 oleum,

1165 3001 1203 3024 ac
1215 2990 1398 3035 thymiama
1411 2995 1447 3029 in
1458 2996 1528 3039 ipso
1538 2995 1628 3028 altari
1639 2993 1746 3028 offerri
1760 2995 1917 3037 permittit
1928 3020 1939 3035 ‚
1950 2993 2046 3028 adeo-

1167 3051 1229 3084 que
1249 3043 1283 3075 &
1296 3041 1466 3085 benedici,
1491 3042 1581 3088 quod
1604 3055 1720 3086 nempe
1744 3055 1787 3078 ex
1811 3044 1904 3087 spicis
1924 3045 2045 3079 &uvis

1167 3091 1248 3124 fiant
1257 3089 1350 3135 panis
1361 3104 1399 3127 ac
1423 3094 1556 3134 vinum,
1582 3093 1749 3136 proprium
1767 3094 1870 3129 nostri
1893 3094 2045 3129 sacrificii

1165 3140 1362 3175 elementum
1375 3166 1388 3183 ‚
1411 3143 1524 3177 oleum
1533 3153 1643 3177 autem
1662 3143 1890 3188 &thymiama
1899 3145 2043 3189 fintpro-

1167 3191 1236 3235 pria
1246 3191 1393 3226 sacrificii
1403 3204 1502 3236 atque
1510 3192 1620 3227 altaris
1630 3205 1824 3230 ornamenta
1835 3219 1844 3227 .

1218 3241 1339 3276 Canon
1350 3241 1612 3287 carthaginensis
1624 3242 1656 3277 id
1666 3245 1826 3288 permittit
1838 3246 1898 3280 soli
1913 3246 1985 3280 lasti
2005 3246 2042 3281 δε

1167 3290 1277 3331 melli,
1308 3292 1343 3326 in
1353 3302 1422 3326 uno
1442 3293 1667 3332 solenniffimo
1678 3294 1843 3330 Paschalis
1853 3296 2043 3330 festivitatis

1168 3339 1222 3374 die
1239 3339 1309 3375 dati
1329 3342 1489 3378 consueto
1501 3343 1691 3388 Neophytis
1701 3344 1744 3380 de
1764 3347 1874 3380 sansto
1888 3345 2045 3380 Christia-

1162 3390 1273 3424 nitatis
1296 3390 1391 3426 fonte
1421 3393 1458 3428 in
1483 3393 1711 3438 susceptorum
1750 3397 1881 3431 suorum
1923 3405 2041 3428 manus

1162 3440 1403 3487 'egredientibus
1421 3467 1433 3484 ,
1458 3454 1539 3489 quos
1564 3455 1620 3489 per
1649 3456 1785 3481 omnem
1820 3444 1943 3480 laudari
1969 3443 2042 3479 festi

1909 3494 1992 3528 octa·
