2340 3762
619 151 687 183 DE
724 149 963 182 sevum
998 131 1247 179 Sruono
1281 128 1627 178 GENERALI.

234 231 288 271 qui
299 221 440 265 Basilicas
451 224 612 259 Martyrum
621 220 804 254 declinantes
817 242 828 259 ,
853 229 906 251 nos
925 223 974 260 qui
994 216 1035 250 ibi
1045 227 1110 250 ora-

186 286 188 288 ’
236 284 343 311 tionem
354 284 391 306 ex
403 284 480 305 more
488 271 664 305 celebramus
673 295 685 310 ,
712 268 799 313 quast
806 269 969 302 immundos
977 267 1112 311 fugiunt*

55 1024 127 1066 Cap.
148 1032 192 1060 18.

52 3418 119 3457 8&-
137 3428 165 3463 32

235 324 348 372 Qod*
362 334 478 366 nempe
499 332 632 367 tangere
645 331 813 354 mortuum
839 319 878 352 fit
903 318 1113 351 immunditia

234 375 364 420 legalis.
390 375 448 406 Hoc
458 381 558 405 autem
570 383 628 404 non
651 379 715 403 tam
735 372 780 404 illi
785 369 925 411 faciunt,
951 379 1041 410 quam
1060 367 1113 400 ha·

232 424 368 459 anantes
388 429 421 456 in
442 428 486 456 eis
508 423 655 455 daemones
675 445 687 462 ,
704 420 916 462 fortitudinem
944 420 977 452 Θ
996 418 1114 462 flagella

229 473 329 518 fimt‘li
352 478 538 508 cinerisnon
550 469 680 511 ferentes
693 495 700 502 .
723 470 909 513 Antiquam
931 469 1091 511 pietatem
1105 492 1116 509 ,

235 535 302 568 qua
311 523 456 567 Majores
467 521 570 554 nostri
588 521 658 564 post
674 522 869 556 nosturnum
880 530 919 553 ac
934 518 1114 552 innoxium

231 583 354 609 naturae
373 574 409 606 in
428 573 546 606 somno
567 571 696 606 fluxum
717 569 847 616 ingredi
867 580 934 603 non
949 568 1114 603 audebant

229 624 421 666 Martyrum
433 621 584 656 Bafilicas
593 647 605 663 ,
630 630 665 655 ut
680 620 916 655 muliercularum
936 620 1115 652 deliramen-

229 681 267 708 ta
285 697 298 714 ‚
322 670 506 707 cerebrosus
528 670 584 706 ille
597 669 822 715 subsannabat.
848 670 900 703 Ex
928 680 996 713 quo
1021 669 1111 703 vides

228 723 424 759 Sanstorum
436 721 681 757 invocationem
692 745 704 761 ,
729 721 956 764 Reliquiarum
968 719 1108 758 cultum,

227 774 267 808 uc
278 772 484 807 Bafilicarum
493 771 734 814 dedicationem
749 772 811 806 effe
822 781 971 804 connexa
982 794 993 810 ‚
1019 768 1115 803 adeo·

233 833 296 867 que
317 823 418 857 unius
438 822 624 856 adsertione
649 831 706 854 aut
727 821 905 865 negatione
927 818 1030 853 adseri
1057 827 1113 851 aut

229 872 343 918 negari
354 872 470 905 omnia
479 870 557 903 tria.
582 869 679 903 Alios
692 870 771 903 item
782 880 904 903 errores
926 866 1040 901 habuit
1052 866 1112 900 Vi-

228 919 388 968 gilantius
412 942 424 960 ‚
461 918 571 953 verum
596 917 614 951 ὲ
640 918 753 952 nostro
777 918 942 961 propofito
969 917 1111 950 alienos.

228 970 371 1006 Alienus
391 979 462 1003 non
483 968 530 1002 est
551 979 639 1002 error
659 968 929 1002 Meffalianoxum
942 991 953 1007 ‚
979 966 1020 1001 de
1043 979 1110 1011 quo

228 1022 264 1056 in
291 1019 376 1053 libro
399 1018 441 1053 de
463 1019 554 1053 seffls
575 1017 813 1053 Constantinus
822 1017 1111 1060 Harmen‘opulus:

228 1074 394 1112 Deiparam
405 1070 481 1102 nullo
500 1070 663 1113 dignantur
683 1067 787 1102 honore
800 1092 812 1108 ‚
837 1079 928 1110 neque
949 1066 1113 1110 Praecurso·

227 1133 291 1155 rem
318 1121 352 1154 6·
365 1118 536 1161 Baptistam
539 1122 572 1164 J
573 1130 696 1152 oannem
709 1143 720 1159 ,
745 1129 837 1161 neque
857 1117 979 1150 samios
991 1141 1002 1157 ‚
1028 1121 1112 1150 Mar-

228 1169 336 1210 tjribus
361 1175 510 1211 exceptis.
537 1168 581 1203 Et
601 1167 682 1203 hine
705 1168 740 1202 in
752 1164 913 1212 Orationse
934 1167 975 1202 de
987 1167 1107 1202 sansta-

226 1231 300 1255 rum
312 1215 494 1264 imaginum
506 1218 735 1259 restitutione,
758 1219 907 1253 exstante
930 1218 966 1252 in
987 1217 1108 1260 quinto

226 1270 358 1305 decimo
378 1279 474 1304 tomo
496 1267 713 1303 Bibliothecae
724 1270 857 1310 sanstae,
882 1269 1016 1304 sanstus
1030 1268 1108 1303 Ger-

226 1330 346 1356 manus
367 1317 557 1354 Patriarcha
573 1318 962 1362 constantinopolitanus
988 1318 1105 1353 leono-

219 1370 343 1405 -dastas
354 1367 463 1413 paffim
477 1376 573 1404 vocat
584 1370 748 1413 Rogomilos
760 1393 771 1410 ,
797 1368 833 1403 id
844 1368 889 1403 est
901 1391 914 1409 ,
940 1367 1070 1412 pessima

226 1424 352 1463 partem
364 1417 633 1454 Meffalianorum
643 1441 653 1450 .
1054 1435 1057 1437 -

362 1667 709 1741 CAPUT
788 1691 957 1739 VII.

362 1857 578 1928 Exponitur
610 1858 805 1909 exordium
838 1862 966 1908 erroris

527 1945 770 2011 Iconoclastici
786 1981 800 1995 .

305 2115 418 2152 Rroris
442 2117 612 2152 exordium
640 2117 703 2151 fuit
728 2116 746 2151 ὲ
773 2116 885 2161 juratis
915 2112 1117 2164 Religionis:

329 2165 518 2201 Christianae
538 2165 685 2201 hostibus
707 2166 842 2210 Iudaeis,
867 2168 1118 2206 Saracenorumi

221 2217 258 2252 in
270 2218 427 2256 Romano
440 2217 579 2261 Imperio
589 2218 798 2262 grassantium
813 2218 970 2261 potestate
980 2218 1082 2253 abufis
1091 2213 1117 2258 ,Ι

221 2267 264 2301 de
274 2267 393 2312 quibus
402 2267 444 2303 ad
454 2267 596 2302 Domini
608 2279 732 2302 annum
743 2268 1005 2302 sexcentesimum
1025 2280 1102 2312 qua·
1112 2262 1117 2330 1

221 2316 436 2362 dragefimum
447 2317 610 2362 Georgius
621 2317 789 2352 Cedrenus
799 2343 807 2350 .
837 2321 992 2363 Humarus
1013 2320 1102 2366 Saxa-

220 2378 380 2402 cenorum
401 2367 557 2410 Princeps
584 2366 726 2410 «edificare
752 2366 935 2411 Judaeorum
962 2369 1101 2410 templum

219 2415 513 2460 Hierofhlymitanum
523 2423 626 2459 coepit:
656 2418 789 2460 cumque
800 2419 859 2451 aedi
856 2417 926 2459 ficia
953 2429 1010 2450 non
1020 2418 1102 2460 consi-

1879 152 1971 197 223

1181 217 1219 249 do
1229 227 1342 249 omnem
1362 216 1550 260 imaginalem
1559 215 1776 258 piciuramfive
1795 224 1830 251 in
1839 218 1951 253 tabulis
1964 245 1974 260 ‚
1992 219 2057 261 fiee

1178 275 1233 308 per
1246 265 1358 307 mufiva
1386 273 1418 299 in
1423 264 1590 308 parietibus
1603 290 1614 305 ‚
1631 265 1696 307 five
1708 272 1740 298 in
1754 268 1830 308 vafis
1844 267 1942 310 sacris
1963 270 1997 301 <ff
2007 280 2058 302 ve·

1177 317 1271 358 stibus
1292 318 1433 349 altarium
1445 341 1456 356 ,
1481 318 1664 358 &quotquot
1685 314 1886 358 huiuscemodi
1907 324 2058 359 reperiun-

1182 377 1232 400 tur
1242 373 1276 399 in
1291 366 1403 400 cunc‘lis
1418 365 1651 406 Christianorum
1662 363 1791 406 Eccltfiis
1803 390 1814 405 ,
1838 375 2056 401 exterminaret

1181 418 1216 451 Θ
1223 416 1355 458 perfedle'
1365 417 1471 449 deleret
1484 439 1495 456 ,
1521 427 1572 449 nec
1582 426 1639 448 non
1658 417 1693 449 δ’
1702 425 1840 458 quotquot
1850 422 1883 449 in
1889 416 1970 457 foris
1984 423 2059 450 civi-

1180 475 1278 500 tatum
1290 468 1333 499 ad
1351 475 1490 501 ornatum
1497 464 1571 508 sunt
1590 468 1626 499 ό·
1638 468 1766 499 decorem
1784 472 1817 499 in
1833 464 2062 509 quacumquefi·

1180 519 1362 552 militudine.
1393 514 1535 549 Addidit
1555 527 1668 548 omnem
1680 515 1924 558 fimilitudmem,
1948 524 1981 549 ut
2002 522 2060 548 im-

1175 569 1355 609 portabilem
1365 566 1505 607 ostendere
1526 570 1715 598 inimicitiam
1727 590 1739 605 ‚
1764 579 1854 609 quam
1875 576 1979 601 contra
2003 577 2060 599 nos

1178 616 1322 651 habebat:
1352 614 1453 652 Utin
1465 614 1601 659 plenum
1611 614 1759 659 vigorem
1773 617 1938 651 reduceret
1951 615 2060 661 legem

1179 667 1362 702 Mosaicam
1383 692 1394 707 ,
1419 665 1438 700 ὲ
1465 677 1529 711 qua
1557 675 1692 700 omnem
1720 667 1850 708 penitus
1876 666 2058 711 imaginem

1178 717 1270 752 fuiffe
1280 716 1484 752 interdictam
1495 740 1506 757 ‚
1532 715 1579 749 est
1591 716 1680 758 supra
1693 714 1862 750 ostensum
1874 740 1882 748 .

1227 768 1438 811 Prosequitur
1448 765 1600 800 laudatus
1617 766 1757 809 Joannes
1778 765 1978 801 monachus.
2007 769 2062 806 Ty-

1176 828 1291 850 rannus
1300 819 1466 860 deceptione
1476 824 1583 858 captus
1596 840 1609 856 ,
1633 817 1760 850 levitate
1781 814 1851 860 usus
1856 817 1888 859 J
1889 818 1973 850 udaeo
1983 816 2061 858 obsi--

1175 868 1342 900 cundavit.
1368 871 1415 900 Et
1427 872 1550 900 mittens
1572 865 1708 909 deposuit
1717 866 1758 899 ab
1782 872 1862 900 omni
1876 869 2061 907 Provincia,

1176 914 1305 959 quaesub
1326 915 1390 959 ipso
1407 925 1476 950 erat
1490 941 1500 957 ,
1520 915 1646 960 sancias
1669 921 1814 960 imagines
1826 941 1838 958 ,
1863 918 1898 951 &
1922 918 2059 959 reliquas

1168 964 1397 1007 similitudines,
1423 966 1517 999 &boc
1539 969 1625 1003 modo
1646 977 1705 1001 non
1719 975 1849 1009 parcens
1878 969 2059 1010 deturpavit

1175 1015 1319 1058 Eccless‘as
1330 1020 1389 1050 Dei
1396 1024 1454 1058 per
1466 1016 1628 1058 veneficum
1640 1016 1862 1060 Hebraeumfitb
1868 1017 1926 1062 sua
1935 1016 2060 1059 potesta-

1174 1075 1203 1099 te
1208 1066 1283 1108 fitas
1296 1091 1304 1099 .
1331 1069 1426 1101 l’orrb
1430 1067 1623 1111 fugientibus
1634 1069 1698 1100 Deo
1722 1067 1905 1101 amabilibus
1917 1065 2062 1106 christia-

1174 1123 1246 1158 nis,
1271 1127 1309 1152 ne
1315 1122 1449 1160 propriis
1471 1116 1610 1150 manibus
1615 1116 1831 1161 subverterent
1849 1115 1974 1160 sanc'i'as
1988 1122 2062 1149 ima-

1167 1171 1255 1210 gines
1274 1191 1287 1208 ‚
1313 1167 1451 1202 Hebraeos
1476 1169 1539 1202 Deo
1561 1167 1685 1202 odibiles
1712 1167 1748 1201 Θ
1773 1168 1921 1207 viliffimos
1944 1165 2060 1200 Arabes

1172 1216 1373 1261 angarIabant
1383 1243 1394 1259 ,
1421 1223 1474 1260 qui
1486 1217 1531 1252 ad
1539 1216 1593 1252 boc
1605 1218 1676 1258 miffi
1685 1225 1774 1251 erant
1787 1221 1911 1256 Amiraei
1921 1242 1928 1250 .
1957 1219 2061 1258 sicque

1173 1267 1368 1302 incendebant
1387 1267 1572 1303 venerabiles
1591 1272 1691 1304 iconas
1706 1291 1718 1309 ‚
1741 1267 1776 1300 6·
1795 1269 1894 1301 domos
1915 1265 2062 1308 Ecclefia-

1171 1328 1237 1350 rum
1247 1320 1331 1351 modo
1340 1319 1459 1361 quidem
1471 1321 1611 1353 linientes
1620 1343 1632 1359 ‚
1658 1319 1743 1351 modo
1755 1326 1857 1352 autem
1878 1318 2034 1352 eradentes
2047 1342 2054 1349 .

1172 1368 1289 1410 ‚Quibus
1300 1370 1414 1401 auditis
1426 1392 1438 1408 ‚
1465 1366 1761 1411 Pseudo-Episcopus
1770 1371 1808 1400 N
1809 1369 1911 1401 acoliae
1920 1391 1933 1408 ‚
1959 1368 1994 1400 6*
2004 1371 2057 1409 qui

1171 1422 1248 1459 circa
1269 1416 1365 1459 ipsum
1379 1424 1489 1456 erant«,
1515 1421 1630 1450 imitati
1635 1417 1711 1459 sunt
1733 1421 1850 1459 iniquos
1861 1417 1997 1460 Judaeos
2023 1417 2059 1452 Θ

1150 1462 1275 1506 limpios
1293 1465 1412 1508 *Arabes
1425 1489 1436 1505 ‚
1462 1467 1609 1505 injuriam
1627 1463 1794 1507 inferentes
1818 1464 1954 1507 Ecclcst‘is
1977 1467 2035 1497 Dei
2050 1490 2061 1497 .

1164 1518 1196 1560 J
1198 1515 1292 1556 ustum
1302 1525 1401 1549 autem
1406 1517 1520 1556 judicto
1536 1514 1623 1559 sacro
1633 1515 1728 1557 velim
1750 1520 1892 1550 intImare
1913 1515 2060 1556 auditui,

1170 1567 1286 1607 qualem
1297 1565 1385 1609 miser
1405 1566 1454 1599 ille
1470 1565 1564 1607 finem
1586 1565 1777 1608 &veneficus
1799 1566 1942 1601 Hebraeus
1961 1563 2059 1608 suste-

1167 1622 1246 1657 perit
1257 1641 1264 1648 .
1289 1618 1366 1649 Cum
1377 1621 1455 1648 enim
1474 1614 1524 1648 hoc
1543 1615 1638 1659 egisset
1662 1615 1811 1654 symbulus
1828 1616 1948 1649 Ezidus
1959 1638 1971 1655 ‚
1997 1626 2059 1648 non

1168 1664 1326 1709 plusquam
1345 1666 1459 1699 duobus
1469 1670 1559 1699 annis
1583 1667 1618 1699 (9
1628 1666 1750 1699 dimidio
1761 1669 1872 1700 vivens
1895 1664 2054 1707 desanaus

1171 1716 1209 1756 est
1231 1741 1241 1756 ‚
1267 1719 1301 1751 (ν
1319 1722 1453 1759 perrexit
1472 1722 1506 1749 in
1527 1721 1625 1760 ignem
1648 1713 1793 1751 aeternum
1807 1739 1825 1754 .,
1840 1717 1886 1748 Et
1907 1720 2054 1759 imagines

1170 1768 1286 1808 quidem
1299 1773 1331 1799 in
1342 1772 1464 1808 antiquo
1472 1765 1556 1805 statu
1563 1764 1618 1808 suo
1640 1767 1674 1800 (ἓν
1686 1765 1792 1799 honore
1800 1764 1943 1804 restitutae
1959 1760 2034 1808 sunt
2045 1791 2055 1798 .

1171 1818 1262 1848 Porro
1287 1815 1376 1856 hujus
1396 1816 1478 1858 filius
1503 1816 1635 1849 Hulidus
1662 1816 1836 1860 indignatus
1857 1839 1868 1856 ,
1897 1824 2055 1858 tamquam

1168 1864 1343 1899 homicidam
1349 1871 1452 1908 patris
1457 1863 1506 1908 fici
1516 1863 1673 1904 veneficum
1685 1866 1848 1908 turpifflma
1860 1876 1950 1899 morte
1963 1867 2055 1899 occidi

1160 1916 1244 1956 juffit
1255 1940 1266 1957 ,
1291 1918 1385 1959 digna
1403 1923 1461 1957 pro
1473 1915 1560 1957 fallo
1571 1912 1667 1959 falsae
1677 1917 1885 1950 Divinatiom's
1905 1914 1969 1957 [ιιι
1984 1925 2057 1958 por-

1168 1974 1283 1999 tantem
1295 1991 1302 1998 .
1329 1964 1470 1999 Addidit
1485 1965 1671 1999 Gaudiosus
1692 1966 1906 2000 Meffanenfis
1919 1966 2055 2008 Episco-

1168 2022 1245 2059 pus:
1273 2019 1318 2048 Et
1329 2026 1378 2059 ego
1383 2015 1524 2057 puerulus
1552 2025 1635 2048 eram
1653 2021 1685 2048 in
1696 2017 1779 2055 syria
1789 2039 1800 2056 ‚
1826 2015 1891 2048 cum
1901 2016 2056 2049 Saraceno-

1166 2077 1233 2098 rum
1244 2065 1394 2104 symbulus
1407 2070 1551 2109 imagines
1559 2063 1748 2108 subverteret
1759 2090 1766 2097 .
1844 2101 1846 2104 ,

1216 2115 1259 2149 Ec
1270 2114 1402 2156 quidem
1415 2113 1560 2149 Hulidus
1584 2115 1639 2149 ille
1654 2127 1723 2149 non
1737 2115 1844 2150 solum
1870 2117 2054 2151 veneficum

1165 2164 1338 2199 Hebraeum
1349 2165 1514 2210 adgressus
1523 2165 1567 2198 est
1580 2190 1591 2206 ,
1618 2165 1672 2200 sed
1693 2166 1728 2200 δε
1740 2177 1856 2200 omnes
1880 2166 1949 2210 ejus
1962 2179 2054 2200 com·

1164 2215 1264 2258 plices
1286 2238 1296 2255 ‚
1320 2215 1363 2249 de
1382 2214 1498 2260 qulbus
1522 2215 1670 2250 laudatus
1694 2215 1865 2251 Cedrenus
1891 2242 1899 2248 .
1924 2218 2051 2249 Hulidus

1164 2278 1249 2308 regno
1254 2271 1369 2307 potitus
1381 2265 1525 2302 Hebraeos
1535 2264 1600 2305 istos
1612 2275 1645 2298 ut
1654 2266 1815 2308 impestores
1827 2277 1930 2300 necare
1941 2267 2050 2308 voluit,

1163 2318 1242 2358 quod
1248 2316 1293 2348 illi
1305 2313 1469 2359 sentientes
1483 2339 1494 2355 ‚
1516 2315 1637 2359 profugi
1649 2321 1682 2347 in
1694 2314 1843 2360 Isauriam
1854 2315 2047 2357 deflexerunt.

1163 2365 1208 2398 Ibi
1220 2367 1284 2400 cum
1290 2362 1329 2407 se
1337 2367 1380 2398 ad
1381 2365 1501 2406 fontem
1513 2367 1670 2407 quemdam
1690 2365 1903 2410 refrigerarent
1911 2391 1922 2407 ,
1945 2364 2051 2410 super-

1163 2422 1252 2451 venit
1278 2419 1357 2456 Leo,
1383 2413 1611 2459 adolescentulus
1633 2416 1796 2449 etiamnum
1811 2440 1821 2456 ,
1839 2414 1990 2460 formosus
2014 2418 2049 2450 (5

215 2464 348 2507 sterent,
367 2469 482 2512 Judaei
502 2466 620 2510 causam
641 2474 758 2511 rogati,
783 2479 849 2501 eam
879 2467 1075 2511 exposuerunt
1090 2493 1100 2508 ‚
1158 2475 1276 2509 procero
1287 2473 1400 2507 corpore
1412 2490 1422 2506 ‚
1448 2464 1536 2508 quise
1545 2463 1668 2508 sordida
1688 2476 1753 2500 arte
1763 2467 1862 2500 alebat
1874 2491 1886 2509 ,
1913 2468 2049 2509 &pram

222 2512 258 2549 d&
269 2519 391 2549 Crucem
402 2541 412 2557 ‚
437 2528 502 2560 quae
513 2518 619 2558 templo
630 2523 734 2550 montis
746 2520 873 2559 olearum
889 2518 1020 2560 impofita
1027 2527 1102 2557 erat,

221 2564 432 2607 deposuerunt.
459 2568 509 2598 1ιᾶ
519 2567 635 2599 demum
649 2567 775 2610 adificia
792 2568 919 2610 firmata
934 2567 1024 2611 sunt.
1052 2572 1102 2601 At-

221 2626 278 2657 que
288 2615 351 2648 haec
361 2628 408 2650 res
417 2615 527 2656 Christi
539 2614 666 2659 osbribus
678 2615 979 2659 occafionempraebuit
989 2619 1100 2652 multas

221 2669 334 2698 cruces
363 2667 556 2700 deturbandi.

271 2714 384 2759 Pergit
409 2715 558 2751 laudatus
577 2717 722 2761 Scriptor
747 2716 787 2752 ad
810 2716 932 2752 Christi
955 2718 1100 2753 Domini

222 2775 347 2799 annum
367 2767 689 2811 vseptingentesimum
707 2769 860 2802 tertium.
891 2771 1024 2809 Paucis,
1049 2781 1102 2801 an-

223 2822 343 2855 tequam
354 2817 412 2848 Leo
422 2815 543 2860 Isaurus
556 2823 702 2860 imperare
712 2824 799 2860 coepit
809 2842 820 2858 ,
846 2823 936 2852 annis
944 2843 955 2860 ,
978 2819 1100 2856 Hebraei

223 2863 346 2904 quidam
366 2889 377 2905 ‚
405 2869 566 2900 Laodicaea
600 2867 762 2902 Phoeniciae
787 2869 905 2902 oriundi
926 2894 938 2910 ‚
963 2868 1098 2902 lzcthum

225 2912 359 2949 Arabum
371 2917 535 2959 Principem
557 2919 738 2958 adiverunt,
760 2925 967 2960 promittentes
987 2926 1014 2952 ei
1026 2931 1096 2960 qua·

223 2963 369 3006 draginta
379 2975 472 2997 annos
484 2968 660 3010 duraturum
681 2973 713 3001 in
726 2973 845 3010 imperio
861 2993 871 3009 ,
890 2968 921 3010 fi
927 2970 1099 3002 veneranda

223 3013 258 3046 eb·
266 3018 298 3045 in
311 3015 427 3055 templis
440 3015 669 3055 Christianorum
680 3017 782 3050 honore
793 3018 1033 3060 cultafimulacra
1042 3027 1098 3060 per

221 3073 335 3095 omnem
347 3064 487 3098 ditionem
504 3064 592 3108 suam
605 3066 776 3106 destrueret.
805 3067 978 3111 Persuasum
989 3067 1040 3102 hoc
1061 3068 1098 3108 est

214 3111 308 3154 fatuo
318 3112 417 3146 Jzetho
426 3135 437 3152 ‚
463 3115 498 3148 ά
508 3116 654 3148 decretum
665 3116 832 3160 universale
842 3128 945 3152 contra
957 3129 1097 3152 veneran-

223 3161 284 3195 das
304 3168 451 3208 imagines
471 3163 644 3207 composuit.
671 3167 787 3201 Latius
807 3178 872 3200 rem
893 3168 928 3202 in
953 3170 1096 3211 praesenti

220 3212 362 3253 synodo
387 3214 525 3258 exponit
561 3215 702 3258 loannes
740 3217 922 3251 monachus
947 3241 958 3257 ,
982 3218 1100 3251 Orien-

220 3259 339 3297 talium
357 3262 615 3298 patriarcharum
638 3264 791 3299 Vicarius
810 3278 847 3300 ac
865 3266 1031 3310 Legatus‚
1055 3267 1098 3300 di-

212 3323 299 3357 ,cens
308 3312 405 3348 istum
415 3315 649 3349 Saracenorum
659 3313 846 3358 Principem
859 3315 951 3350 fuisse
963 3317 1099 3350 nomine

220 3360 349 3398 lzidum
372 3389 383 3406 ,
406 3364 522 3408 illique
541 3364 560 3398 ὲ
587 3364 695 3407 Judaeo
717 3388 728 3405 ‚
754 3375 853 3409 mago
873 3366 907 3399 ὅ(
930 3367 1098 3406 venefico,

219 3413 391 3456 promissos
401 3414 489 3451 solos
498 3413 635 3459 triginta
657 3415 784 3459 imperii
805 3425 933 3450 annos.-
960 3418 1099 3451 Dummo-

1163 2518 1255 2551 dendt‘
1262 2521 1367 2559 gratia
1377 2540 1387 2557 ,
1405 2515 1489 2558 ‚fonti
1498 2514 1559 2559 ipse
1570 2527 1681 2558 quoque
1696 2516 1832 2559 adfidens
1843 2542 1853 2558 ,
1875 2518 2049 2558 jumentum

1162 2579 1246 2601 onere
1258 2570 1359 2600 levat.
1387 2571 1467 2601 Hinc
1477 2567 1523 2599 illi
1533 2590 1544 2607 ‚
1564 2573 1651 2612 genio
1663 2573 1844 2602 vaticinium,
1848 2564 2023 2612 suggerente
2034 2592 2048 2609 ,

1158 2619 1331 2660 praedicunt
1343 2615 1414 2658 fore
1436 2641 1447 2656 ,
1472 2625 1506 2648 ut
1526 2619 1723 2650 Romanorum
1749 2623 1870 2659 imperio
1887 2624 2022 2658 potiatur
2034 2640 2048 2656 ,

1163 2672 1335 2711 negantique
1343 2666 1466 2707 prorsus
1473 2665 1564 2708 fidem
1576 2673 1618 2700 rei
1621 2666 1752 2710 faciunt.
1764 2669 2046 2707 InterimJ'uramen·

1163 2727 1191 2750 to
1200 2729 1265 2750 eum
1277 2717 1402 2760 adigunt
1411 2740 1422 2756 ,
1440 2714 1552 2757 fibunc
1562 2725 1702 2751 eventum
1725 2729 1772 2751 res
1783 2719 1849 2759 ejus
1860 2716 2022 2750 habuerint
2033 2741 2046 2757 ,

1155 2768 1311 2810 faciurum
1321 2768 1400 2808 quod
1410 2765 1466 2807 ipsi
1481 2767 1519 2800 ab
1530 2778 1562 2802 eo
1583 2767 1756 2809 postulaturi
1778 2768 1864 2811 essent
1876 2791 1884 2798 .
1897 2794 1900 2797 .
1905 2767 1934 2808 J
1940 2771 2045 2800 aravit

1163 2825 1206 2852 eis
1216 2817 1267 2851 hoc
1276 2818 1320 2851 ad
1329 2817 1468 2859 templum
1478 2816 1558 2850 beati
1571 2817 1711 2850 Theodori
1724 2842 1734 2857 ‚
1745 2824 1748 2827 “
1760 2819 1841 2859 quod
1854 2825 1919 2849 erat
1930 2821 1963 2849 in
1971 2824 2029 2859 pro
2036 2832 2049 2842 -

1163 2874 1260 2901 ximo.
1289 2869 1346 2902 An
1364 2867 1536 2901 dumtaxat
1559 2868 1738 2910 generatim
1752 2867 1824 2909 ipsis
1844 2867 1974 2906 favere,
1999 2878 2043 2900 an

1163 2918 1327 2962 speciatim
1349 2918 1449 2952 sacras
1470 2918 1628 2961 imagines
1652 2915 1806 2950 demoliri
1835 2916 1945 2960 jurarit
1958 2941 1970 2956 ‚
1996 2926 2045 2951 res
2056 2948 2066 2956 Α,

1161 2969 1205 3002 est
1217 2969 1337 3003 incerta
1350 2992 1357 2999 .
1386 2969 1520 3011 Digreffis
1539 2973 1581 2999 eis
1593 2990 1603 3004 ,
1631 2969 1689 2999 Leo
1700 2966 1720 2997 ἃ
1733 2965 1853 3008 sisinnio
1869 2969 2000 3002 Patricio
2011 2972 2044 3000 in

1159 3024 1319 3052 exercitum
1334 3015 1505 3060 adsciscitur
1515 3040 1526 3058 ‚
1551 3026 1643 3066 neque
1655 3016 1815 3058 multopost
1830 3018 1850 3048 a
1864 3019 1897 3061 J
1899 3017 2043 3057 ustiniaeno

1159 3067 1301 3102 secundo
1314 3067 1465 3111 Augusto
1487 3067 1645 3107 spatarius
1661 3066 1768 3107 fac‘lus
1784 3090 1795 3106 ,
1816 3069 1930 3110 potitus
1953 3065 2042 3101 vitio·-

1158 3125 1226 3157 ria‚
1251 3118 1271 3148 a
1287 3115 1436 3158 Theodofio
1462 3116 1561 3149 tertio
1572 3119 1702 3148 Orientis
1721 3118 1794 3150 Dux
1811 3126 1928 3150 creatus
1949 3122 2043 3159 impe-

1156 3174 1233 3201 rium
1243 3165 1410 3210 consecutus
1422 3164 1459 3205 es}
1472 3189 1479 3196 .
1506 3164 1608 3209 quue
1633 3166 1757 3200 auxilio
1783 3168 1817 3202 &
1829 3165 1938 3200 favore
1951 3166 2042 3201 Sara·

1156 3228 1313 3252 cenorum
1325 3240 1333 3248 .
1360 3215 1433 3258 Jure
1446 3215 1517 3250 Leo
1527 3238 1540 3255 ,
1550 3215 1671 3249 Conon
1687 3216 1780 3251 antea
1792 3215 1892 3251 dietus
1904 3241 1914 3256 ,
1940 3216 2040 3254 fidem

1159 3268 1287 3312 negavit
1308 3266 1408 3300 tantis
1419 3276 1590 3309 magorum
1610 3267 1791 3309 promiffis:
1812 3267 1926 3302 ‘Fuiffe
1949 3266 2038 3300 enim

1160 3316 1345 3350 vilissimum
1371 3316 1404 3348 δε
1416 3316 1654 3359 pauperrimum
1671 3327 1807 3361 puerum
1819 3315 1929 3352 scribit
1939 3315 2038 3351 etiam

1161 3365 1305 3400 Michael
1317 3365 1442 3409 Glycas
1452 3389 1462 3398 .
1544 3380 1546 3382 ·
2054 3384 2075 3414 ἱ

1201 3416 1316 3462 Pergit
1326 3414 1496 3453 Cedrenus
1504 3414 1544 3451 ad
1557 3427 1681 3453 annum
1694 3418 1868 3463 septimum
1880 3415 2000 3467 impera
2005 3422 2041 3452 n·

1949 3472 1990 3497 us

2078 3393 2115 3420 4.
2132 3392 2213 3425 cm.
