2340 3762
624 145 927 202 ScHoLns,
965 158 1023 189 ετ
1057 142 1248 188 Nous
1283 155 1659 191 nius-rimu.

257 241 308 268 ras
333 229 368 264 δε
386 227 585 264 Theodorus
610 227 783 264 Balsamon
804 230 896 274 ajunt
921 229 1098 273 Episcopos
1113 252 1124 268 ,

250 278 475 321 presbyteros,
483 279 666 321 Diaconos,
676 280 902 317 subdiaconos
913 287 1123 321 xntpmnssw,

254 329 401 364 ordinari
424 341 479 373 per
496 339 653 366 manuum
678 331 940 374 impositionem,
965 328 1124 363 Cantores

251 376 467 415 &Lectores
498 386 709 425 Σορκγῐςεζτκι
732 405 745 422 ,
778 379 955 414 charactere
979 375 1093 422 signari
1113 402 1125 420 ,

250 428 476 470 OEconomos,
501 428 748 471 Chartularios,
772 430 1021 466 Paramonarios
1030 440 1121 473 napa·

251 486 396 517 βκλλέςι,
422 504 434 520 ,
457 479 646 524 simpliciter
670 482 852 523 promoveri
874 505 882 512 .
916 480 960 513 Et
986 479 1125 522 Joannes

252 527 340 563 Gitri
364 530 541 573 Episcopus
561 530 595 565 in
609 530 784 574 Responfis
804 530 846 564 ad
869 528 1125 564 Constantinum

253 577 436 614 Cabafiiam
458 603 470 620 ,
505 579 704 614 exstantibus
734 581 769 614 in
789 580 907 624 quinto
937 579 1022 613 libro
1043 577 1126 623 Juris

251 628 437 664 orientalis
447 653 459 671 ‚
476 629 629 674 quasdam
641 629 785 665 Ecclefiae
794 630 972 675 dignitates
983 630 1028 664 ait
1040 629 1124 663 olim

1187 236 1314 268 terum,
1339 226 1555 268 Diaconum,
1581 227 1843 270 Subdiaconum,
1867 240 1936 264 non
1949 230 2055 275 sphi-2³

1185 276 1284 322 gide,
1309 275 1363 310 sed
1383 277 1449 311 sola
1468 276 1671 312 cheirotonia
1684 281 1807 319 creari,
1832 279 1909 316 cum
1929 289 2055 316 certum

1186 328 1225 361 fit
1245 327 1344 363 etiam
1368 326 1443 371 ipfis
1461 327 1499 363 in
1519 326 1729 363 ordinatione
1752 327 1937 371 impressum
1963 329 2056 365 fuisse

1186 378 1418 414 sacrosanctum
1427 378 1532 413 crucis
1541 378 1764 422 signaculum?
1789 377 1920 422 Nempe
1940 379 2056 415 Lesto-

1186 427 1274 462 ribus
1297 427 1541 463 &cantoribus
1563 427 1806 472 imprimebatur
1828 427 1931 463 modo
1952 430 2058 473 fingu-

1185 478 1264 518 lari,
1291 477 1333 511 de
1344 488 1410 521 quo
1423 478 1569 520 Symeon
1583 478 1923 513 Theffalonicenfium
1943 475 2060 512 Archi-

1187 528 1366 571 Episcopus
1396 527 1433 561 in
1459 538 1556 570 opere
1581 526 1622 561 de
1646 529 1741 563 saeris
1760 528 2060 568 ordinationibus,

1186 576 1370 612 describens
1379 576 1636 611 Ordinationem
1646 578 1789 613 Lestoris
1799 604 1807 611 .
1834 578 1936 620 Postea
1952 577 2063 622 figilla·

1186 636 1236 661 tur
1248 652 1255 660 .
1284 627 1396 660 Tondet
1407 632 1486 662 enim
1508 625 1673 670 Epifi·opus
1694 629 1815 670 capillos
1841 634 1953 671 capitis
1975 627 2062 671 ipfius

1186 682 1218 711 in
1223 677 1359 720 formam
1366 682 1458 711 crucis
1470 701 1482 718 ,
1509 680 1656 711 Divinum
1681 688 1717 710 ac
1727 679 1912 711 tremendum
1931 681 2063 712 Trinita-

1188 732 1229 760 tis
1254 738 1356 761 nomen
1374 725 1540 771 supereum
1561 732 1719 761 invocans.
1746 727 1839 774 Qid
1864 728 1966 762 simile
1986 738 2063 762 cum

1189 776 1310 811 debitis
1331 776 1535 812 orationibus
1565 788 1607 811 ac
1628 776 1748 812 Divini
1767 777 1913 812 nominis
1934 777 2065 812 invoca-

1187 826 1334 861 tionibus
1356 826 1397 861 ab
1423 825 1555 862 Abbate
1579 836 1637 861 aut
1659 827 1846 862 monasterii
1870 826 2065 870 Presbytero

1189 876 1308 910 factum
1321 876 1384 910 fuit
1394 877 1484 920 super
1495 877 1703 920 profitentem
1717 874 1918 912 monachum
1930 900 1942 916 ,
1966 886 2064 920 atque

249 678 392 714 conferri
412 679 521 715 solitas
549 680 619 715 solo
638 680 821 724 Episcopali
833 680 1009 720 codicillo,
1036 679 1126 722 quas-

248 727 330 762 ·dam
350 728 449 763 etiam
469 729 649 765 charastere
667 756 678 771 ,
703 731 737 765 id
759 731 827 770 est,
854 730 1004 774 impreffo
1031 730 1122 773 figno

247 778 357 812 crucis
374 804 382 813 ,
418 779 462 814 Et
481 779 613 824 quidem
637 780 777 824 Joannes
804 780 948 815 Zonaras
972 785 1122 824 Σωρκγιδκ

250 826 442 864 Lestoribus
475 830 512 865 δε
544 829 742 864 Cantoribus
761 830 904 874 imprimi
939 829 1125 863 consuetam

246 876 334 911 teste
344 877 389 910 ait
398 879 556 919 spectare,
584 888 700 922 nempe
711 889 747 913 ut
761 879 1016 913 caeremonialem
1035 889 1123 912 orna·

244 934 322 959 'tum
341 947 352 964 ‚
376 925 418 960 ad
445 931 606 968 xapmn‘m
632 951 641 961 .
682 928 730 962 At
755 928 923 971 quomodo
949 928 1070 972 &ipse
1094 928 1127 962 δε

248 972 450 1010 ›Theodorus
460 975 633 1012 Balsamon
645 976 736 1021 ajunt
747 979 945 1024 Episcopum
955 1003 967 1021 ,
991 976 1123 1023 Presby-

1191 925 1256 961 haec
1267 927 1311 960 est
1323 925 1433 971 gratiae
1444 924 1626 962 benedictio
1638 950 1650 968 ,
1676 928 1710 962 ὅ(
1731 928 1876 972 impressa
1898 925 2042 972 sphragis
2052 951 2064 968 ‚

1191 976 1233 1011 de
1243 987 1307 1021 qua
1318 976 1424 1012 noster
1433 975 1553 1011 Canon
1569 1002 1576 1008 .

627 1256 1303 1342 CANON
1435 1258 1685 1344 XLI.

352 1471 446 1527 Os,
479 1469 559 1534 qui
594 1470 641 1516 in
676 1468 852 1519 urbibus
887 1470 958 1520 vel
994 1470 1103 1519 vicis
1138 1470 1187 1517 in
1222 1468 1424 1517 clausuris
1457 1469 1613 1519 volunt
1647 1467 1847 1519 secedere
1863 1505 1877 1531 ,
1913 1474 1963 1519 &a
1991 1469 2069 1519 sibi

386 1536 485 1606 ipsis
519 1535 747 1604 separatim
782 1538 1028 1600 attendere,
1062 1538 1183 1607 prius
1229 1538 1408 1606 quidem
1455 1541 1503 1589 in
1550 1538 1853 1588 monasterium
1901 1539 2070 1602 ingredi

246 1622 447 1674 oportet,
494 1611 537 1656 &
583 1610 955 1673 anachoreticam,
1003 1610 1087 1659 hoc
1121 1608 1207 1670 est,
1254 1609 1312 1657 ab
1345 1610 1441 1658 aliis
1475 1607 1712 1676 separatam
1762 1626 1813 1658 ac
1862 1607 2070 1658 semotam

247 1676 428 1727 vivendi
461 1679 673 1728 rationem
707 1697 924 1743 exercere,
959 1684 1002 1728 &
1037 1677 1178 1749 spatio
1213 1681 1390 1729 triennii
1426 1681 1492 1740 ei,
1539 1682 1616 1746 qui
1652 1680 1860 1729 mansioni
1896 1680 2042 1747 praeest
2056 1717 2070 1741 ‚

245 1743 295 1795 in
329 1747 418 1796 Dei
454 1749 609 1807 timore
642 1765 816 1817 parere,
851 1755 894 1800 δε
928 1748 1228 1799 obedientiam
1264 1752 1311 1798 in
1344 1748 1572 1811 omnibus,
1607 1764 1655 1798 ut
1682 1768 1852 1816 aequum
1868 1750 1953 1810 est,
1990 1752 2072 1798 im-

244 1815 389 1885 plere,
423 1820 467 1864 &
502 1814 566 1866 ita
601 1818 724 1883 hujus
759 1822 861 1869 vitae
895 1819 1100 1883 eligendae
1135 1819 1379 1869 institurum
1425 1818 1702 1887 profitentes,
1740 1824 1782 1869 &
1818 1819 1938 1889 quod
1974 1837 2074 1870 eam

246 1901 300 1941 ex
335 1900 435 1935 toto
468 1885 598 1936 corde
633 1887 706 1938 sua
739 1887 890 1957 sponte
925 1889 1261 1957 amplectuntur,
1304 1889 1360 1939 ab
1395 1894 1485 1956 ejus
1519 1890 1606 1939 loci
1640 1889 1818 1941 Praesule
1853 1892 2071 1943 examina-

244 1956 311 2005 ri:
347 1956 522 2006 Deinde
559 1957 615 2006 fic
649 1959 738 2008 alio
775 1976 890 2009 anno
924 1976 1048 2009 extra
1081 1958 1318 2009 clausuram
1355 1959 1526 2011 fortiter
1561 1958 1602 2009 se
1639 1978 1808 2023 gerere,
1844 1977 1893 2009 ut
1918 1955 2072 2029 scopus

242 2042 393 2074 eorum
427 2025 585 2076 evadat
620 2029 910 2079 manifestior.
959 2032 1085 2079 Tunc
1120 2032 1237 2078 enim
1271 2030 1401 2097 plene
1435 2046 1487 2080 ac
1520 2029 1703 2098 perfecte
1739 2029 2068 2094 significabunt,

241 2093 366 2160 quod
400 2112 489 2143 non
523 2098 695 2146 inanem
742 2100 927 2161 gloriam
972 2115 1200 2167 captantes
1214 2136 1227 2160 ,
1280 2098 1350 2149 sed
1385 2115 1560 2169 propter
1606 2099 1744 2168 ipsum
1781 2099 1926 2151 revera
1974 2102 2070 2168 pul-

240 2163 397 2212 chrum
431 2180 483 2214 ac
518 2165 741 2217 honestum
779 2169 863 2218 hoc
897 2169 1111 2219 silentium
1146 2167 1481 2238 persequuntur.
1517 2170 1618 2219 Post
1654 2173 1766 2221 tanti
1795 2187 1939 2221 autem
1958 2188 2069 2219 tem-

243 2234 362 2301 ¹poris
399 2236 790 2303 complementum,
825 2238 857 2287 fi
891 2241 937 2288 in
970 2239 1124 2290 eodem
1159 2239 1369 2302 eligendae
1403 2242 1505 2290 vitae
1539 2240 1739 2291 instituto
1762 2257 2068 2311 permaneant,

245 2303 410 2353 includi
446 2304 585 2373 ipsos,
621 2311 664 2356 &
698 2310 760 2357 eis
796 2326 884 2357 non
918 2312 1105 2377 amplius
1128 2311 1282 2371 licere,
1317 2310 1494 2377 quando
1506 2311 1746 2372 voluerint,
1782 2329 1834 2360 ex
1853 2313 1930 2359 tali
1948 2329 2070 2359 man-

241 2373 359 2423 fione
394 2374 566 2438 egredi,
602 2392 887 2444 praeterquam
911 2379 942 2427 fi
971 2395 1148 2449 propter
1183 2398 1459 2429 communem
1509 2381 1746 2431 utilitatem
1771 2419 1784 2443 ‚
1831 2383 1900 2429 vel
1936 2383 2068 2430 aliam

245 2443 536 2494 neceffitatem
572 2445 629 2494 ad
662 2463 849 2497 mortem
885 2467 1135 2512 urgentem,
1171 2449 1228 2498 ad
1263 2449 1308 2499 id
1343 2450 1594 2511 trahantur,
1631 2455 1674 2500 ὅτ.
1709 2449 1773 2500 ita
1810 2469 1908 2500 cum
1940 2451 2068 2500 bene-

244 2511 433 2562 dictione
467 2519 556 2580 ejus
592 2517 679 2565 loci
714 2517 942 2587 Episcopi.
994 2522 1086 2590 Qi
1121 2535 1266 2569 autem
1302 2520 1388 2569 fine
1433 2521 1501 2569 his
1548 2525 1639 2588 jam
1685 2520 1811 2572 dietis
1848 2521 1981 2570 causis
2015 2539 2068 2570 ex

244 2579 329 2636 suis
365 2582 623 2634 habitaculis
669 2589 785 2637 exire
831 2588 1141 2651 aggrediuntur
1174 2627 1189 2652 ,
1237 2592 1379 2659 primo
1426 2588 1601 2656 quidem
1648 2593 1718 2642 vel
1753 2594 1918 2643 invitos
1952 2589 2067 2643 dieta

243 2651 435 2702 clausura
480 2657 667 2704 coerceri
695 2693 710 2717 ,
758 2656 914 2707 deinde
950 2662 1118 2724 jejuniis
1169 2665 1212 2709 &
1261 2661 1360 2709 aliis
1394 2659 1700 2710 afflictionibus
1736 2661 1849 2729 ipsos
1887 2677 2065 2723 curare,

243 2719 423 2778 scientes
454 2724 821 2792 quemadmodum
857 2726 1063 2796 scriptum
1097 2729 1185 2790 est,
1222 2728 1343 2798 quod
1377 2747 1532 2792 nemo,
1580 2734 1658 2798 qui
1710 2748 1884 2781 manum
1920 2746 2066 2783 aratro

243 2790 420 2843 immisit
456 2800 500 2845 &
535 2811 650 2846 retro
683 2797 912 2849 conversus
946 2799 1032 2863 est,
1068 2815 1197 2869 aptus
1231 2800 1292 2850 est
1326 2817 1459 2865 regno
1492 2802 1725 2851 coelorum.

1189 2971 1407 3008 Eustochium
1433 2973 1567 3008 Sanctus
1592 2973 1821 3015 Hieronymus
1845 2996 1853 3003 .
1902 2971 2061 3017 Evagrius
2079 2981 2163 3022 Epist.
2189 2993 2235 3012 22.

1189 3021 1433 3066 Epiphaniensis
1459 3023 1633 3066 distinguit
1660 3021 1802 3066 triplices
1827 3033 1835 3053 ε
1871 3021 1908 3056 ln
1935 3022 2059 3058 cellulis
2076 3032 2101 3054 c-
2124 3031 2167 3058 ¹5·
2189 3027 2230 3051 ¹6·

1189 3073 1336 3112 reclufis,
1362 3072 1396 3106 in
1408 3072 1567 3116 speluncis
1592 3080 1648 3105 aut
1659 3071 1786 3106 secretis
1796 3071 1884 3106 terrae
1895 3072 2058 3114 latibulis,
2076 3066 2105 3093 L.
2118 3070 2233 3093 ¹·c·²¹·

1189 3133 1226 3155 ac
1248 3121 1306 3155 sub
1327 3119 1388 3155 dio
1411 3122 1446 3155 in
1468 3121 1567 3163 sylvis
1586 3120 1760 3165 degentes,
1787 3121 1946 3166 dictosque
1957 3122 2058 3168 graece

1189 3170 1318 3214 Boscos,
1343 3169 1461 3205 Latine
1471 3169 1697 3213 Pabula-tores,
1728 3171 1817 3216 quod
1828 3172 1938 3216 spretis
1948 3171 2059 3207 huma·

1190 3222 1240 3254 nis
1263 3220 1451 3260 alimentis,
1476 3230 1587 3254 terram
1605 3246 1616 3262 ,
1642 3233 1733 3256 more
1757 3221 1917 3265 pecudum
1932 3248 1943 3264 ‚
1970 3225 2060 3266 depa-

1185 3269 1334 3313 scerentur
1348 3294 1356 3302 .
1383 3268 1518 3304 Sanetus
1539 3269 1654 3305 Petrus
1674 3271 1831 3306 Damiani
1853 3273 1886 3306 in
1913 3273 1996 3308 libro
2020 3273 2059 3307 de

429 2968 921 3019 SCHOLION.

367 3110 554 3147 Nacboretas
573 3114 635 3150 effe
657 3116 744 3152 idem
766 3142 777 3159 ,
806 3117 897 3163 quod
916 3117 1124 3162 Discedentes‚

379 3161 552 3205 vocarique
589 3165 687 3199 etiam
726 3166 913 3211 Hehcbastas
948 3193 960 3210 ,
994 3169 1031 3204 id
1057 3170 1124 3210 est,

382 3211 600 3254 quiescentes,
627 3216 765 3250 advertit
787 3219 822 3252 in
844 3218 917 3261 lege
939 3219 1069 3253 novella
1084 3218 1124 3254 ad

243 3258 467 3304 Epiphanium
479 3260 701 3298 patriarcham
723 3265 925 3307 Justinianus
938 3266 1123 3312 Augustus.

242 3309 368 3345 Eorum
378 3313 542 3345 austorem
555 3313 648 3348 fuisse
663 3314 816 3348 Sanctum
842 3314 984 3349 Paulum
1005 3319 1127 3353 Eremi-
1192 3319 1347 3353 institutis
1357 3318 1417 3352 suae
1442 3315 1737 3366 Congegationis.
1763 3325 1970 3357 Eremitarum
1992 3324 2060 3355 ordo
2076 3330 2144 3367 cap.
2161 3335 2188 3365 3.

241 3367 331 3400 tam,
356 3370 412 3395 aut
435 3362 535 3396 etiam
557 3362 708 3397 SanCium
736 3364 898 3408 Joannem
923 3364 1101 3409 Baptiflam
1116 3391 1126 3407 ‚
1191 3368 1349 3410 bipartitus
1359 3368 1417 3408 est:
1446 3370 1505 3402 Alli
1514 3370 1630 3403 cellulas
1641 3372 1792 3413 incolunt,
1818 3373 1872 3405 alii
1885 3374 1986 3415 paffim
2004 3379 2060 3411 per

239 3407 468 3461 illustratorem
484 3409 562 3447 vero
575 3414 730 3449 Sanctum
744 3413 931 3449 Antonium
955 3415 1065 3450 scribit
1085 3416 1123 3451 ad
1190 3417 1578 3463 eremidesertagradientes
1588 3430 1685 3455 certas
1708 3423 1788 3456 aedes
1810 3421 1918 3455 habere
1938 3429 2062 3453 contem-

290 3475 295 3482 ,
1923 3478 1998 3502 nun!
2006 3495 2011 3500 .

70 3233 222 3274 lehc-'3-
