2340 3762
595 170 904 228 Scitotus,
941 164 1229 218 rar-Nous
1264 176 1653 212 ILLUSTRATI.

1896 177 1957 213 6¹1

220 264 315 307 primi
336 260 378 297 ad
389 261 583 298 Vistricium
608 262 930 307 Rothomagensem,
956 259 1004 295 ad
1021 258 1090 294 Ru·
1138 263 1227 322 'rum
1241 255 1354 292 unetio
1366 255 1467 289 unius
1483 254 1640 289 Deficum
1661 256 1756 291 unica
1778 259 1957 301 SynagOga
1978 255 2032 291 de·

192 311 289 356 asum
302 312 502 356 Episcopum
510 311 832 348 Thessalonicensem
842 337 853 353 ,
878 323 916 346 ac
933 309 974 346 ad
985 311 1091 353 Syno-

217 362 300 397 dum
310 363 511 398 Toletanam
522 389 530 396 .
556 363 600 397 Et
611 362 754 408 Hispani
763 363 856 398 enim
865 362 898 396 ὃ(
909 358 1090 405 Illyriciani

219 423 298 449 tum
309 412 429 447 Graecis
438 413 528 448 carni
547 413 584 446 in
596 411 658 447 hac
667 423 756 457 parte
765 410 1000 457 indulgebant.
1022 408 1093 444 ΞΜ-

218 463 412 498 νεῐεὺωως
421 462 576 498 scribit-in
590 464 695 506 primo
716 463 903 499 officiorum
924 460 1009 495 libro
1021 485 1032 502 ‚
1057 460 1093 494 &

217 511 257 546 in
269 512 420 556 Epistola.
437 513 478 547 ad
497 512 676 548 Ecclesiam
698 512 937 549 vercellensem
960 512 1092 545 sanstus

167 570 175 597 .“
220 561 412 600 Ambrosius
420 583 430 594 .
483 563 619 606 Plerique
653 571 898 608 argumentantur
932 560 1092 597 UNIUS

175 629 183 638 ·
220 608 404 648 UXORIS
429 612 599 648 V1RUM
625 615 684 648 dm
699 613 763 656 post
787 611 977 656 Baptgsmum
1008 609 1092 643 habt-

216 669 258 697 ω
271 684 283 702 ,
308 664 340 695 eo
349 662 594 708 quotl‘Bapttsmo
603 667 713 699 virtum
718 663 756 703 fit
767 664 899 698 ablutum
910 686 920 702 ‚
944 674 1008 705 quo-
1022 659 1092 702 affe-

214 711 338 746 rebatur
348 715 607 755 impedimentum.
631 716 678 748 Et
686 719 766 748 vitta
787 715 904 757 quidem
921 721 1010 757 atque
1024 719 1095 753 pec-2

213 770 284 797 cata
296 764 448 797 diluuntur
458 770 558 798 omnia
567 788 578 804 ‚
590 763 658 805 utfi
664 770 730 806 quts
741 768 995 798 contaminaverit
1004 759 1092 805 suum

215 820 322 854 corpus
343 824 410 847 cum
416 815 576 856 plurimu,
602 816 775 856 quasfnulla
782 816 913 858 conjugit
923 815 985 857 lege
999 809 1093 855 socia-

217 869 300 896 verit
309 885 320 902 ,
345 869 535 896 remittantur
558 864 721 906 αιωὲηήὶας
740 864 800 906 sed
808 866 951 907 -conjugta
971 871 1038 895 non>
1048 870 1092 894 re··

212 910 391 956 plautum,
416 910 442 946 f
448 916 515 953 quis
524 919 700 946 {tutaverit-
724 915 835 955 Culpa-
847 919 925 949 etum
946 912 1068 946 lavacro
1080 934 1090 950 ,

218 967 277 995 non
289 959 473 1003 leta-solvitur
483 985 492 994 .
518 961 575 995 1521
583 962 764 1007 quoliquet
771 963 895 1007 duplici
903 962 1003 996 etiam
1010 966 1099 995 ante*

218 1009 378 1053 baptisma
389 1010 473 1046 inito
483 1011 643 1057 conjugio
649 1007 750 1056 quem
759 1013 845 1049 effici
865 1012 1072 1058 irregularem
1082 1036 1089 1044 .

217 1059 399 1095 Aituideffe
411 1066 602 1105 praeceptum
625 1074 696 1098 non
707 1064 817 1098 solius·
829 1063 982 1110 Apostoli
996 1087 1007 1102 ,
1032 1062 1092 1095 'sta-

218 1109 342 1144 tuentis
352 1111 392 1145 de
402 1110 479 1146 solis
490 1112 659 1156 Epist-opis
671 1137 681 1154 ‚
710 1113 912 1158 presbyteris
924 1135 936 1154 ‚
953 1124 1000 1147 ac
1013 1112 1097 1146 Diam*

219 1160 334 1203 conis;
360 1161 414 1196 sed
425 1162 526 1196 etiam
536 1162 702 1198 Patresin.
715 1164 844 1212 Nic3aeni
867 1162 1016 1199 Concilii
1028 1170 1093 1195 tra·

219 1211 308 1245 flatu
328 1210 503 1253 addidisse,
531 1224 593 1248 nec
627 1211 816 1249 inferiorem
842 1214 1010 1249 Clericum
1027 1211 1091 1258 effe

218 1259 336 1296 debere
343 1284 355 1301 ,
363 1261 420 1306 qui
430 1263 572 1298 secunda
579 1262 982 1309 ,licet-'a'nteBaptismum
991 1284 1004 1303 s
1013 1272 1092 1297 cou-

218 1309 447 1354 jugiasortitus
456 1313 513 1346 sit.
541 1314 591 1347 Ea
601 1315 755 1348 enixum!
765 1324 902 1348 omnem
923 1306 1094 1346 clericulis

83 1397 89 1406 ‚
219 1361 368 1395 extensio
392 1362 438 1395 est
466 1361 567 1406 longe
586 1360 821 1406 “antiquiffima
830 1386 842 1404 ,
869 1361 986 1406 utpote
1013 1366 1094 1395 nota*

41 1399 117 1434 1⁴⁸¹·
138 1407 167 1430 ⁶·
176 1410 204 1436 ⁷·
217 1410 318 1443 etiam
328 1410 539 1444 Tertulliano
550 1412 584 1444 in
601 1412 692 1444 libris
701 1411 742 1444 ad
753 1422 888 1445 uxorem
898 1423 907 1441 ε
929 1408 1093 1451 Disciplina

216 1456 350 1497 Ecclefiae
359 1456 583 1499 &praescriptio
592 1458 714 1499 Apostoli
725 1469 782 1490 non
788 1458 859 1500 finit
872 1461 1015 1500 Btgamos
1022 1465 1091 1498 prq-

209 1505 322 1548 fidere.
348 1504 450 1553 Qod
462 1506 734 1550 nempeEc'clefiae
744 1507 915 1552 disciplina
938 1505 1088 1549 Apostoli

215 1556 486 1601 praescriptionem
498 1556 539 1590 ad
553 1567 687 1592 omnem
696 1557 826 1601 penitus
837 1557 1010 1600 Clericuns
1021 1564 1090 1590 arn-

215 1606 326 1650 pliarit
337 1631 343 1638 .
370 1605 530 1641 Eamdem
541 1606 748 1651 disciplinam
756 1607 856 1643 tradit
878 1608 913 1642 ἀ
923 1616 1090 1642 commen-

216 1656 273 1690 dat
282 1656 411 1690 Sanetus
424 1656 628 1701 Augustinus
652 1657 688 1693 in
698 1656 784 1695 libro
795 1659 844 1702 de
866 1657 959 1693 bono
978 1656 1089 1702 conju·

216 1706 303 1751 gali.
331 1707 482 1749 Quoniam
492 1718 530 1740 ex
539 1708 641 1739 mulus
652 1698 809 1755 animala&
831 1720 892 1741 una
913 1706 1023 1764 clymis
1040 1705 1097 1751 fwi

216 1764 296 1789 tura,
321 1755 358 1794 est
379 1754 551 1788 habentium
570 1755 665 1789 unani
680 1762 815 1790 animam
836 1760 870 1792 &
891 1768 937 1790 cor
958 1758 1049 1790 un'um
1061 1763 1092 1789 in

217 1807 312 1838 Deum
321 1829 331 1845 ,
354 1807 512 1846 propterea
522 1807 745 1840 sacramentum
757 1813 927 1849 nuptiarum
946 1812 1086 1848 temporis

215 1854 302 1895 nofln
314 1853 354 1896 fic
363 1855 408 1886 ad
414 1866 504 1887 unum
524 1860 623 1889 virum
645 1857 680 1889 Θ
698 1868 788 1889 unam
805 1868 924 1890 uxorem
942 1857 1093 1890 redabtum

215 1903 274 1952 est,
300 1913 335 1950 ut
355 1902 584 1949 dispensatorem
603 1905 744 1948 Ecclefiae
758 1906 1069 1948 nondiceutdrdiitarp
1082 1930 1093 1947 ‚

217 1952 275 2001 1¹¹st
273 1960 367 2003 unius
376 1960 477 1988 uxoris
490 1961 590 1990 virum
602 1982 608 1989 .
636 1958 731 2003 ,Quod
737 1963 849 2001 acutius
862 1958 1073 1991 intellexerunt
1083 1978 1094 1996 ,

217 2006 330 2048 quinte
338 2007 424 2053 eum3
448 2012 500 2047 *qut
516 2006 735 2041 catechumenus
758 2009 812 2041 vel
824 2010 965 2052 pagan'us
987 2006 1093 2040 babue-

217 2061 262 2092 rit
280 2056 721 2100 atteram-'ordinandumff
739 2056 910 2101 censuerunt
934 2082 941 2090 .
955 2062 1015 2091 *De
1041 2060 1093 2091 5a-

217 2114 365 2137 cramento
375 2111 454 2137 emm
463 2111 562 2148 agltur
570 2131 581 2147 ‚
607 2118 664 2139 non
676 2109 710 2139 de
717 2115 836 2148 peccato
846 2131 853 2138 .
883 2112 970 2140 Nam
983 2113 1015 2139 in
1029 2109 1093 2140 Ba-

213 2152 325 2196 ptismo
329 2162 453 2195 peccata
462 2160 558 2187 omnia
571 2157 765 2190 dimittuntur
774 2183 780 2189 .

270 2203 411 2238 Ecclefia
423 2204 522 2238 alium
533 2214 608 2238 ante
619 2231 630 2246 ,
656 2207 755 2240 alium
767 2209 884 2242 statum
895 2204 1010 2241 habuit
1020 2207 1090 2249 post

219 2251 287 2286 Dei
298 2251 399 2287 Verbi
411 2253 450 2288 ad
464 2266 524 2289 nos
535 2255 571 2288 in
580 2267 675 2290 carne
687 2256 864 2293 adventum
873 2282 880 2289 .
913 2257 1005 2291 Ante
1016 2268 1090 2293 ‚uon

220 2311 286 2335 una
298 2326 309 2342 ‚
335 2301 388 2337 sed
398 2301 500 2337 divisa
513 2315 579 2339 erat
601 2305 635 2339 in
647 2306 752 2349 plures
761 2307 936 2350 disparatos
957 2318 1072 2352 greges
1082 2331 1092 2348 ,

219 2351 331 2395 poflea
342 2352 464 2387 redasta
478 2354 512 2387 in
526 2365 630 2388 unum
652 2355 710 2390 sub
721 2368 790 2390 uno
811 2358 1090 2392 Sacramentorum

218 2400 394 2438 visibilium
407 2403 572 2446 signaculo
582 2429 594 2444 ‚
616 2417 654 2439 ac
676 2417 745 2440 uno
765 2407 798 2440 ὅ(
811 2405 974 2455 visibili&
988 2406 1091 2442 inviti-

43 1703 119 1742 Cap·
133 1706 178 1735 18.

218 2449 281 2485 bili
292 2450 446 2491 Pastore,
471 2452 655 2498 ideoquein
677 2455 816 2499 antiquo
839 2450 1092 2499 Deue‘permifit
1118 2464 1120 2466 ’

217 2500 319 2534 etiam
329 2501 549 2536 simultaneam
562 2528 572 2543 ‚
600 2515 671 2547 quae
681 2506 778 2540 unius
789 2507 854 2540 Dei
876 2518 953 2541 cum
965 2506 1092 2540 diverfis

220 2548 287 2583 istis
299 2549 450 2584 Ecclefiis
462 2552 678 2597 significaret,
703 2556 804 2590 unius
821 2556 881 2590 viri
903 2567 977 2590 cum
999 2557 1093 2600 pluri-

214 2599 281 2649 ‚bus
291 2599 480 2634 mulieribus
490 2603 712 2647 polygamiam
724 2629 736 2645 ,
749 2606 784 2639 in
799 2617 886 2640 novo
898 2606 1093 2641 Testamen-

218 2658 258 2683 το
267 2649 396 2693 penitus
417 2650 585 2687 interdixit
597 2678 608 2694 ‚
634 2655 792 2697 quoniam
807 2656 867 2689 viri
889 2667 927 2689 ac
948 2656 1092 2691 mulieris

146 2702 158 2710 ⁴
216 2698 464 2735 Sacramentum
475 2703 599 2737 tunciu
611 2701 742 2739 Chr-isso
762 2706 795 2739 δε
817 2706 958 2740 Ecclefia
979 2705 1092 2741 debuit
1114 2718 1117 2720 ·

217 2749 282 2805 effe
303 2751 455 2785 veraciter
479 2763 656 2797 magnum,
683 2754 717 2789 id
737 2754 804 2796 est,
829 2755 998 2798 ostendere
1015 2769 1091 2792 con-

217 2799 419 2840 junctionem
442 2802 539 2836 unius
559 2802 681 2838 Christi
714 2816 790 2839 cum
811 2806 906 2840 unica
928 2806 1091 2847 Ecclesia,

218 2848 366 2893 virgine,
395 2851 477 2884 nulli
490 2852 581 2887 alteri
596 2864 719 2898 nupta,
743 2855 941 2900 a·nunquam
951 2855 1090 2892 deseren-

216 2894 269 2941 do
286 2911 454 2944 nunquam
474 2901 664 2938 deserenda.
701 2905 839 2940 Novum
864 2905 965 2942 hocce
986 2909 1090 2944 Sacra·

220 2955 367 3002 mentum
385 2950 580 2994 resplendere
600 2953 714 2988 debuit
735 2956 834 2990 etiam
857 2957 891 2990 in
910 2957 975 3000 ejus
997 2957 1089 2992 mini-

219 2994 294 3051 stris
308 3019 320 3036 ‚
344 2998 482 3043 ideoque
492 3004 617 3038 nullum
628 3005 661 3037 in
677 3005 810 3054 Clerum
825 3009 1024 3050 promoveri,
1036 3008 1088 3051 qui

219 3045 325 3087 :psum
336 3057 390 3089 per
400 3049 539 3092 dupleX,
565 3063 621 3087 aut
640 3054 737 3089 etiam
751 3058 885 3090 unicum
907 3069 982 3091 cum
996 3058 1088 3091 diffo-

219 3105 263 3127 na
274 3097 405 3137 persona
416 3098 669 3137 Matrimonium
691 3107 724 3138 in
739 3103 906 3149 semetipso
925 3107 1090 3141 destruxis-

219 3144 282 3201 set.
309 3145 401 3179 Hinc
426 3148 459 3181 &
478 3150 663 3187 Ambrosius
690 3155 724 3188 ὃς
747 3154 950 3200 Augustinus
975 3157 1090 3191 dicunt

219 3193 317 3229 aliam
328 3195 596 3240 irregularitatem
606 3213 648 3236 ex
661 3215 792 3247 peccato
804 3228 815 3244 ‚
841 3208 939 3240 aliam
952 3231 963 3247 ‚
989 3205 1093 3251 qualis

219 3242 289 3279 haec
299 3246 429 3288 praesens
439 3269 449 3285 ,
475 3249 561 3282 nasci
573 3262 614 3284 ex
625 3253 831 3289 sacramento
842 3280 853 3296 ,
881 3257 934 3290 seu
953 3267 994 3290 ex
1005 3256 1089 3292 defe-

217 3295 268 3328 nu
280 3295 499 3330 Sacramenti.
529 3298 742 3348 Qodipfiim
765 3305 799 3338 in
812 3304 896 3339 libro
915 3305 957 3339 de
977 3311 1091 3340 mono-

45 3372 81 3401 ς’
94 3370 141 3404 u..
158 3345 328 3396 ¹²·>ga‘mia
347 3346 392 3380 ait
402 3346 644 3384 Tertullianus.
674 3353 807 3387 Sanstus
828 3354 900 3388 Leo
917 3355 956 3389 -in
978 3355 1089 3391 litteris

48 3413 198 3450 EP-87·⁶·¹
217 3393 264 3452 ad
280 3395 489 3431 Mauritaniae
515 3398 717 3436 Caesareenfis
736 3403 915 3446 Episcopus
931 3404 1022 3440 fuisse
1046 3407 1088 3440 ait

217 3448 361 3482 emmiu
382 3447 506 3491 antiqui
526 3449 732 3488 Testamenti
756 3453 1000 3500 Sacerdotibus:
1029 3456 1091 3491 Εο.

1156 306 1356 342 monstrabat
1369 330 1381 346 ‚
1398 306 1504 340 :unius
1515 305 1756 340 inhumanandi
1767 308 1831 340 Dei
1844 305 1945 341 Verbi
1954 316 2031 340 cum

1156 355 1252 392 unica
1259 357 1414 401 gentium
1424 355 1565 391 Ecclefia
1575 354 1783 401 conjugalem
1793 356 2033 390 adunationem

1156 405 1365 451 promittebat
1378 431 1388 439 .
1414 406 1459 440 Et
1481 403 1560 441 hinc
1581 417 1663 452 vaga
1682 417 1761 441 cum
1780 406 1928 449 plurimis
1950 406 2033 439 citra

1154 455 1365 501 conjugalem
1386 456 1532 500 ligamen
1551 455 1681 497 libido,
1704 456 1864 501 quoniam
1886 466 1955 488 non
1983 455 2034 487 ab·

1154 508 1276 551 rumpit
1285 505 1453 539 laudatum
1476 507 1743 547 Sacramentum,
1768 517 1838 540 non
1861 503 1938 539 facit
1960 503 2035 538 irre-

1154 558 1300 603 gularem
1310 579 1320 587 .
1344 554 1440 588 Hinc
1452 555 1533 589 item
1547 567 1617 589 non
1627 557 1697 590 fieri
1709 567 1808 600 quem
1824 555 2035 601 irregularem

1155 619 1211 652 per
1235 605 1357 651 duplex
1377 604 1637 639 Matrimonium
1665 605 1870 646 invalidum,
1892 613 1951 639 aut
1973 613 2036 648 per

1151 658 1243 692 aliud
1272 655 1435 696 validum,
1475 655 1567 689 aliud
1590 654 1781 690 invalidum
1796 679 1808 695 ‚
1847 655 1951 695 reete,
1977 653 2036 688 sub

1154 707 1293 751 quadarn
1303 716 1413 740 tamen
1424 705 1652 740 moderatione
1663 729 1675 746 ‚
1700 705 1892 749 posteriores
1916 705 2037 739 Ponti-

1154 758 1231 793 fices
1242 755 1492 801 responderunt.
1522 756 1655 790 Sanetus
1668 754 1859 790 Ambrofius
1879 754 1914 788 in
1929 754 2039 803 lauda-

1151 808 1194 842 tis
1205 807 1246 842 ad
1258 807 1435 841 Ecclesiam
1445 804 1683 840 Vercellensem
1697 805 1813 839 litteris
1825 805 1882 839 dat
1893 804 1926 838 ὃς
1939 804 2038 839 aliam

1150 855 1388 899 causamhujus
1409 856 1676 900 irregularitatis:
1703 857 1799 900 ,Quod
1819 857 1966 898 Btgamus
1987 865 2036 887 ne-

1150 906 1243 950 queat
1252 905 1389 950 consolari
1398 907 1546 948 viduam,
1570 905 1741 947 bonorare,
1770 904 1913 939 cohortari
1938 906 2039 938 adcu-

1145 957 1533 999 stadiendamvtduttatem
1550 981 1562 997 ‚
1583 955 1772 1001 servandam
1798 961 1906 989 marito
1923 955 2038 997 fidem,

1153 1006 1324 1051 quamtpfi·
1341 1005 1438 1049 prim
1458 1003 1669 1051 conjugionon
1683 1005 1847 1050 *reservarit
1864 1031 1870 1038 .
1899 1005 1948 1039 At
1974 1005 2034 1038 illa.

1153 1060 1263 1093 locum
1277 1058 1406 1094 obtinet
1416 1057 1451 1091 in
1466 1058 1534 1092 sola
1546 1057 1696 1102 Bigamia
1711 1069 1806 1092 vera.

1202 1108 1307 1142 Porro
1318 1106 1725 1154 Bigamiainterpretativa
1747 1105 1959 1141 est'omnino
1984 1115 2038 1138 an·

1152 1158 1351 1203 tiquiffima,
1375 1169 1433 1203 per
1454 1157 1636 1202 Apostolos
1659 1155 1843 1191 introdusta
1864 1157 1901 1190 in
1926 1153 2041 1188 Eccle-

1154 1206 1231 1244 siam
1238 1221 1282 1244 ex
1294 1209 1512 1254 legeantiqua
1522 1223 1536 1242 .-
1559 1209 1709 1243 Sacerdos·
1718 1213 1847 1250 accipiat
1870 1210 2021 1253 virginem!
2033 1229 2044 1244 ‚

1153 1271 1210 1293 non
1221 1260 1369 1301 viduam,
1392 1259 1597 1300 autejec‘lam.
1633 1259 1690 1294 De
1710 1269 1748 1293 ea
1770 1256 1883 1292 scribit
1910 1255 1952 1290 ad
1963 1256 2043 1290 San·

1153 1306 1240 1343 &um
1266 1308 1463 1344 victricium
1491 1308 1805 1353 Rothomagensem
1839 1306 2041 1350 Episcopum
2059 1320 2132 1356 ος,

1153 1353 1368 1393 Innocentius
1391 1359 1530 1402 primus.
1563 1361 1684 1401 siquis
1707 1358 1837 1391 vidua'm
1859 1357 1949 1390 duxit
1965 1352 2043 1389 Ῑκκο-

1152 1418 1235 1446 κη’,
1255 1402 1634 1449 fiveanteBaptismum5
1655 1406 1719 1447 five
1735 1407 1800 1448 post
1825 1404 2043 1448 Bapttsmum3

1155 1465 1213 1486 non
1235 1456 1419 1487 admittatur
1439 1457 1486 1487 ad
1505 1457 1624 1488 clerum
1636 1480 1647 1496 ‚
1675 1461 1746 1498 quia
1765 1456 1865 1489 eodem
1886 1454 2042 1499 Bigamiae

1155 1508 1249 1544 vitio,
1277 1505 1331 1538 seu
1344 1505 1544 1539 sacramenti
1558 1504 1683 1539 defectu
1697 1506 1819 1538 videtur
1829 1503 1981 1548 exclusus.
2005 1508 2043 1537 In

1154 1552 1312 1596 Bapttfino
1333 1559 1411 1587 enlm
1432 1560 1558 1588 crimina
1578 1557 1774 1591 dtmtttuntar
1786 1564 1817 1596 ς’
1836 1564 1895 1588 non
1914 1559 2043 1596 accepte

1157 1610 1261 1637 uxoris
1297 1603 1472 1647 consortium
1508 1606 1667 1639 relaxatur
1679 1631 1686 1638 .
1738 1603 1924 1653 Qomodo
1952 1605 2044 1639 euim

1158 1653 1321 1698 Christusa
1321 1654 1491 1689 Dominus
1501 1655 1604 1703 solam
1618 1655 1677 1689 fibi
1699 1654 1909 1698 desponsavit
1932 1654 2045 1688 Eccle-

1153 1703 1233 1744 fiam
1243 1703 1325 1753 ‚jita
1348 1704 1492 1747 Ecclesia
1516 1702 1600 1750 nulfi
1621 1716 1766 1748 unquam
1793 1704 1887 1738 alteri
1912 1704 2040 1748 nupfit.

1171 1755 1226 1797 psa
1237 1754 1281 1787 est
1294 1753 1513 1798 Evangelicus
1525 1766 1563 1788 ac
1575 1752 1792 1798 Propheticus
1803 1755 1896 1788 afinae
1910 1754 2018 1797 pullus
2031 1779 2042 1794 ‚

1155 1815 1252 1847 quem
1265 1803 1370 1838 nullus
1383 1802 1559 1838 hominum
1582 1804 1728 1846 sederat3
1756 1804 1823 1848 ipsa
1839 1803 1885 1838 est
1906 1805 2042 1847 operarii

1154 1854 1301 1888 dicentes
1311 1854 1351 1888 ad
1364 1854 1667 1897 Patrem—familias,
1689 1856 1776 1897 ,Quia
1798 1866 1881 1888 nemo
1912 1866 1964 1887 nos
1977 1866 2042 1888 con-

1155 1903 1264 1938 duxit.
1292 1904 1337 1938 Et
1347 1902 1452 1939 hocce
1463 1907 1709 1940 Sacramentum
1724 1903 1869 1940 omnino
1882 1904 1994 1940 deficit
2005 1904 2040 1939 in

1158 1954 1263 1988 viduae
1283 1965 1339 1989 ant
1350 1955 1523 1999 repudiatae
1534 1956 1653 1990 marito
1666 1982 1674 1989 .

1208 2002 1254 2039 Et
1265 2004 1375 2039 noster
1393 2006 1427 2040 ὃς
1440 2005 1652 2049 Apostolicus
1674 2006 1796 2040 Canon
1821 2005 1946 2041 addunt
1967 2006 2042 2040 irre-

1155 2055 1303 2099 gularem
1316 2056 1377 2089 efle
1389 2056 1491 2090 etiarn
1505 2055 1598 2091 illum
1611 2081 1621 2097 ‚
1648 2057 1704 2100 qui
1716 2056 1787 2100 post
1796 2057 1961 2101 Baptisma
1987 2055 2042 2091 ha-

1158 2104 1265 2139 buerit
1285 2097 1527 2140 concubinam.
1557 2107 1660 2153 Qod
1684 2107 1790 2150 ipsum
1814 2107 1849 2140 in
1871 2106 1985 2141 litteris
1998 2105 2041 2140 ad

1158 2155 1300 2189 Felicem
1324 2155 1474 2189 Nuceria:
1485 2155 1684 2199 Episcopum
1705 2155 1814 2190 scribit
1826 2155 2043 2191 Innocentius

1158 2205 1298 2247 primus.
1326 2205 1481 2239 Attamen
1496 2218 1565 2239 non
1583 2205 1628 2239 ob
1653 2206 2017 2241 Sacramentidefectum
2031 2229 2042 2244 ‚

1156 2254 1212 2289 sed
1224 2256 1317 2289 causa
1333 2256 1478 2289 criminis
1488 2282 1495 2289 .
1521 2255 1714 2291 Namillum
1726 2280 1737 2296 ‚
1764 2257 1820 2301 qui
1835 2256 1904 2301 post
1918 2257 2044 2300 Baptis-

1156 2316 1209 2338 ma
1228 2305 1277 2341 vel
1299 2305 1393 2339 semel
1417 2306 1588 2347 dumtaxat
1613 2307 1709 2341 fuerit
1731 2308 1911 2341 fornicatus
1925 2331 1936 2347 ‚
1963 2305 2040 2340 licet

1154 2355 1351 2399 complicem
1363 2356 1472 2398 postea
1486 2356 1520 2389 in
1533 2367 1670 2389 uxorem
1691 2356 1810 2398 ducat,
1837 2358 1900 2390 effe
1924 2358 2039 2400 irrepa-

1155 2404 1299 2440 rabiliter
1310 2405 1537 2451 irregularem,
1560 2405 1671 2440 scribit
1687 2406 1841 2441 Romana
1853 2405 1938 2450 apud
1948 2407 2042 2450 Jaco-

1154 2453 1231 2488 bum
1242 2454 1393 2490 Sirmond
1399 2455 1453 2489 um
1463 2455 1614 2498 Synodus
1641 2454 1681 2490 ad
1692 2445 1873 2500 Episcopos
1896 2455 2040 2491 Gallica-

1156 2515 1234 2539 nos.
1261 2504 1364 2552 Qod
1378 2505 1483 2548 ipsum
1506 2506 1541 2539 in
1559 2506 1817 2541 commonitorio
1837 2504 1879 2539 ad
1902 2506 2040 2540 Ammo·
2054 2534 2079 2563 T

1155 2566 1231 2590 nem
1257 2555 1538 2598 Lycopolitanum
1572 2555 1722 2590 adfirmat
1742 2554 1954 2600 Theophilus
1981 2556 2040 2592 Pa-
2055 2542 2177 2610 com-1·

1154 2603 1293 2640 triarcha
1312 2605 1577 2640 Alexandrinus.
1605 2607 1733 2641 Omnes
1745 2618 1811 2641 una
1823 2618 1903 2640 voce
1923 2605 1956 2639 id
1977 2606 2039 2648 cla.

1154 2665 1247 2691 mant
1272 2655 1400 2697 antiqui
1427 2656 1600 2690 Canones.
1629 2657 1722 2703 Qin
1749 2658 1784 2691 &
1810 2654 2038 2699 posterioribus

1154 2706 1274 2741 saeculis
1295 2705 1380 2739 idern
1404 2706 1509 2740 asserit
1534 2706 1568 2740 in
1596 2706 1712 2741 litteris
1738 2707 1778 2741 ad
1805 2705 2037 2742 Theodosium

1155 2753 1525 2795 Corinthi'Monachum
1550 2755 1760 2800 Nicephorus
1781 2754 2036 2799 Chartophylax

1154 2804 1302 2841 Ecclefiae
1317 2805 1712 2850 Constantinopolitanae.
1745 2806 1842 2840 Clero
1862 2805 1951 2839 enim
1977 2806 2037 2839 ini-

1153 2849 1305 2890 tiandum
1332 2855 1513 2899 Apostolus
1539 2856 1673 2891 mandat
1695 2857 1758 2890 effe
1781 2857 1846 2888 fine
1874 2850 2033 2895 crimine,

1153 2906 1251 2941 etiam
1263 2906 1417 2949 simplicis
1435 2918 1474 2942 ac
1495 2906 1599 2941 unica:
1621 2905 1850 2945 fornicationis
1872 2905 2032 2947 moechia.

1148 2958 1201 2991 At
1214 2955 1374 2991 commissi
1395 2957 1465 3001 post
1490 2957 1691 3000 Baptismum
1707 2969 1717 2988 .·
1746 2954 1926 2996 Ante-rior,
1955 2956 2033 2990 licet

1156 3010 1237 3052 viga
1257 3029 1268 3045 ‚
1295 3006 1372 3040 faeda
1393 3032 1404 3047 ‚
1432 3006 1594 3051 plurima,
1628 3005 1788 3049 quoniam
1825 3005 1860 3039 in
1886 3015 2029 3041 veterem

1154 3055 1323 3090 hominem
1336 3064 1471 3099 peccat,
1498 3056 1517 3089 a
1539 3055 1637 3090 Clero
1660 3066 1827 3100 nunquam
1846 3056 1949 3090 arcuit
1974 3066 2031 3090 aut

1153 3106 1291 3152 abjecit.
1319 3106 1443 3139 Verum
1464 3105 1548 3148 apud
1570 3116 1630 3140 nos
1650 3105 1790 3140 Latinos
1812 3106 1878 3149 jam
1904 3105 2030 3150 pridem

1154 3159 1269 3196 cessat,
1297 3153 1378 3198 proh
1398 3155 1494 3188 dolor
1510 3179 1519 3194 ‚
1547 3153 1614 3188 haec
1637 3156 1826 3190 sanffiffima
1837 3155 2007 3199 disciplina
2021 3181 2028 3188 .

1154 3206 1286 3240 Etenim
1316 3206 1451 3242 Sanetus
1484 3204 1661 3250 Gregorius
1686 3205 1830 3250 Magnus
1861 3205 2030 3240 Andream

1155 3255 1376 3290 Tarentinum
1407 3254 1627 3298 Episcopum,
1660 3256 1719 3300 qui
1745 3256 1847 3291 laicus
1866 3256 2029 3302 concubi-

1157 3317 1233 3339 nam
1254 3303 1343 3338 certo
1364 3302 1518 3338 habuerat
1538 3329 1551 3346 ‚
1575 3305 1705 3348 reliquit
1734 3306 1768 3340 in
1790 3304 1943 3340 cathedra
1969 3306 2028 3339 sub

1156 3353 1215 3389 hac
1233 3352 1446 3389 conditione:
1471 3356 1503 3387 51
1523 3360 1555 3388 in
1560 3353 1644 3398 sacro
1653 3356 1769 3390 Ordine
1782 3356 1952 3397 constitutus
1962 3357 2025 3396 ejus
2044 3355 2101 3385 Lib.
2113 3367 2136 3386 2.

1156 3415 1185 3438 te
1205 3410 1403 3446 permixtione
1426 3404 1523 3438 recolis
1549 3404 1601 3448 effe
1640 3407 1840 3448 maculatum,
1866 3405 2025 3439 sacerdotii
2042 3395 2100 3453 [fid-
2119 3407 2161 3428 ¹¹·

1157 3454 1259 3490 honore
1283 3452 1402 3498 depofito
1420 3478 1430 3495 ,
1455 3457 1500 3489 ad
1533 3455 1803 3497 administrandum
1829 3457 1906 3490 nullo
1940 3454 2023 3500 modo
2042 3445 2078 3475 *p
2081 3455 2088 3465 ¹
2103 3447 2150 3473 44·

1893 3510 1975 3546 prae-

2061 2239 2143 2278 Epist.
2154 2252 2181 2278 4.
