2340 3762
45 631 77 663 1„
84 641 108 662 ι·
118 633 202 673 Epist.

658 180 732 215 De
768 178 1006 213 ocrAvA
1041 162 1289 210 Svuono
1322 158 1665 210 Genuam.

219 253 328 289 nenfis
339 276 350 293 ,
375 263 413 288 ac
425 253 545 289 Paulus
557 250 750 288 Albanensis
771 250 927 294 Episcopi
945 247 1102 283 Cardina-

219 302 427 338 insederunt
446 304 481 339 δε
496 304 746 347 subscripserunt
765 302 837 336 aliis
849 300 1000 344 permixti
1011 300 1102 342 juxta

220 350 283 387 suaev
300 355 553 389 consecrationis
571 350 697 393 aetatem
721 365 728 384 :
756 351 859 400 Qod
884 359 1002 392 nempe
1024 359 1103 383 tunc

221 403 413 438 cardinales
433 404 588 449 Ep'isbopi
609 404 748 438 necdum
765 400 952 447 gauderent
976 399 1043 433 loci
1069 398 1103 432 ὅ(

219 452 393 498 dignitatis
402 455 627 499 praerogativa.
655 454 738 487 Non
751 451 875 486 dudum
899 447 1104 494 post-gaude-

219 512 448 548 recoeperunt.
478 505 612 539 Etenim
636 502 677 537 ad
695 501 880 541 Cadaloum
893 498 1102 534 Parmensem

217 552 421 598 Episcopum
434 578 446 594 ,
471 554 620 590 Rotnani
630 553 847 587 Pontificatus
860 549 1102 584 schismaticum

219 603 416 639 ambitorem
441 628 452 644 ‚
477 604 586 639 scribit
609 605 744 639 Sane-’tus
779 603 896 636 Petrus
920 599 1099 634 Damiani:

217 655 314 697 ,Quid
337 654 394 687 tibi
403 655 522 688 videtur
534 657 572 689 de
591 653 805 687 cardinalibus
827 649 981 698 Episcopi:
994 651 1012 682 ἕ
1037 651 1102 693 ‚Qui

219 705 360 739 videlicet
381 706 547 739 Romanum
566 701 734 744 Pontificem
741 703 951 748 principaliter
963 701 1077 748 eligunt
1089 723 1100 740 ‚

218 752 439 797 &quibusdam
451 756 520 788 alus
529 758 760 798 praerogativi&
786 763 843 786 non
854 752 938 795 mode
952 768 955 770 ·
970 761 1100 792 querum·

216 802 291 838 libet
299 802 510 847 Episcoporum
518 830 529 844 ‚
551 804 610 847 sed
625 806 661 838 6·
674 802 922 837 Patrtarcharum
931 804 1021 842 atque
1031 802 1102 832 Prt-

215 863 334 888 mantm
344 855 422 895 ‚iura
438 853 673 896 transcendunt.
701 853 851 886 Eosess'e
871 849 954 883 dicit
975 850 1096 891 septem

214 902 380 937 Romana
390 902 539 935 Ecclefiae
547 903 665 935 oculos
675 924 686 940 ‚
698 899 891 934 candelabra
903 921 915 938 ‚
940 897 1097 939 lucernas,

214 960 274 995 per
282 948 475 985 Zachariam
487 949 687 995 prophetam
697 949 733 983 ἀ
745 948 854 984 Sanffi
865 947 1000 991 Joannis
1011 945 1101 991 Apo-

215 999 363 1044 calypsin
383 1000 537 1042 laudata,
562 1010 660 1044 atque
684 1000 731 1034 ita
751 999 862 1033 datam
888 997 956 1031 illis
975 998 1040 1032 esse
1051 997 1098 1031 di-

214 1051 304 1083 &arn
314 1051 557 1095 praerogativam
564 1049 656 1094 salvo
666 1048 842 1094 universalis
850 1041 985 1089 =Ecclest'ae
995 1049 1098 1080 Sacra·

215 1108 316 1133 mento
327 1124 340 1140 ‚
365 1100 398 1135 id
409 1099 456 1134 est
467 1125 478 1142 ,
503 1101 584 1136 citra
594 1111 729 1136 omnem
739 1098 890 1143 injuriam
902 1097 1098 1132 Ecclesiasti-

216 1160 265 1184 cae
283 1149 503 1185 Hierarchiae.
530 1151 616 1199 Qis
638 1149 797 1185 Pontifex
809 1174 820 1190 ‚
846 1150 960 1193 &quae
969 1149 1097 1192 occasio

213 1197 342 1234 dederit
351 1197 368 1240 ,'
388 1201 507 1244 ignoro
519 1225 527 1233 .
555 1200 682 1235 Eadem
703 1198 916 1244 postmodum
934 1198 1035 1233 etiam
1055 1197 1097 1233 ad

214 1247 426 1293 Presbyter-os
435 1262 474 1285 ac
484 1251 658 1286 Diaconos
667 1249 861 1285 Cardinales
880 1249 926 1284 e'st
938 1249 1072 1283 extensa
1088 1274 1095 1282 .

210 1298 336 1344 Neque
363 1299 400 1334 id
426 1300 611 1336 mirandum
637 1326 645 1334 .
682 1300 816 1335 Etenim
839 1298 880 1334 de
906 1297 1098 1333 Patriarchae

211 1347 591 1395 Constantinopolitanae
600 1351 763 1395 Syncellis
771 1375 781 1392 ,
792 1348 986 1393 simplicibus
998 1359 1096 1394 quan-

211 1395 325 1443 doque
335 1399 527 1443 monachis,
555 1400 667 1436 scribit
687 1400 729 1435 ad
740 1400 886 1435 Romani
899 1398 1025 1443 Argyri
1037 1398 1094 1434 im-

210 1449 342 1490 perium
366 1450 534 1495 Georgius
557 1449 746 1485 Cedrenus:
773 1453 832 1482 Dte
851 1448 1028 1487 Penteeqftes
1051 1455 1105 1481 tum

212 1498 394 1532 multatum
404 1498 442 1532 el}
453 1500 490 1533 ob
494 1498 639 1542 seffionem
647 1503 681 1532 in
686 1496 790 1542 sanHo
802 1497 888 1540 officio
895 1521 908 1538 ,
931 1498 1095 1538 Metropoli·

211 1553 259 1580 ets
277 1559 336 1581 non
352 1547 528 1590 ferentibus
553 1547 702 1593 superiore
724 1551 786 1583 Ioco
809 1547 948 1587 syncellos
967 1545 1093 1590 sedere.

213 1596 458 1640 Contentionis
468 1600 645 1633 successum
663 1599 697 1632 &
708 1598 809 1632 finem
832 1607 901 1631 non
918 1594 1093 1645 edicipCe-

213 1645 355 1680 arenas:
382 1646 503 1692 Liquet
523 1648 654 1683 interim
676 1646 772 1682 istam
791 1645 857 1681 loci
878 1645 1093 1680 eminentiam

214 1697 311 1740 fuisse
320 1696 412 1740 ipsis,
439 1697 538 1743 idque
552 1697 677 1734 nonita
690 1696 815 1742 pritlem
829 1720 840 1738 ,
866 1697 886 1731 a
898 1693 1094 1730 Patriarchis

214 1743 379 1781 indultam
389 1772 397 1780 .
424 1748 572 1783 Eandem
583 1772 596 1789 ,
619 1747 656 1782 &
666 1747 734 1783 fine
744 1747 840 1782 omni
850 1744 1068 1781 contentione
1082 1770 1094 1787 ,

211 1792 356 1831 habuere
364 1798 483 1842 septem
495 1798 638 1843 ejusdem
648 1797 796 1842 Ecclesia
807 1795 990 1838 cruciferi,
1010 1805 1094 1839 quos

211 1844 337 1879 scimus
345 1847 516 1883 dumtaxit
528 1848 699 1884 Diaconos
708 1847 800 1883 fuisse
811 1872 820 1880 .
955 1888 959 1891 g

265 1894 350 1930 Haec
368 1896 511 1933 Decreta
531 1909 588 1942 per
597 1897 855 1943 Theognostum
879 1893 1093 1930 Archi-Man-

210 1941 332 1981 dritam
354 1945 389 1981 δε
400 1944 621 1991 Euthymium
633 1945 838 1992 Spatharium
849 1945 968 1981 Basilio
980 1942 1094 1990 Augu-

209 1994 264 2030 sso
274 1996 310 2030 ἀ
319 1996 438 2031 Sancto
448 1997 581 2041 Ignatio
593 1995 787 2032 Patriarchae
797 1995 968 2032 transmisit
980 1993 1093 2029 Adria-

209 2054 276 2077 nus
296 2043 454 2079 Pontifex
467 2069 479 2086 ,
506 2045 699 2089 protestatus
720 2046 784 2080 sese
807 2046 827 2078 a
847 2046 896 2078 sui
909 2043 1094 2079 Decefforis

211 2092 349 2127 Nicolai
375 2105 434 2138 pro
464 2095 598 2140 Ignatio
622 2095 657 2130 ἀ
676 2095 743 2137 ejus
768 2093 919 2128 fidelibus
943 2092 1094 2128 adversus

211 2140 373 2177 Photium
383 2144 533 2179 Decretis
543 2156 605 2179 nec
616 2143 768 2179 recessisse
779 2152 925 2188 unquam
938 2167 949 2184 ,
975 2153 1035 2177 nee
1047 2154 1094 2177 te-

209 2193 372 2227 ceffurum
383 2217 391 2226 .
417 2196 535 2234 Tanta,
563 2195 671 2239 inquit
685 2218 698 2234 ‚
722 2194 946 2227 volumumus
958 2194 1093 2227 Decretis

210 2245 387 2277 concordare
397 2267 409 2284 ,
433 2247 544 2287 quant&
551 2243 614 2288 ipse
626 2268 638 2285 ‚
663 2245 735 2277 dum
745 2242 809 2278 baec
818 2250 917 2288 ageret
928 2267 940 2284 ‚
966 2245 1092 2276 Divinis

207 2299 369 2335 preceptis
379 2296 554 2329 concordare
573 2293 712 2334 studebat
724 2318 732 2325 .
759 2298 847 2326 Nam
866 2294 901 2328 6·
912 2292 965 2327 boc
973 2294 1092 2337 neceffa-

209 2348 290 2375 rium
306 2342 346 2384 est
361 2367 372 2383 ‚
396 2351 429 2376 ut
446 2344 608 2384 custodiens
631 2343 872 2387 Praedeceffbrum
892 2353 1020 2377 meorum
1036 2346 1092 2377 De-

208 2401 292 2426 creta
312 2393 430 2426 doceam
447 2392 511 2435 post
538 2394 673 2438 deceffum
682 2404 778 2427 meum
799 2395 833 2428 (⁰5
845 2404 911 2427 mea
930 2404 1043 2435 quoque
1053 2392 1092 2426 ab

208 2446 270 2480 iis,
294 2447 347 2483 qui
354 2442 416 2484 prfi
427 2442 594 2484 mefuertnt
607 2469 619 2484 ‚
645 2444 723 2477 nullo
744 2443 826 2476 modo
847 2444 1007 2476 violanda.
1037 2444 1091 2477 De

208 2490 322 2535 spretis
333 2491 440 2526 Sancti
452 2492 587 2527 Nieolai
600 2493 751 2528 Decretis
771 2494 930 2537 suspectus
941 2517 953 2534 ,
979 2493 1013 2527 δε
1026 2494 1091 2527 sese

204 2548 277 2574 tam
287 2540 373 2584 apud
386 2541 524 2578 Latinos
534 2542 631 2588 quarn
645 2545 776 2578 Graecos
787 2544 963 2579 solenniter
973 2554 1057 2587 expu
1063 2555 1090 2577 r-

206 2601 286 2634 gare
297 2592 426 2625 coactus
446 2593 570 2634 fuerat,
595 2592 738 2638 ideoque
759 2602 824 2628 tam
851 2593 960 2628 zeloso
978 2592 1090 2627 verbo-

205 2651 281 2674 rum
293 2641 416 2684 impetu
427 2642 541 2677 eadem
561 2642 647 2687 apud
660 2642 836 2678 Ecclesiam
850 2642 1088 2677 Constantino-

205 2690 391 2734 politanam
403 2692 627 2727 commendat.
655 2692 775 2727 Basilio
788 2692 940 2738 Augusto
952 2692 994 2727 de
1005 2693 1086 2728 fasta

205 2739 398 2774 eorumdem
420 2743 615 2778 executione
638 2741 748 2777 laudes
777 2744 812 2777 &
832 2742 954 2788 gratias
975 2742 1062 2777 dixit
1075 2767 1087 2783 ,

205 2787 401 2824 Patriarchae
420 2791 553 2836 Ignatio
574 2793 619 2826 est
642 2792 883 2827 restitutionem
907 2792 1087 2838 adgratula-

205 2847 277 2872 tus.
310 2839 355 2873 Et
367 2842 524 2883 quoniam
548 2854 615 2877 non
638 2842 745 2876 solum
756 2842 948 2887 ignatium,
974 2843 1027 2877 sed
1052 2845 1086 2879 δε

205 2898 323 2922 omnes
349 2888 417 2931 ejus
442 2894 537 2926 eausa
562 2893 682 2936 ejestos
696 2893 875 2936 Episcopos
885 2917 896 2934 ‚
917 2892 1085 2936 Abbates,

207 2937 376 2978 Clericos,
401 2939 436 2972 dc
460 2941 640 2977 monachos
662 2943 799 2977 Basilius
822 2942 1023 2983 restituerat,
1049 2945 1082 2978 in

206 2987 384 3022 Mandram
397 2988 486 3022 suam
497 2991 549 3025 seu
561 2992 772 3027 Abbatialem
790 2991 987 3036 dignitatem
999 2993 1084 3028 resti-

205 3037 257 3072 tui
270 3037 376 3072 voluit
395 3049 432 3072 ac
443 3041 570 3083 rogavit
591 3042 691 3076 etiam
703 3043 942 3087 Hegumenum
955 3066 967 3083 ‚
992 3042 1083 3086 cujus

205 3086 318 3121 laudes
338 3088 442 3131 &pro
455 3089 574 3125 Sancto
595 3090 727 3136 Ignatio
747 3092 782 3125 ὅ(
794 3092 886 3126 omni
897 3091 1084 3128 Constanti-

205 3136 400 3180 nopolitana
413 3137 552 3173 Ecclesia
563 3141 746 3176 constantes
759 3141 885 3177 labores
897 3142 987 3186 supra
998 3143 1082 3178 audi-

205 3187 315 3221 vimus
328 3211 339 3226 ‚
365 3186 621 3232 Theognostum
633 3215 641 3223 .
667 3190 761 3225 Datae
773 3192 847 3225 sunt
867 3190 916 3226 hae
933 3192 1083 3236 Epistolae

208 3235 367 3271 Calendis
382 3237 523 3282 Augusti
535 3262 546 3279 ,
576 3238 754 3274 indictione
764 3241 866 3285 prima
876 3265 887 3282 ,
913 3252 1003 3276 anno
1013 3242 1081 3278 Do-

207 3286 291 3322 mini
303 3288 573 3333 octingentesimo
586 3290 785 3336 sexagesimo
795 3291 929 3326 οὲὶινο.

306 3491 409 3532 Chss.
420 3498 496 3541 Lupi
507 3502 590 3542 oper.
602 3501 679 3532 Tem
694 3501 750 3532 111.

1897 174 1990 227 ³63

1350 302 1724 374 CAPUT„
1772 318 1886 370 rx.

1166 461 1419 527 Expcnuntur
1447 458 1632 524 proxima
1671 460 2014 526 praeparamenta.»
2035 482 2057 527 9

1234 525 1375 600 Praefis
1388 564 1402 591 ‚
1436 524 1638 596 Episcopi,
1678 525 1802 588 locus,
1833 542 1984 599 ‚tempus

1425 595 1573 658 oft'avae
1615 597 1799 663 generalis
1926 616 1930 618 ·

1534 665 1693 732 Synodi-

1192 799 1355 834 ‘Oannem
1380 798 1590 846 Pergenlium
1616 800 1874 845 Metropolitam
1899 811 1937 836 ac
1968 800 2054 836 Bafia

1223 848 1305 883 lium
1316 848 1522 893 Spatharium
1536 849 1645 885 adhuc
1666 851 1754 895 apud
1766 851 1798 886 se
1807 850 1956 886 detinuit
1969 875 1981 891 ‚
2005 852 2048 886 de

1186 898 1346 942 postulata
1357 910 1412 943 per
1421 901 1508 945 ipsos
1515 899 1812 946 generalisynodo
1822 900 2016 936 deliberavit
2032 924 2046 941 ,

1161 947 1295 982 tandem
1305 950 1424 991 quarto
1436 951 1509 985 idus
1517 951 1630 994 Iunias
1650 950 1833 987 indi-stione
1851 949 1992 992 secunda
2008 950 2046 985 in

1161 998 1268 1041 ipsam'
1282 998 1444 1043 consensit
1456 1024 1469 1042 ,
1494 1011 1532 1035 ac
1543 1001 1623 1035 istos
1642 1001 1767 1037 dimisit
1778 999 1946 1037 Adrianus
1958 999 2050 1036 Pon-³

1160 1049 1240 1083 tifex
1258 1064 1278 1089 ,¹
1294 1048 1477 1093 adjungens
1496 1048 1545 1084 eis
1562 1047 1739 1090 Donatum
1759 1051 1945 1086 Ostiensem
1967 1073 1981 1090 ,
2005 1048 2046 1084 ae

1160 1097 1572 1143 stephanumvNepefinum
1584 1099 1786 1143 Episcopum
1796 1123 1808 1139 ‚
1821 1111 1883 1139 nec
1894 1111 1963 1133 non
1974 1097 2051 1140 Ma·

1160 1147 1268 1191 tinum
1281 1147 1441 1183 Romanae
1451 1148 1601 1183 Ecclefiae
1614 1147 1828 1186 Cardinalem
1840 1149 2059 1189 Diaconum,

1159 1199 1286 1234 futuros
1306 1199 1342 1232 in
1354 1198 1494 1242 Synodo
1521 1196 1669 1239 Pr'aesides
1679 1209 1718 1234 ac
1738 1199 1812 1233 sitos
1824 1198 1978 1234 Vicatios
1989 1197 2053 1232 Le·

1158 1257 1255 1293 gatos
1278 1272 1289 1288 ,
1313 1246 1356 1282 de
1388 1247 1506 1292 quibus
1530 1247 1734 1284 Guilielmus
1757 1242 1919 1284 Romana
1937 1247 2052 1283 Eccle-

1158 1300 1209 1333 fiae
1232 1295 1528 1334 Bibliotheearius:
1553 1301 1614 1332 Eis
1635 1305 1784 1342 praecepit
1805 1297 1951 1340 Pontifex
1972 1323 1985 1340 ,
2009 1305 2047 1330 ut

1153 1346 1329 1391 fiandalum
1341 1348 1476 1392 Ecclefiae
1485 1347 1824 1391 Constantinopolitanae
1839 1347 1960 1392 solerter
1965 1345 2051 1391 [opi-'-

1156 1407 1246 1440 rent,
1270 1397 1500 1442 consecratisque
1522 1397 1704 1432 &Metbodto
1730 1400 1892 1442 &Ignatio
1911 1398 2051 1441 Episco-

1157 1447 1206 1490 pis
1228 1448 1263 1481 ἀ
1284 1446 1424 1481 Clericis
1441 1446 1499 1490 sub
1521 1446 1733 1490 satisfacqtone
1751 1446 1842 1480 libell!
1863 1471 1875 1488 ,
1902 1457 1989 1488 quem
2010 1447 2052 1480 de

1161 1497 1272 1530 scrinio
1285 1494 1475 1540 susceperant
1493 1520 1505 1538 ,
1526 1500 1668 1539 proprias
1693 1494 1837 1537 Ecclefias
1861 1497 2050 1539 redderent;

1166 1545 1321 1579 photianis
1337 1549 1409 1579 vera
1415 1545 1473 1589 siah
1481 1548 1586 1579 eadem
1602 1557 1639 1580 ac
1648 1546 1821 1587 distinam
1837 1545 2050 1588 satiifafflone

1157 1601 1406 1629 communicarent
1425 1595 1545 1638 quidem
1564 1619 1575 1635 ,
1597 1593 1658 1638 sed
1676 1596 1862 1629 sacerdotum
1874 1597 2024 1638 judicium
2037 1619 2050 1635 ‚

1160 1640 1250 1687 usque
1261 1647 1306 1680 ad
1314 1646 1398 1678 Sedis
1418 1644 1582 1688 Apostollcae
1598 1642 1804 1687 sententiam,
1831 1654 1971 1679 manente
1974 1643 2049 1688 san-

1155 1694 1263 1736 Htffimi
1282 1698 1380 1738 Papae
1391 1696 1515 1730 Nicolat
1526 1696 1642 1736 judicio
1653 1719 1665 1737 ‚
1686 1697 1873 1738 protelarent
1884 1720 1892 1727 .
1921 1695 2049 1730 Conso·

1155 1748 1212 1780 nat
1232 1744 1421 1782 Anastasius
1446 1744 1721 1780 Bibliotheearius
1739 1745 1774 1777 in
1789 1741 1916 1785 synodi
1929 1745 2048 1778 nostrae

1154 1794 1344 1835 prefatione
1353 1792 1524 1838 alloquens
1534 1793 1732 1828 Pontificem
1747 1790 1934 1828 Adrianum
1946 1805 1953 1826 :
1965 1792 2042 1836 May:

1148 1839 1187 1884 [ὁ
1207 1852 1275 1876 cum
1295 1841 1469 1877 aunon-trare
1486 1842 1642 1886 Apfflolzca
1665 1847 1793 1877 Vicarns
1807 1868 1819 1884 ,
1844 1854 1880 1878 ac
1902 1843 2050 1886 Epfflolir

1158 1893 1361 1926 Decretalibus
1381 1917 1393 1933 ‚
1409 1893 1512 1934 juffistt
1534 1894 1602 1936 fieri
1625 1894 1875 1937 constantinopoli
1898 1895 2048 1933 synodum

1149 1948 1206 1983 pro
1218 1941 1321 1975 multis
1330 1942 1449 1985 quidem
1460 1943 1664 1982 neceffitatibus
1678 1945 1814 1985 Ecclefiae
1824 1969 1834 1984 ‚
1853 1943 1910 1987 fid
1920 1952 1979 1986 pro
1991 1943 2044 1978 bis

1148 1992 1323 2036 praecipue,
1349 2002 1419 2034 quae
1440 1990 1496 2025 buc
1517 1990 1605 2035 usque
1624 1992 1773 2028 adnotata
1794 1992 1889 2037 fiant,
1915 2005 2043 2037 quaeque

1153 2047 1187 2075 in
1207 2040 1299 2084 hujus
1310 2042 1415 2080 synodi·
1430 2041 1521 2086 gestis
1543 2048 1739 2078 inveniuntur
1755 2067 1767 2084 ‚
1791 2050 1824 2077 in
1849 2055 1910 2087 qua
1929 2041 2044 2086 scilicet

1157 2088 1285 2126 Photius
1307 2092 1341 2125 ob
1364 2092 1400 2125 id
1420 2091 1690 2136 etiamspectaltter
1709 2095 1943 2134 condemnatur,
1973 2088 2045 2136 quoss

1156 2145 1239 2174 niam
1260 2140 1461 2184 depositionem
1473 2144 1524 2176 vel
1546 2143 1711 2178 anathema
1717 2143 1906 2188 praesumpfit
1929 2148 1961 2176 in
1970 2142 2045 2186 san-

1154 2189 1211 2225 8ae
1221 2198 1369 2226 memortae
1382 2192 1552 2235 Pontificem
1563 2195 1724 2228 Nicolaum
1736 2202 1892 2230 nominare
1902 2221 1911 2228 .

1206 2241 1283 2284 Ejus
1308 2243 1411 2286 prima
1431 2241 1597 2277 decretalis
1622 2245 1768 2288 Epistola
1795 2246 1858 2279 fuit
1885 2245 2044 2289 inscripta:

1155 2289 1273 2327 Basilio
1298 2292 1475 2337 Augusto,
1502 2291 1681 2338 habuitque
1706 2295 1793 2328 varia
1820 2296 1943 2339 capita.
1972 2295 2039 2330 Pri-

1158 2342 1250 2375 mum
1275 2340 1405 2376 laudato
1417 2341 1584 2387 Principi,
1611 2354 1779 2388 tamquam
1790 2345 1877 2391 Regi
1899 2345 2040 2389 pacifico

1153 2391 1187 2425 &
1201 2403 1290 2427 novo
1303 2392 1454 2426 Ecclesiae
1464 2393 1636 2428 Salomoni
1651 2418 1663 2435 ,
1688 2393 1728 2429 de
1739 2395 1927 2430 executioni
1947 2407 2039 2430 man-

1152 2442 1236 2475 datis
1247 2442 1340 2486 Papae
1360 2442 1493 2477 Nicolai
1508 2444 1656 2478 Decretis
1668 2445 1735 2489 egit
1747 2446 1866 2490 gratias
1881 2469 1893 2486 ,
1917 2447 2040 2490 agique

1151 2490 1237 2526 dixit
1257 2491 1277 2526 a
1296 2502 1367 2528 tota
1386 2492 1596 2528 occidentali
1620 2493 1762 2529 Ecclesia
1784 2519 1795 2535 ‚
1823 2496 1994 2539 praesertim
2016 2495 2037 2529 ὲ

1149 2540 1216 2583 jam
1229 2542 1373 2587 exposita
1397 2543 1535 2586 Synodo
1549 2543 1718 2579 Romana.
1745 2543 1896 2580 Secundo
1909 2570 1920 2586 ‚
1947 2542 2037 2579 Phoa

1150 2592 1316 2627 tianorum
1330 2593 1567 2637 Episcoporum
1578 2593 1680 2637 lapsus
1693 2596 1728 2629 ὅ(
1739 2596 1849 2629 causas
1863 2595 2034 2637 respondet

1148 2642 1211 2676 esse
1221 2644 1324 2677 varias
1339 2666 1349 2682 ,
1372 2641 1511 2686 ideoque
1520 2642 1700 2678 tractandas
1719 2645 1821 2678 modo
1832 2645 1922 2678 vario
1938 2668 1948 2683 ‚
1976 2655 2033 2687 per

1149 2693 1291 2737 Legatos
1303 2695 1378 2727 suos
1397 2693 1432 2727 ὅτ.
1445 2691 1667 2728 patriarcham
1682 2694 1849 2738 Ignatium
1870 2691 2033 2728 definien-

1147 2742 1191 2776 do
1202 2768 1209 2775 .
1236 2742 1377 2783 Tertio,
1404 2743 1546 2777 eundem
1562 2743 1688 2787 lapsum
1699 2744 1784 2777 dixit
1795 2743 1942 2777 damnari
1956 2755 2031 2788 gra-

1149 2791 1269 2827 viffime
1286 2794 1304 2828 a
1320 2792 1414 2828 sacris
1434 2793 1626 2828 canonibus
1637 2817 1647 2833 ,
1674 2793 1812 2836 ideoque
1830 2793 1936 2826 doluit
1951 2794 2030 2837 Epi-

1147 2843 1261 2886 scopos
1282 2843 1361 2878 istos
1384 2843 1419 2877 in
1431 2843 1565 2878 Nicolai
1589 2842 1761 2877 Pontificis
1774 2844 1914 2877 Decreta
1934 2842 2030 2878 fuifl'e

1148 2892 1280 2928 rebelles
1298 2905 1307 2925 ε
1336 2893 1471 2927 Etenim
1493 2904 1628 2928 omnem
1652 2892 1875 2927 misericordiae
1894 2893 2030 2936 januam

1149 2943 1190 2977 ita
1202 2942 1251 2977 illi
1261 2943 1320 2977 fibi
1334 2943 1571 2987 ipsisclausere.
1601 2942 1732 2988 Quarto
1746 2941 1831 2976 dixit
1853 2944 2029 2977 seseinin⁴

1147 2993 1320 3027 ferioribus
1331 2994 1470 3038 positum
1482 2993 1632 3026 Decretis
1643 2992 1712 3026 istis
1724 2992 1929 3036 substripfisse
1943 3018 1954 3034 ,
1979 2996 2027 3028 ιιι-4

1148 3054 1210 3086 que
1221 3043 1264 3078 ita
1284 3042 1325 3077 ab
1334 3054 1448 3077 eorum
1473 3045 1667 3076 executione
1679 3041 1824 3076 recedere
1845 3055 1913 3077 non
1935 3045 2023 3087 posse

1146 3092 1211 3126 sine
1233 3102 1315 3126 nota
1336 3092 1626 3135 praevaricationis.
1656 3093 1787 3139 Qinto
1798 3093 1939 3136 promisit
1951 3104 2020 3128 om-

1148 3153 1223 3176 nem
1246 3140 1464 3176 nihilominus
1484 3141 1663 3185 poffibilem
1684 3143 1845 3187 gratiam,
1871 3143 2019 3178 imitatus

1147 3193 1299 3226 Sanstum
1312 3191 1509 3226 Pontificem
1520 3191 1682 3226 Gelasium
1697 3217 1708 3233 ‚
1719 3193 1947 3228 lucrandorum
1961 3195 2022 3227 fra-

1148 3253 1232 3276 trum
1246 3252 1356 3276 amore
1373 3245 1524 3285 paternos
1535 3243 1692 3276 Canones
1715 3244 1750 3277 in
1762 3242 1873 3278 multis
1893 3243 2020 3286 dispen-

1147 3292 1262 3326 satorie
1283 3291 1487 3326 moderatum
1500 3317 1507 3323 .
1533 3291 1634 3326 Sexto
1654 3291 1696 3326 ab
1716 3292 1812 3336 hujus
1833 3293 1941 3338 gratiae
1963 3292 2018 3333 spe

1149 3342 1274 3384 penitus
1287 3341 1419 3376 exclusit
1445 3340 1625 3383 Photium,
1651 3341 1742 3385 cujus
1764 3343 1896 3377 intrusio
1918 3350 2017 3383 atque

1146 3391 1321 3426 Ordinatio
1341 3392 1378 3430 sit
1389 3392 1532 3426 Maximi
1544 3392 1664 3433 Cynici
1677 3417 1688 3433 ,
1716 3404 1768 3436 per
1779 3393 1913 3434 primam
1927 3387 2016 3421 Con-

1149 3441 1471 3489 stantinopolitanam
1481 3442 1652 3486 Synodum
1663 3441 1807 3476 damnati
1816 3464 1828 3482 ‚
1845 3436 2018 3472 intrusioni

1539 3495 1571 3525 Z
1595 3503 1614 3525 z
1662 3503 1687 3530 2
1926 3499 1967 3525 ac
