2340 3762
56 1390 199 1428 Ias-051.

55 1773 153 1804 F-888·

662 146 729 175 DE
764 145 997 177 oei-ava
1031 132 1285 177 SYNono
1311 126 1655 177 GENERALI.

240 231 327 254 omne
344 219 423 261 quod
443 220 488 251 ad
494 218 612 251 laudem
619 215 789 261 serentffimi
803 218 889 258 nostri
900 217 1033 262 Caesaris
1046 219 1119 250 San·

243 270 377 309 Bsffimus
398 272 540 302 Dominus
559 270 708 303 Adrianus
722 267 887 310 Pontifex,
914 268 1032 313 Arsenio
1043 272 1120 310 Epi-

235 317 322 362 scopo
342 324 530 358 imminente,
558 319 708 359 adJecerat
726 340 737 356 ‚
761 317 918 361 resecatum
940 324 1114 353 inveniunt-

242 370 436 411 ,Quapropter
457 368 620 411 Epistolam
629 370 715 401 sedis
727 368 890 410 Apostolicae
905 368 1112 410 fraudulenter

240 417 381 461 corrosam
388 417 514 461 summis
529 418 703 452 clamoribus
716 429 895 461 conquerunt
906 443 916 459 ,
935 419 1074 461 fatentes
1083 418 1116 462 ft

240 469 319 503 nullo
341 470 425 501 modo
433 467 618 511 sinodalibus
630 467 1013 511 Afflonibiisfitbscripturos
1029 495 1040 510 ,
1066 468 1123 509 nist

240 525 332 552 totius
345 517 487 561 Epistola:
498 523 655 563 integritas
669 519 759 563 gestis
774 517 917 562 ¹(inodicis
920 521 1098 563 jungeretur
1110 545 1117 552 .

241 574 304 603 1-10c
313 570 396 602 modo
402 570 545 601 Romanis
556 570 739 602 certantibus
751 593 761 609 ‚
787 572 902 602 Graeris
914 573 985 604 vero
1000 582 1056 603 non
1069 570 1120 612 esse

240 622 273 649 in
294 619 402 658 synodo
421 619 458 652 de
477 620 564 653 laude
585 624 796 661 Imperatoris,
818 617 877 662 sed
902 621 939 653 de
954 618 1044 663 solius
1062 623 1119 653 Dei

239 669 434 700 tradandum
456 667 578 712 altisone
600 668 860 713 respondentibus,
887 681 1045 712 nomenque
1066 676 1119 703 im-

235 719 351 759 periale
361 718 451 758 nostro
464 718 579 763 Caesari
594 721 718 761 penitus
741 720 947 756 invidentibus
959 744 970 760 ,
995 721 1118 757 tandem

239 769 285 799 ad
298 767 349 801 hoc
358 767 449 812 usque
464 778 642 811 perventum
654 770 693 810 est
702 792 713 808 ‚
738 779 772 803 ut
782 770 950 812 interpofita
958 772 1119 803 conditione

238 818 404 852 voluntatis
417 819 580 860 Apostolicae
591 819 721 861 definitis
744 818 903 862 sententiis
926 822 1024 853 minus
1031 820 1119 861 finite

235 866 451 911 subscriberent
461 894 472 909 ‚
497 870 542 901 ita
552 871 679 912 legentes
692 882 703 902 .-
730 873 795 911 Ego
812 871 859 901 ille
866 875 946 901 vices
958 879 1047 911 agens
1063 871 1120 900 Do-

237 923 315 949 mini
334 923 392 950 mei
408 917 580 960 sandiffimi
602 917 829 963 &universalis
850 920 946 958 Papae
968 918 1119 957 Adriani,

238 969 270 997 in
290 962 460 1007 bacsanc‘la
470 967 579 1003 synodo
602 965 789 1008 Praesiaens,
818 965 907 1009 usque
929 969 973 1000 ad
985 968 1120 1000 volunta-

238 1023 300 1048 tem
310 1012 442 1057 ejusdem
454 1017 484 1047 E
486 1021 573 1052 ximii
586 1014 726 1058 Praesulis
738 1016 782 1047 ad
793 1022 894 1053 omma
904 1041 914 1057 ,
941 1027 974 1050 ut
980 1015 1118 1060 superius

237 1065 346 1108 legitur
359 1088 370 1104 ,
394 1063 524 1108 consenfi
539 1067 673 1099 &manu
685 1072 809 1108 propria
826 1065 997 1110 subfiripfi.
1026 1068 1121 1101 Arse.-

238 1115 313 1147 nius
327 1114 382 1148 ille
392 1125 460 1148 erat
472 1115 642 1150 Hortensis
662 1117 803 1151 initalia
816 1115 995 1161 Episcopus
1004 1142 1015 1157 ,
1042 1119 1119 1152 San-

239 1163 470 1199 stiPontificis
482 1165 617 1203 Nicolai
642 1168 792 1211 frequens
813 1165 847 1200 in
860 1167 997 1205 Francia
1017 1167 1119 1212 Lega-

241 1222 297 1247 tus
318 1237 330 1254 ‚
357 1213 557 1251 Francorum
582 1215 731 1261 Regibus
757 1228 795 1251 ac
819 1216 987 1262 Episcopis
1006 1218 1120 1252 cariffi-

240 1274 334 1305 mus,
361 1263 402 1298 de
414 1276 480 1308 quo
498 1265 534 1299 in
548 1266 657 1300 Sansti
670 1266 824 1312 Gregorii
839 1268 960 1312 Magni
984 1268 1120 1303 Pontifi-

240 1312 288 1347 cis
307 1314 374 1349 vita
385 1313 485 1349 habet
509 1315 651 1358 Joannes
678 1318 790 1351 sanctae
801 1317 962 1355 Romana:
974 1318 1120 1353 Ecclesiae

240 1363 438 1403 Diaconus‚·
465 1369 652 1403 Reverendae
661 1372 809 1401 memoriae
820 1369 963 1401 Nicotaus
977 1368 1119 1410 Pontifex

239 1412 396 1457 ,arsenium
419 1417 571 1458 quendam
593 1420 737 1453 Hortanae
755 1423 892 1456 civitatis
918 1417 1120 1461 Episcopum,

233 1467 268 1511 J
270 1465 394 1498 udaicas
421 1474 490 1498 tunc
505 1467 640 1506 primum
654 1469 795 1508 pelliceas
807 1469 992 1500 introducere
1004 1469 1120 1501 molien-

240 1523 321 1554 tem,
342 1516 416 1547 adeo
433 1512 594 1555 aversatus
617 1515 675 1555 est,
703 1523 736 1548 ut
748 1520 775 1549 ei
789 1517 964 1551 Palatinam
978 1518 1121 1558 procefflo-

239 1573 308 1596 nem
328 1564 420 1598 vellet
441 1565 594 1604 adimere,
623 1563 886 1607 mfsisperstltiosae
905 1573 1005 1608 gentis
1029 1565 1120 1605 vestes

240 1612 411 1653 abjici-ando
423 1635 434 1651 ‚
460 1623 525 1645 cum
535 1614 770 1647 sacerdotalibus
783 1614 889 1654 infulis
900 1613 1120 1657 consuetudina-

239 1662 310 1696 liter
323 1664 414 1695 vellet
424 1664 578 1702 procedere
588 1688 597 1696 .
624 1663 709 1697 Eum
721 1688 732 1704 ,
756 1663 846 1707 quod
859 1663 1031 1698 Ludovico
1043 1666 1121 1700 Ger-

238 1711 359 1745 maniae
381 1712 468 1756 Regi
491 1713 601 1755 potius
624 1712 721 1758 quam
743 1713 866 1748 Carolo
887 1713 993 1749 Calvo
1004 1716 1121 1749 Galliae

239 1759 330 1806 Regi
352 1762 493 1803 faveret,
519 1763 672 1797 aterrime
694 1772 813 1798 notant
839 1764 1039 1799 Francorum
1052 1764 1121 1799 An-

238 1810 332 1845 nales
344 1812 544 1847 Bertiniani.
569 1812 848 1851 PerLudovicum
873 1814 1060 1858 Augustum
1084 1815 1118 1848 in

238 1858 382 1895 Adriani
405 1861 578 1899 Pontificis
599 1864 736 1907 gratiam
762 1863 880 1903 rediit,
904 1873 1001 1905 atque
1021 1864 1065 1897 ita
1077 1863 1117 1897 ad

234 1907 378 1951 ejusdem
400 1911 543 1957 Augusti
562 1913 673 1947 laudes
695 1912 896 1960 Apostolicis
917 1912 1119 1947 litterisinse·

233 1957 352 1993 tendas
363 1958 560 1994 Pontificem
570 1960 703 1996 induxit
713 1986 722 1995 .

263 2036 265 2038 ,
285 2007 435 2042 Palmare
453 2009 705 2045 fundamentum
720 2035 730 2050 ,
756 2022 797 2045 ex
811 2024 878 2054 quo
894 2012 996 2047 Graeci
1018 2013 1116 2046 Fran-

235 2067 292 2091 cos
320 2055 370 2090 uti
391 2055 558 2101 legitimos
569 2059 794 2093 Occidentalis
805 2059 938 2103 Imperii
951 2062 1118 2106 Augustos

235 2106 414 2142 noluerunt
434 2107 608 2143 adnoscere
627 2133 637 2149 ,
665 2108 766 2143 edicit
788 2110 822 2143 in
846 2120 941 2153 opere
963 2111 1003 2145 de
1024 2112 1117 2147 rebus

239 2156 371 2190 Geticis
398 2157 579 2201 Jornandes
605 2157 772 2195 Ravennae
799 2158 1117 2204 Archi-Episcopus.-

231 2207 327 2252 Jquu
355 2209 503 2240 Marciani
530 2213 722 2253 Imperatoris
755 2212 914 2244 Orientali:
941 2213 1116 2251 Majoranus

234 2257 421 2290 occidentale
439 2256 568 2301 suscepit
592 2263 750 2301 Imperium
770 2260 1000 2304 gubernandum
1024 2286 1032 2296 .
1073 2266 1117 2295 Et

234 2309 295 2339 Leo
306 2311 472 2349 Imperator
485 2332 495 2348 ,
521 2313 574 2351 qui
584 2313 616 2342 in
630 2311 775 2344 Orientali
796 2321 883 2353 regno
894 2314 1046 2344 Marciano
1052 2310 1116 2355 suc-

233 2355 365 2400 cefferat,
388 2357 578 2391 Anthemium
591 2363 756 2395 Patricium
763 2357 850 2402 suum
859 2361 1001 2394 ordinans
1013 2365 1115 2395 Romae

235 2408 405 2448 Principem
415 2407 594 2450 destinavit.
625 2409 778 2444 Etinfra:
806 2412 949 2449 Glycerius
960 2413 1046 2453 apud
1056 2416 1115 2444 Ra-

234 2467 368 2489 vennam
380 2458 453 2498 plus
464 2457 715 2502 presumptione,
742 2471 833 2502 quam
852 2460 986 2494 elec‘lione
1010 2460 1114 2504 Caesar

235 2504 356 2546 effet‘lus
370 2505 430 2546 cll.
458 2507 559 2553 Qod
582 2520 700 2553 nempe
726 2509 919 2545 Occidentis
940 2511 1112 2555 imperium

233 2555 277 2588 de
302 2556 481 2591 Orientalis
501 2557 644 2603 Augusti
669 2570 769 2593 manu
805 2571 874 2594 non
911 2561 1109 2604 suscepisset.

233 2603 328 2638 Hinc
349 2606 447 2640 etiam
470 2606 513 2641 de
537 2608 653 2643 Severo
672 2608 865 2645 Occidentis
882 2609 1036 2655 Augusto
1058 2622 1114 2654 per

232 2655 438 2690 Orientalem
452 2669 520 2690 non
534 2668 686 2701 promoto
699 2659 828 2694 scribit:
856 2663 1010 2702 MaJorani
1021 2662 1112 2695 lotum

232 2706 361 2738 Severus
384 2705 504 2747 invasit.
538 2707 711 2744 Existimat
734 2710 913 2753 Jornandes
935 2711 1111 2754 Imperium

232 2754 450 2789 Occidentale
463 2756 554 2791 fuisse
573 2758 751 2793 Orientalis
777 2760 862 2803 quasi
893 2760 1087 2795 beneficium
1101 2775 1112 2795 .-

232 2802 329 2837 Hinc
343 2805 485 2839 Francos
497 2807 620 2841 Leonis
644 2809 729 2842 tertii
743 2808 914 2844 Pontificis
927 2834 938 2851 ,
966 2822 1033 2844 non
1058 2812 1111 2844 sua

232 2849 385 2896 Augusta
395 2866 495 2890 manu
509 2866 634 2891 creatos
655 2859 824 2903 Augustos
845 2870 1010 2904 tamquam
1033 2861 1112 2905 legi·

230 2902 333 2936 timos
343 2905 516 2947 agnoscere
528 2906 630 2940 Graeci
643 2906 768 2943 dudum
785 2908 961 2944 noluerunt
973 2935 980 2942 .
1007 2911 1107 2958 Qod

230 2951 486 2987 fundamentum
512 2968 579 2990 non
609 2957 706 2992 latuit
742 2957 898 2992 Carolum
925 2960 1109 3004 Magnum.

231 2999 325 3035 Hinc
346 3003 437 3036 enim
450 3003 491 3037 de
501 3005 560 3038 illo
574 3006 684 3042 scribit
705 3007 904 3042 Guilielmus
916 3008 1107 3043 Malmesbe-

229 3052 344 3085 rienfis
355 3065 367 3085 .-
392 3054 518 3087 Carolus
528 3055 567 3087 ab
577 3062 769 3098 imperatoria
779 3059 976 3100 appellatione
985 3084 995 3100 ,
1008 3070 1108 3102 quam-

229 3107 281 3134 vis
287 3099 368 3144 saepe
380 3103 418 3135 ab
432 3104 565 3137 Adriano
578 3108 665 3148 Papa
679 3109 785 3150 primo
807 3114 988 3142 invitaretur
998 3133 1009 3149 ,
1035 3119 1112 3143 :em-

225 3158 374 3192 peravit‚
399 3152 434 3185 ἀ
461 3154 479 3186 ὲ
505 3154 620 3189 Leone
638 3157 734 3192 tertio
759 3169 797 3191 ac
810 3159 965 3193 Romano
985 3160 1107 3202 populo

230 3201 431 3235 adclamatum
448 3204 566 3247 Augusti
581 3216 684 3239 nomen
708 3212 827 3241 invitus
846 3215 977 3250 accepit:
1005 3209 1106 3255 Qod

228 3251 335 3284 nosset
360 3251 442 3286 illud
462 3253 504 3287 ab
531 3253 691 3299 Augustis
726 3257 1106 3300 Constantinopolitanis

230 3300 325 3333 nullo
338 3303 429 3344 pasto
442 3302 646 3346 probandum
659 3330 670 3346 ‚
695 3306 728 3340 δε
745 3307 841 3340 armis
851 3306 1001 3340 adversus
1023 3308 1108 3351 ipsos

228 3347 471 3386 defendendum
493 3379 501 3386 .
537 3353 630 3388 Hinc
665 3356 770 3400 pergit
798 3355 1106 3391 Malmesberienfis:

229 3397 334 3440 Pfflesi
345 3410 447 3438 tamen
457 3403 659 3447 animofitate,
684 3417 746 3450 qua
766 3405 914 3448 debebat,
938 3416 1040 3442 contra
1050 3412 1106 3441 Im·

1898 150 1995 193 399

1180 222 1335 258 peratores
1344 213 1677 257 constantinopolitanos
1691 217 1784 261 ipsum
1793 219 1936 261 defendit.
1954 219 2060 270 Qiod.

1184 262 1290 308 ipsum
1300 262 1551 299 fundamentum
1562 263 1598 300 in
1612 265 1726 302 litteris
1736 269 1775 302 ad
1784 269 1850 311 jam
1861 269 1984 304 dictum
1997 273 2059 306 Lu.

1182 314 1339 350 dovicum
1352 313 1539 358 Augustum
1552 315 1625 349 ursit
1636 313 1700 355 jam
1710 315 1812 352 ,dicius
1823 320 1990 364 Augustus
2003 321 2062 354 Ba-

1184 365 1294 405 filius,
1319 364 1369 400 >uti
1391 363 1495 408 liquet
1514 363 1659 398 existius
1682 376 1735 407 pei·
1746 365 1952 404 cardinalem
1962 370 2061 404 Baro-

1183 415 1276 448 nium
1290 414 1430 451 adducre
1441 415 1483 450 ad
1495 413 1582 449 hunc
1595 414 1765 458 Responso
1776 439 1788 455 ,
1813 425 1880 458 quo
1890 419 2012 453 &illud
2024 421 2060 455 δε

1181 465 1245 501 alia
1265 465 1451 503 Graecorum
1471 464 1686 502 fundamenta
1710 465 1826 499 evertit
1852 489 1859 497 .
1887 466 1996 501 Etiam
2017 469 2059 504 ad

1181 513 1390 549 Fredericum
1412 514 1554 559 primum
1581 515 1814 558 Imperatorem
1835 540 1846 557 ‚
1871 527 2060 552 moventem

1182 577 1256 599 curn
1271 566 1368 608 pleno
1390 565 1534 601 exercitu
1562 566 1595 597 in
1620 563 1739 599 bellum
1751 567 1912 606 sanetum,
1940 567 2061 612 scripsit

1182 615 1266 659 apud
1278 625 1435 660 magnum
1459 615 1567 659 Belgii
1579 613 1761 653 chronicon
1784 616 1974 650 Graecorum
1996 617 2061 651 lm-

1182 674 1307 708 perator
1320 664 1515 702 Emmanuel
1535 666 1747 701 Comnenus:
1773 668 1981 707 sacratiffimus
2002 671 2060 703 ,Im-
2075 667 2101 696 F·
2114 669 2176 696 181.

1177 722 1294 756 perator
1315 715 1657 757 constantinopolitanus
1689 718 1817 748 mandat
1835 716 1889 749 tibi
1911 719 2061 751 Advocato

1180 768 1323 798 Romana·
1343 765 1426 798 urbis
1431 772 1565 808 gratiam
1581 764 1669 808 suam
1682 789 1692 804 ,
1712 764 1742 806 fi
1762 767 1910 810 digneris.
1937 770 2019 801 Eam
2034 767 2066 810 st

1178 815 1347 858 dedigneris
1372 839 1382 855 ,
1403 813 1479 860 ftire
1494 823 1597 850 ,tamen
1623 825 1652 849 te
1676 823 1789 856 ,oportet
1819 840 1829 855 ,
1861 817 2061 851 monarchiam

1180 866 1323 897 Romanae
1344 864 1425 897 urbis
1444 873 1538 907 penes
1560 877 1624 899 eum
1637 865 1707 908 effe,
1730 877 1798 902 eum
1806 864 1983 908 superiorem
2005 868 2061 901 tibi

1178 917 1327 954 imperare
1338 914 1458 948 debere.
1486 916 1623 954 Secutus
1634 911 1678 949 est
1695 917 1838 964 regulam
1858 917 1902 952 ab
1916 916 2062 950 Ammia-
2079 935 2236 970 [nme-36,

1183 973 1227 996 no
1248 963 1447 1000 Marcellino
1470 965 1642 1000 addustam
1661 989 1673 1010 ‚
1694 978 1737 1003 ,ex
1755 978 1820 1010 qua
1843 966 2062 1004 Constantius

1182 1011 1351 1058 Augustus
1375 1013 1478 1047 Gallo
1492 1014 1608 1051 ,Caesari
1629 1017 1769 1060 scripsit,
1798 1018 1833 1053 ,ἀ
1854 1017 2061 1054 Diocletiani

1181 1062 1334 1106 exemplo
1356 1064 1564 1100 confirmavit
1586 1065 1779 1098 Romanum
1794 1067 1968 1108 Imperium
1992 1078 2062 1100 non

1183 1113 1269 1156 posse
1281 1112 1411 1153 dividi,
1438 1111 1576 1157 ideoque
1587 1113 1726 1151 Caesares
1741 1113 1893 1158 Augusto
1915 1127 1982 1148 non
2001 1117 2064 1150 effe

1182 1163 1241 1196 nifi
1266 1158 1477 1206 Apparit'ores
1500 1187 1508 1198 ,.
1545 1163 1731 1206 Respondit
1767 1164 1843 1197 vero
1876 1176 2064 1199 commotus

1182 1212 1371 1247 Fredericus
1393 1225 1400 1245 :
1440 1216 1518 1246 5c1at
1538 1213 1587 1247 ille
1612 1223 1682 1250 tuus
1706 1238 1716 1254 ,
1739 1224 1827 1255 quem
1841 1211 2064 1256 fixerattffimum

1182 1266 1393 1304 Imperatorem
1406 1274 1495 1297 vocas
1507 1287 1519 1303 ,
1544 1275 1591 1297 me
1603 1264 1738 1300 elec‘lione
1750 1266 1922 1305 Principum
1947 1265 1981 1298 ἐν
1999 1275 2065 1298 con-

1176 1311 1338 1355 secratione
1357 1312 1538 1357 universalis
1563 1316 1658 1355 Papae
1665 1314 1748 1351 urbis
1771 1318 1872 1349 Romae
1888 1325 1990 1348 nomen
2006 1319 2066 1348 Im·

1178 1370 1324 1404 peratoris
1348 1365 1382 1397 Θ·
1403 1367 1672 1405 Romani·1mperii
1695 1367 1874 1408 dignitatem
1894 1363 2061 1408 suscepiffe.

1184 1413 1242 1446 Lis
1251 1414 1330 1447 dura
1355 1413 1389 1447 δε
1402 1414 1526 1458 longa,
1552 1415 1707 1456 descripta
1724 1413 2064 1457 largiusaGodefrido
2083 1426 2214 1462 A‚1189.

1184 1460 1351 1496 monacho
1364 1463 1517 1496 Coloniae
1530 1462 1720 1506 Agrippinae
1730 1464 1770 1497 ad
1785 1463 1937 1496 Sanctum
1952 1464 2066 1497 Panta-

1182 1510 1336 1552 leonem,
1362 1512 1396 1545 &
1417 1511 1604 1556 Tagenone
1628 1514 1764 1547 Decano
1790 1511 1938 1547 Ecclefiae
1959 1512 2066 1548 Passa·

1183 1562 1317 1594 vienfis.
1343 1559 1498 1596 Tandem
1521 1560 1613 1594 finire
1634 1563 1867 1604 compositam,
1894 1563 2067 1598 inflexum-

1182 1621 1244 1653 que
1257 1609 1503 1644 Emmanuelem
1517 1635 1527 1651 ,
1555 1621 1591 1644 ut
1617 1612 1648 1644 se
1670 1622 1756 1645 novae
1768 1610 1938 1646 dumtaxat
1960 1616 2064 1649 Romae
2083 1619 2219 1653 [υκαι.

1181 1664 1389 1703 Imperatorem
1410 1660 1582 1701 scriberet,
1607 1660 1755 1696 adfirmat
1779 1662 1812 1695 in
1836 1663 1972 1696 ottonis
1995 1664 2064 1697 Fri·

1181 1711 1330 1756 singenfis
1353 1712 1577 1755 supplemento
1591 1710 1776 1749 Radevicus
1802 1711 1974 1759 Presbyter
1996 1713 2064 1750 Fri-

1182 1761 1338 1805 fing'enfis
1353 1787 1360 1794 .

1232 1812 1308 1852 Jure
1331 1812 1449 1843 merito
1461 1810 1600 1852 permisit
1623 1811 1787 1847 seinflesti
1801 1837 1808 1844 .
1838 1812 1940 1860 Qod
1965 1811 2064 1848 addu-

1181 1859 1269 1891 ‹stum
1289 1858 1307 1891 a
1331 1860 1494 1902 Jornande
1519 1859 1771 1896 fundamentum
1795 1874 1862 1897 non
1899 1863 2062 1897 subsistat.

1183 1907 1317 1940 Etenim
1338 1909 1530 1942 Romanum
1557 1909 1732 1952 Imperium
1753 1912 1847 1946 fuisse
1871 1913 2010 1955 primum
2045 1913 2063 1947 ὲ

1181 1955 1311 1991 duobus
1324 1956 1531 1997 Antoninis,
1558 1958 1674 1992 Marco
1701 1961 1735 1994 ὃς
1756 1961 1869 2000 Vero,
1894 1962 2006 1997 socero
2029 1965 2063 1998 &

1179 2017 1324 2051 genero,
1350 2006 1384 2041 in
1398 2006 1481 2040 duos
1509 2007 1591 2050 paris
1603 2009 1770 2050 potestatis
1790 2010 1957 2055 Augustos
1982 2013 2064 2047 divi-

1181 2058 1252 2090 sum
1265 2057 1423 2091 testantur
1435 2058 1551 2091 Sextus
1565 2058 1671 2095 Rufus
1684 2084 1693 2102 ‚
1721 2060 1899 2104 Eutropius
1911 2086 1922 2102 ‚
1949 2062 2062 2097 AElius
2077 2082 2152 2116 pap,
2169 2083 2197 2111 8.

1181 2106 1365 2149 Spartianus
1384 2129 1395 2145 ,
1419 2107 1452 2141 ὅ(
1477 2106 1673 2143 Ammianus
1693 2109 1910 2147 Marcellinus
1934 2123 1941 2145 :
1969 2113 2061 2160 Qo-
2082 2103 2108 2150 fs.
2124 2124 2151 2149 8.
2174 2128 2238 2158 C-i·

1178 2157 1263 2191 circa
1284 2155 1373 2201 quod
1393 2157 1495 2200 ipsum
1520 2168 1586 2194 non
1613 2159 1646 2192 in
1665 2158 1748 2193 duos
1774 2160 1943 2206 Augustos
1968 2187 1979 2202 ,
2007 2163 2059 2198 sed
2078 2161 2149 2196 Cal>-
2170 2170 2216 2196 ²4·

1178 2206 1347 2241 dumtaxat
1361 2208 1395 2241 in
1412 2207 1598 2252 Augustum
1621 2209 1656 2246 ,ἀ
1668 2210 1823 2247 Caesarem
1837 2213 1873 2246 lit
1885 2211 2060 2254 divisibile,
2077 2202 2235 2236 L’²⁷'‘³'¹4'

1178 2257 1265 2301 quod
1286 2258 1362 2291 item
1376 2257 1482 2295 Caesar
1493 2257 1528 2291 fit
1543 2257 1683 2302 Augusti
1709 2262 1918 2295 solummodo
1937 2263 2062 2306 appari-

1177 2316 1230 2341 tor
1255 2307 1443 2348 &satelles,
1472 2307 1560 2341 fuere
1573 2308 1725 2353 zelotypa
1748 2312 1873 2346 somnia
1897 2311 2060 2347 Con'stan-

1176 2357 1213 2391 tii
1239 2381 1249 2396 ,
1275 2356 1443 2392 adversum
1469 2357 1595 2401 imperii
1620 2360 1791 2395 corrivales
1814 2361 1914 2405 longe
1927 2362 2060 2406 suspica-

1175 2407 1310 2441 cissimi.
1338 2407 1459 2441 Fateor
1482 2417 1591 2443 tamen
1614 2408 1787 2454 Collegam
1814 2424 1882 2446 non
1906 2413 1923 2445 a
1938 2413 2058 2448 Senatu

1175 2467 1230 2490 aut
1252 2458 1395 2491 exercitu
1419 2481 1430 2497 ‚
1456 2457 1508 2491 sed
1531 2457 1550 2492 ὲ
1576 2459 1646 2493 solo
1671 2462 1787 2495 seniori
1814 2463 1868 2498 seu
1888 2463 2058 2505 principali

1175 2506 1328 2551 Augusto
1350 2509 1473 2551 semper
1496 2508 1590 2544 fuisse
1608 2509 1742 2545 electum
1758 2535 1765 2542 .
1791 2511 1927 2547 Etenim
1950 2512 2060 2546 Colle-

1173 2567 1250 2600 gam
1272 2556 1443 2593 obtrudere
1458 2557 1581 2594 volenti
1604 2562 1762 2596 exercitui
1788 2560 1951 2604 respondit
1971 2563 2058 2605 apud.

1173 2604 1424 2641 Theodoretum
1440 2631 1450 2646 ‚
1478 2607 1648 2642 Hermiam
1661 2610 1907 2652 Zozomenum‚
1927 2611 1961 2644 &
1977 2612 2057 2647 Am·
2076 2618 2150 2652 L.4.c
2165 2627 2191 2654 5.

1173 2656 1319 2690 mianum
1342 2656 1572 2693 Marcellinum
1598 2658 1851 2694 Valentinianus
1863 2661 2054 2704 Augustus.-
2074 2659 2191 2708 βψς-Φ

1172 2708 1221 2739 Me
1241 2707 1287 2739 ad
1304 2708 1510 2748 imperandum
1523 2708 1669 2752 deligere,
1695 2712 1711 2742 ὸ
1736 2710 1842 2742 milites
1860 2735 1870 2751 ‚
1892 2719 1984 2752 penes
1998 2723 2053 2745 vos
2072 2715 2102 2765 ὲ·
2117 2702 2161 2729 ²⁶·
2173 2707 2228 2733 ‘³¹5'

1171 2764 1256 2796 erat,
1277 2754 1334 2799 sed
1353 2758 1416 2790 cum
1422 2760 1495 2801 jam
1519 2759 1637 2794 ἄνούκ]
1660 2759 1782 2792 delec‘lus
1795 2758 1848 2799 sim
1861 2783 1872 2799 ,
1897 2759 2054 2803 consortem
2075 2747 2129 2812 ,λζ’
2143 2748 2227 2775 9’Ῑο’

1172 2810 1315 2848 imperii,
1339 2818 1427 2849 quem
1452 2806 1606 2849 postularis
1624 2832 1634 2848 ,
1660 2816 1758 2842 nonin
1769 2809 1865 2849 vestra
1877 2834 1888 2851 ‚
1909 2810 1969 2853 sed
1987 2823 2054 2845 mea

1166 2855 1258 2897 solius
1267 2856 1409 2899 potestate
1421 2859 1545 2901 deligere
1549 2856 1635 2897 ficum
1650 2858 1688 2899 est
1701 2882 1708 2891 .
1737 2858 1861 2895 Verum
1882 2860 1970 2907 quod
1989 2862 2053 2896 Oc-

1171 2906 1312 2940 cidentis
1333 2908 1509 2951 Imperium
1525 2909 1644 2950 semper
1665 2908 1761 2947 fuerit
1788 2910 1969 2944 Orientalis
1982 2910 2051 2946 Au-

1172 2955 1256 2999 gusti
1268 2956 1394 2990 donum
1422 2969 1459 2991 ac
1472 2957 1665 2992 beneficium
1679 2983 1689 2998 ‚
1716 2960 1759 2992 est
1774 2960 1903 3005 penitus
1913 2961 2027 2995 falsum
2040 2986 2048 2994 .

1173 3005 1304 3040 Etenim
1316 3005 1370 3041 hic
1383 3007 1448 3050 ipse
1462 3006 1715 3043 Valentinianus
1729 3009 1784 3045 fibi
1810 3010 2027 3045 Occidentem
2038 3035 2050 3052 ,

1171 3056 1258 3089 fratri
1284 3055 1415 3090 Valenti
1435 3081 1447 3096 ‚
1474 3055 1560 3100 prius
1584 3055 1754 3093 dumtaxat
1780 3059 1896 3093 Caesari
1917 3071 2049 3100 creato,

1171 3104 1331 3148 adscripsit
1351 3106 1523 3149 imperium
1547 3107 1693 3142 Orientis
1714 3134 1721 3142 .
1759 3109 1838 3152 Ejus
1860 3111 1938 3145 item
1961 3111 2049 3144 filius

1171 3154 1366 3195 Gratianus,
1394 3155 1492 3189 solius
1504 3156 1698 3192 Occidentis
1722 3157 1911 3203 Augustus,
1935 3161 2048 3194 defun-

1169 3205 1209 3238 sti
1245 3205 1348 3247 patrui
1371 3203 1525 3240 Valentis
1562 3207 1731 3241 Orientale
1754 3208 1924 3254 imperium
1957 3208 2046 3243 dedit

1170 3252 1362 3288 Theodosio
1386 3255 1518 3300 Magno
1539 3279 1547 3288 .
1584 3255 1726 3300 Idipsum
1751 3259 1884 3293 Licinio
1914 3258 2045 3292 Sororio

1168 3303 1258 3337 dedit
1269 3304 1507 3339 Constantinus
1518 3306 1677 3350 Magnus.
1703 3309 1846 3356 Qoties
1857 3309 1961 3351 plures
1975 3307 2046 3339 Cae-

1171 3354 1250 3387 sares
1267 3353 1316 3387 vel
1328 3355 1427 3387 etiam
1441 3354 1609 3399 Augustos
1621 3355 1735 3391 habuit
1756 3359 1924 3400 imperium
1936 3379 1946 3394 ²
1973 3365 2045 3388 2ῐὲ-

1168 3413 1201 3438 te
1232 3403 1340 3439 senior
1352 3404 1415 3439 fuit
1437 3406 1559 3449 semper
1581 3405 1742 3452 dignitate
1752 3406 1860 3450 potior
1875 3428 1886 3445 ,
1910 3405 1994 3485 &lead
2007 3404 2046 3438 il-

1938 3463 1995 3487 um
