2340 3762
31 906 97 943 24·
111 915 189 945 αις.

636 140 705 169 De
741 133 973 171 ocrAv'A
1003 124 1248 169 Smenos
1282 121 1623 172 Gemma.

222 212 330 255 ipsum
341 207 512 253 Epistola,
538 207 682 243 dolentis
705 210 737 243 se
754 210 821 253 ejus
844 209 928 243 sanis
949 207 1093 242 consiliis

221 270 291 294 non
302 259 504 302 acquievisse,
518 259 733 304 sperantisque
744 270 879 294 omnem
890 259 1092 302 acquiescen-

219 308 256 343 di
275 309 477 343 occasionem
502 320 571 343 non
592 310 755 344 evanui-sie
775 336 782 342 .
811 308 980 342 Grandem
1006 307 1092 342 inter

218 358 304 402 ipsos
315 357 470 393 fiduciam
482 359 627 402 Epistola
638 358 837 394 demonstra-t
849 378 856 391 ε
883 357 994 403 Qate
1004 358 1093 392 vide·-

218 416 271 441 ωι-
291 406 477 443 Anastasius
498 407 641 450 photio,
667 410 708 444 ad
726 409 953 453 poenitentiam
976 409 1009 442 ὃ(
1024 408 1090 442 sub-

217 457 403 492 miffionem
414 458 579 497 hortatus,
606 458 845 500 &hominem,
869 458 960 502 quod
981 459 1090 493 sancti

216 505 368 542 Tharasii
392 507 588 543 Patriarchae
610 521 650 544 ex
661 511 756 545 fratre
767 520 867 553 nepos
877 509 975 549 esset,
999 508 1092 542 mise-⁷

216 566 327 597 ratus,
350 560 562 602 recuperandi
584 570 638 603 per
659 570 839 595 maternam
863 560 1020 593 Romanae
1033 559 1091 592 Ec-

215 607 315 641 cleliae
338 608 494 651 pietatem
519 610 730 654 Episcopatus
741 611 828 654 spem
838 609 971 649 feciffe,
996 606 1090 642 aded-

215 666 279 699 que
301 657 336 690 &
347 657 417 700 post
429 659 535 693 Sancti
547 660 668 704 Ignatii
683 671 825 695 mortem
845 658 989 693 omnino
1000 655 1091 692 exhi-

213 703 318 740 buiffe
337 709 484 743 officium
508 709 717 744 mediatoris.-
747 709 822 752 Ejus
847 710 939 743 suasu
961 709 1090 742 videtur

210 753 355 798 Joannes
370 760 501 793 oc‘tavus
513 759 671 794 Pontifex
684 757 842 794 Photium
854 757 1089 793 patriarchatui

209 804 383 841 reddidisse
393 832 400 838 .
413 807 501 843 Tale
511 810 634 844 etenim
646 811 738 844 fuisse
749 809 908 843 Anastafii
918 807 1089 852 ingenium

209 852 311 889 docet
322 857 355 889 in
367 857 536 892 Remenfis
550 858 696 892 Ecclefiae
717 858 853 891 historia
865 854 1067 889 Flodoardus
1080 866 1088 886 e

207 907 392 936 Hine-marm
419 905 629 938 Remenfium
655 905 953 948 Archi-Episcopus
974 903 1088 946 scripsit

209 950 355 994 Anastafio
365 954 532 986 venerabil!
543 954 649 987 Abbati
660 979 670 994 ,
695 956 730 988 Θ
741 954 963 987 Bibliothecario
973 953 1088 996 sanc‘lae

206 1004 352 1036 Romanae
364 1002 524 1044 Ecclefiae‚
545 1010 714 1047 gratiarum
735 1004 862 1045 referens
884 1005 1011 1037 afflone-s
1029 1013 1087 1046 pro

205 1049 354 1092 beneficiis
372 1051 430 1093 fibi
439 1053 478 1085 ab
487 1064 518 1087 eo
528 1054 642 1087 collatis
653 1079 663 1095 ,
693 1056 727 1089 Θ
738 1064 772 1087 ut
780 1053 988 1098 ficggestionem
996 1053 1084 1098 suam

204 1102 330 1135 Domino
340 1104 436 1144 Papae
450 1102 600 1138 Adriano
611 1104 753 1138 secundo
764 1104 970 1147 acceptabilem
976 1104 1083 1146 factat.

205 1149 410 1185 Hincmarus
430 1152 475 1187 ob
498 1153 642 1196 peffimas
671 1155 704 1187 in
718 1154 834 1189 Sedena
858 1155 1084 1198 Apostolicam

205 1202 432 1235 contumacias
458 1202 562 1237 fuerat
587 1203 605 1236 ὲ
644 1203 790 1238 Nicolao
817 1204 980 1239 Pontifice
1005 1204 1085 1238 alter

203 1246 334 1285 Pharao
355 1251 507 1285 &novus
534 1252 712 1287 Dioscorus
738 1254 916 1298 appellatus
941 1279 952 1294 ,
980 1255 1087 1298 appel-

201 1298 332 1343 larique
357 1311 505 1344 potuerat
528 1303 687 1337 secundus
708 1302 847 1338 Photius
875 1317 882 1336 ι
911 1304 952 1338 Εἰ
975 1314 1085 1339 tamen

201 1347 394 1386 An‘astafius
421 1351 483 1385 fuit
501 1352 689 1392 familiaris,
716 1350 919 1398 reddiditque
946 1354 1083 1389 Adriani

202 1395 378 1435 Pontificis
400 1401 555 1446 gratiam.
583 1401 630 1437 At
662 1403 853 1437 infeliciter:
879 1404 1015 1437 Etenim
1036 1406 1084 1439 uti

201 1444 344 1484 Photius
357 1474 370 1492 ,
394 1450 441 1486 ita
451 1451 655 1487 Hincmarus
664 1452 784 1497 pellem
798 1463 865 1486 non
878 1456 1019 1488 mutavit
1030 1477 1038 1486 .

371 1675 413 1719 C
448 1678 492 1723 A
525 1676 560 1722 P
594 1675 639 1721 U
673 1671 714 1720 T
783 1674 907 1720 XIII.

335 1809 440 1859 'Abla
464 1810 592 1860 Photii
611 1812 693 1880 post
725 1816 755 1858 S
742 1810 937 1875 ynodum.

197 1948 291 2032 A
303 1949 423 1984 Nostra
436 1948 575 1992 Synodo
586 1947 779 1994 degradatus
791 1972 802 1988 ‚
831 1948 872 1982 ad
884 1948 985 1982 laicos
996 1946 1077 1991 abje-

203 2009 204 2012 ’
317 2001 384 2032 stus
393 2022 404 2039 ,
415 2009 452 2032 ac
465 1996 756 2032 anathematizatus
766 1996 904 2031 Photius
917 1998 1077 2033 Constan-

195 2048 414 2091 tinopolitani
436 2045 675 2081 patriarchatus
697 2045 879 2085 ambitum,
906 2045 938 2078 in
956 2047 1075 2081 Roma-

195 2108 276 2131 nam
289 2097 463 2132 Ecclesiam
485 2097 519 2130 &
532 2096 684 2130 Sanctum
695 2095 862 2140 ignatium
874 2095 949 2128 odia
963 2119 973 2135 ‚
998 2108 1073 2130 con-

1163 205 1328 251 Ephefino
1346 205 1524 242 *latrocinio
1546 221 1654 245 novus
1671 214 1871 256 Dioscorus,
1896 217 2033 261 eamqiie

1159 259 1239 291 fecit
1251 258 1285 291 in
1299 258 1440 291 Ecclesia
1451 282 1463 298 ,
1490 258 1544 292 ubi
1558 260 1592 293 ἀ
1610 260 1716 294 nostra
1728 266 1769 297 est
1784 268 1863 301 fasta
1876 290 1887 306 ‚
1913 267 2033 301 Sancta

1158 307 1287 351 Sophiae
1298 331 1308 347 ,
1333 306 1482 342 -im-itatus
1493 307 1637 343 Arianos
1649 334 1659 348 ‚
1678 312 1734 353 qui
1743 322 1800 352 -per
1810 319 1902 351 suum
1914 316 2034 350 Nicaez

1159 359 1191 390 in
1217 356 1362 391 Thracia
1389 358 1510 392 fastum
1539 360 1808 395 conventiculum
1834 366 1989 404 sperarant
2010 363 2032 398 ὲ

1159 405 1249 451 vulgi
1259 407 1414 441 memoria
1422 407 1529 444 delere
1549 409 1583 442 ὃς
1597 409 1796 447 confundere
1806 422 1957 456 magnam
1966 415 2030 457 Sy-‚

1157 458 1281 490 nodum
1296 457 1328 490 N
1335 459 1465 492 icaenarn
1479 483 1486 490 .

1205 506 1321 540 Edidit
1346 517 1409 540 tres
1420 508 1590 542 dumtaxat
1603 511 1757 545 Canones
1769 535 1780 551 ,
1806 511 1910 546 relatu
1931 512 1964 546 ὃ(
1978 523 2035 546 ex-

1156 555 1286 598 planatu
1299 557 1431 601 dignos.
1460 557 1604 593 Primum
1618 561 1780 605 integrum
1793 573 1835 596 ex
1846 560 2033 596 Theodoro

1158 606 1350 639 Baisamone
1372 607 1504 641 adducit
1525 610 1688 653 incogniti
1710 612 1794 653 apud
1818 610 2032 655 Christopho-

1134 662 1136 667 ·
1156 655 1403 703 rum-Justellum
1416 659 1568 691 Auctoris
1592 658 1720 693 libellus
1737 661 1936 702 synodicus:
1965 665 2035 694 sta·
2047 664 2195 704 Cap-'153-

1155 710 1212 737 tut‘t
1218 704 1326 749 sanda
1337 706 1370 738 ό·
1380 706 1558 750 universalis
1573 710 1699 747 synodus
1710 733 1721 748 ‚
1747 717 1780 743 ut
1782 710 1813 751 st
1817 717 1869 752 qui
1875 723 1917 745 ex
1929 714 2029 746 Italiae
2183 714 2186 719 ¹

1155 756 1274 787 clericis
1286 779 1296 795 ‚
1325 758 1375 788 vel
1384 758 1467 788 laicis
1479 781 1488 795 ‚
1516 759 1568 791 vel
1576 757 1731 801 Epist-opu
1755 765 1789 792 dn
1802 760 1865 802 Aſsa
1876 763 1928 794 vel
1934 765 2029 796 Euro-

1149 810 1195 844 pa
1206 826 1217 841 ,
1242 805 1294 838 vel
1302 805 1393 842 Lyba'a
1405 806 1561 848 versantes
1575 807 1632 850 sub
1645 812 1761 842 vinculo
1778 811 1829 842 vel
1837 810 2005 852 depofitione
2014 837 2028 853 ‚

1154 853 1205 884 vel
1228 854 1527 890 anathematizatione
1552 861 1638 899 apud
1665 857 1873 901 sam‘h'ffimum
1909 863 2027 902 Papam

1147 905 1179 946 J
1181 913 1304 935 oannem
1310 904 1437 944 fuerunt
1448 930 1458 945 ‚
1484 915 1518 938 ut
1530 913 1553 939 il
1574 918 1687 950 quoque
1694 908 1755 950 fint
1775 908 1916 952 ejusmodi
1935 915 2026 943 etiam

1153 953 1236 993 apud
1248 951 1386 987 Pbotium
1403 953 1606 995 sanblt'ffimum
1631 958 1841 992 Patriarcham
1862 959 2026 1000 Constanti-

1154 1002 1352 1043 nopolitanum
1363 1008 1396 1035 in
1408 1005 1509 1036 eadem
1527 1014 1625 1046 poenae
1635 1008 1800 1048 definitione
1813 1034 1823 1049 ‚
1849 1011 1885 1042 id
1891 1010 1931 1049 ef}
1942 1033 1952 1048 ‚
1978 1012 2026 1044 de·

1145 1051 1231 1096 pofiti
1243 1075 1254 1091 ,
1274 1053 1326 1086 vel
1344 1053 1616 1094 anathematizati,
1647 1057 1697 1087 vel
1714 1055 1855 1100 segregati
1866 1071 1880 1099 ;
1905 1060 2024 1100 &quos

1152 1101 1275 1136 photius
1294 1104 1412 1145 quidem
1428 1100 1621 1146 sanfflffimus
1645 1104 1735 1143 noster
1746 1107 1924 1138 Patriarcba
1935 1110 2025 1141 Cleri-

1148 1163 1193 1185 cos
1206 1154 1261 1186 vel
1265 1154 1352 1189 laicos
1366 1178 1377 1194 ,
1405 1155 1457 1187 vel
1465 1151 1652 1197 Episcopalis
1676 1156 1727 1186 vel
1734 1155 1926 1188 sacerdotalis
1938 1158 2026 1190 Ordi-

1149 1209 1196 1235 nis
1216 1209 1249 1237 in
1280 1215 1457 1247 quacumque
1471 1200 1836 1246 Parachiasbgregationi‚
1863 1206 1915 1238 vel
1921 1206 2027 1247 depofi-

1147 1258 1241 1294 ttoni,
1268 1255 1320 1288 vel
1328 1251 1812 1298 anathematizatamficbjmrtt,
1828 1252 2022 1296 sam‘liffimus

1148 1314 1257 1346 quoque
1280 1307 1367 1346 Papa
1376 1311 1518 1351 Joannes
1530 1330 1541 1347 ‚
1568 1310 1602 1343 (9⁸
1620 1302 1732 1349 sanc‘la
1744 1307 1938 1337 Romanorum
1963 1309 2024 1339 Ec-

1147 1353 1226 1395 clefia
1247 1353 1358 1397 eosdem
1383 1361 1416 1388 in
1445 1358 1541 1390 eodem
1557 1357 1775 1398 poenaeJ‘udiclo
1788 1353 1926 1400 kabrat:
1955 1358 2021 1388 Pri-

1148 1405 1263 1447 vilegiis
1278 1428 1288 1444 ,
1314 1416 1380 1446 quae
1392 1405 1502 1448 adsunt
1512 1405 1696 1448 sanc‘ltffimae
1714 1409 1912 1438 Romanorum
1921 1406 2022 1438 Eccle·

1140 1451 1192 1493 fiae
1198 1451 1265 1494 sedi
1285 1453 1319 1485 ⁴&
1330 1456 1395 1495 ejus
1409 1455 1538 1493 antistiti
1551 1479 1562 1495 ‚
1588 1455 1789 1497 mhitpem'tas
1799 1459 1920 1486 novatis
1933 1477 1943 1492 ‚
1970 1465 2022 1487 nec

1145 1513 1222 1534 nunc
1237 1526 1246 1542 ,
1271 1513 1320 1535 nec
1329 1507 1361 1535 in
1369 1503 1512 1544 posterum
1525 1529 1532 1536 .
1561 1504 1706 1547 Exponit
1718 1505 1853 1547 antiqua
1872 1502 1913 1537 de
1927 1501 2022 1538 Pseu-

1144 1551 1337 1594 do-Synodo
1350 1550 1462 1586 Photii
1485 1552 1690 1592 admonitio,
1717 1555 1845 1587 exstans
1866 1552 1937 1596 post
1960 1554 2021 1596 Sy-

1144 1600 1268 1634 nodum
1281 1603 1449 1634 octavam:
1478 1602 1602 1635 Photius
1621 1608 1728 1636 nititur
1740 1614 1797 1636 non
1807 1604 1890 1636 modo
1907 1611 2016 1645 parem
2041 1639 2043 1641 ,

1135 1648 1192 1690 fibi
1212 1661 1248 1682 ac
1259 1651 1393 1693 Pontifici
1414 1651 1543 1685 tribuere
1563 1651 1755 1694 potestatem,
1776 1652 1889 1697 fi’dfibi
1897 1654 2014 1695 quidem

1144 1702 1322 1734 Provincias
1348 1702 1401 1734 seu
1427 1701 1601 1736 Parochias
1621 1713 1718 1736 omnes
1742 1726 1752 1742 ‚
1779 1702 1915 1745 Pontifici
1942 1706 2014 1737 vero
2062 1713 2066 1716 '

1137 1748 1213 1791 solos
1226 1761 1264 1783 ex
1276 1753 1366 1783 Italia
1383 1753 1512 1785 Clericos
1523 1751 1659 1794 adsignat
1672 1776 1679 1783 .
1701 1753 1825 1783 Videtur
1838 1758 1927 1784 etiam
1937 1754 2018 1785 tolle-

1141 1809 1172 1829 re
1191 1800 1404 1838 appellationes
1427 1802 1471 1830 ad
1494 1800 1679 1839 apostolicam
1703 1801 1806 1833 Sedem
1820 1822 1830 1838 ‚
1855 1809 1888 1834 ut
1902 1800 2013 1844 scilicet

1141 1844 1291 1888 absolvere
1303 1857 1360 1878 non
1365 1848 1446 1888 pofflt
1457 1850 1606 1881 Romanus
1619 1848 1760 1889 Pontifex
1770 1874 1780 1890 ‚
1806 1862 1875 1892 quos
1886 1850 2011 1885 Photius

1138 1896 1360 1926 condemnarit.
1389 1897 1597 1940 Qapropter
1620 1897 1758 1932 clausula
1780 1899 1857 1940 illa,
1885 1902 2015 1935 Privile-

1133 1949 1194 1986 giis
1206 1955 1264 1976 non
1273 1948 1428 1977 innovatis
1444 1966 1455 1983 ,
1480 1945 1524 1978 est
1536 1946 1606 1978 doli
1628 1947 1741 1989 plena:
1769 1948 1928 1984 Continet
1946 1951 2015 1984 Eu·

1140 1993 1303 2027 sebianum
1318 1994 1402 2027 virus
1415 2018 1425 2033 ‚
1452 1994 1595 2029 adserens
1605 2005 1720 2031 omnes
1738 1995 1939 2033 patriarchas
1951 2001 2015 2035 else

1139 2043 1213 2086 Jure
1235 2044 1363 2077 Divino
1389 2045 1547 2087 aequales,
1574 2046 1798 2090 alterumque,
1823 2048 1921 2082 etiam
1945 2049 2012 2085 Ro.-

1139 2104 1293 2134 manum,
1311 2094 1343 2126 in
1358 2094 1494 2128 alterum
1518 2093 1601 2128 nihil
1613 2097 1699 2138 posse
1711 2119 1718 2127 .
1745 2096 1875 2131 Insanas
1888 2110 2012 2143 nugas,

195 2147 363 2192 suetasque
383 2146 536 2190 nequitiae
559 2147 710 2180 versutias
732 2157 799 2179 non
821 2144 993 2187 deposuit,
1020 2146 1073 2180 sed
1136 2141 1252 2186 quibus
1277 2143 1434 2186 Papatum
1460 2144 1566 2178 Roma
1594 2145 1920 2189 Constantinopolim
1953 2149 2012 2183 mi,

194 2196 288 2231 auxit
319 2223 325 2229 .
351 2194 536 2231 Theodoro
557 2194 778 2230 santabareno
799 2218 810 2234 ‚
839 2205 936 2238 quem
966 2195 1073 2238 postea
1135 2193 1236 2237 graffe
1250 2194 1433 2236 frequenter
1445 2193 1646 2235 effutiverat,
1672 2194 1734 2231 hac
1755 2197 1787 2230 in
1814 2196 2012 2243 Pseudo-Sy-

193 2246 316 2281 creavit
339 2245 574 2281 Euchaitarum
599 2244 848 2286 Metropolitam
869 2269 880 2284 ‚
907 2244 1072 2279 monacho
1137 2241 1225 2277 nodo
1250 2244 1342 2276 ausus
1364 2255 1430 2277 non
1457 2245 1518 2277 fuit
1540 2243 1697 2279 stabilire.
1726 2245 1790 2279 Eas
1803 2246 2010 2289 postmodnm

194 2295 297 2340 longe
319 2296 471 2330 vilislimo
492 2320 505 2337 ,
530 2294 666 2330 homine
689 2293 878 2328 Manichaeo
899 2294 933 2327 ὅ(
959 2305 1070 2328 necro-

197 2345 348 2379 mantico
359 2347 433 2380 usus
442 2370 453 2386 ‚
478 2346 528 2379 uti
541 2345 767 2390 imaginariam
779 2343 951 2386 Synodum
962 2344 994 2377 in
1010 2345 1043 2378 N
1048 2346 1071 2377 i-

193 2393 326 2428 colaum
352 2394 552 2430 Pontificem
577 2419 587 2436 ‚
614 2395 657 2428 ita
685 2406 741 2438 pro
769 2394 889 2427 Basilio
917 2394 1069 2437 Augusto

192 2444 422 2489 imaginariam
435 2444 635 2488 Bycladem,
664 2445 696 2478 id
707 2443 773 2484 est,
800 2445 941 2487 antiquae
954 2443 1068 2477 nobili-

192 2493 269 2528 tatis
280 2494 387 2528 fistam
398 2494 628 2539 genealogiam
650 2494 835 2536 composuit
848 2517 858 2532 ‚
886 2494 918 2526 in
933 2493 1067 2527 circum-

1134 2291 1294 2327 resorbere
1316 2294 1348 2326 ὃς
1361 2292 1501 2327 stabilire
1525 2306 1591 2328 non
1617 2294 1810 2329 erubuerunt
1833 2297 1931 2330 Nilus
1943 2299 2011 2332 Do-

1134 2344 1297 2385 xopatrius
1311 2366 1322 2382 ‚
1348 2343 1382 2376 in
1395 2343 1546 2378 Romana
1572 2343 1703 2379 historia
1725 2345 1866 2388 Joannes
1887 2347 2011 2382 Cinna-

1135 2403 1205 2426 mus
1215 2418 1225 2432 ,
1252 2389 1394 2426 Michael
1420 2391 1601 2427 Anchialus
1625 2393 1807 2428 Patriarcha
1821 2396 2009 2432 Constanti-

1132 2442 1345 2485 nopolitanus
1354 2443 1388 2475 in
1402 2442 1551 2487 Dialogo
1562 2456 1636 2477 cum
1651 2445 1806 2479 Manuele
1818 2446 2008 2489 Comneno‚

1131 2493 1163 2525 ὃ(
1176 2490 1362 2525 christinus
1373 2493 1405 2525 in
1419 2504 1515 2536 opere
1526 2493 1566 2527 de
1577 2493 1791 2539 topographia
1803 2492 1987 2531 Christiana
1996 2522 2008 2532 .

191 2543 300 2586 scripti
314 2543 477 2586 Principis
496 2545 635 2589 gratiam
655 2543 751 2578 rediit
764 2565 774 2582 ,
798 2542 816 2575 a
839 2542 1066 2576 patriarchalis
1128 2543 1218 2580 Eos,
1245 2541 1300 2583 qui
1315 2552 1380 2575 non
1399 2541 1444 2575 ob
1468 2543 1596 2586 imperii
1612 2543 1785 2578 Christiani
1798 2544 1926 2584 sedem,
1950 2546 2006 2580 sed.

190 2593 502 2628 officiiclandestina
524 2593 714 2633 funstione,
739 2593 838 2626 etiam
851 2591 1065 2636 Aphantopo·

1128 2592 1173 2626 ob
1184 2592 1290 2626 Sansti
1303 2591 1453 2634 Apostoli
1467 2592 1554 2627 Petri
1566 2594 1677 2627 merita
1690 2592 1841 2627 adserunt
1855 2594 2005 2629 Ecclefiae

190 2642 390 2683 lita‘norum,
416 2643 449 2677 id
473 2642 519 2677 est
538 2668 548 2684 ,
575 2643 757 2677 titularium
781 2642 903 2675 nullius
923 2643 1063 2676 civitatis
1124 2641 1303 2674 Primatum
1316 2640 1408 2674 fuisse
1427 2642 1709 2685 Romaepofitum,
1737 2644 1835 2676 Nilus
1847 2640 2006 2688 Doxopass

189 2691 481 2736 Metropolitarum
493 2694 659 2727 creatione
670 2703 838 2735 nunquam
850 2692 979 2726 cessavit
989 2717 1000 2733 ,
1011 2691 1064 2726 de-

189 2740 293 2775 functi
306 2743 412 2776 Sansti
424 2742 546 2786 Ignatii
568 2742 725 2777 thronum
745 2742 915 2781 reinvafit,
940 2753 976 2776 ac
995 2750 1062 2776 tan-

187 2788 264 2824 dem
285 2791 326 2824 ad
349 2791 459 2826 Basilii
483 2791 626 2837 Augusti
649 2803 756 2835 preces
778 2791 985 2826 &Anastafii
1008 2792 1062 2825 Bi-

188 2837 396 2875 bliothecatii
408 2842 539 2876 confilia
551 2841 596 2876 est
609 2842 643 2876 in
656 2842 725 2885 ipso
739 2841 965 2876 confirmatus.
983 2842 1060 2885 Ejus

187 2888 334 2923 facinora
356 2892 519 2934 requirant
538 2891 660 2937 grande
672 2891 824 2925 volumen
836 2914 844 2922 .
872 2891 1005 2925 Etenim
1025 2891 1060 2924 &

187 2938 360 2981 synodum
370 2941 504 2984 coegit,
528 2941 619 2985 cujus
628 2951 665 2974 os
687 2941 847 2984 &lingua
869 2939 1058 2974 fuitZacha-

187 2988 250 3023 rias
261 2987 619 3034 Pseudo-Metropolim
643 2989 942 3030 Chalcedonensis,
968 2990 1057 3034 supra

181 3038 357 3073 damnatus
368 3063 379 3079 ‚
404 3039 484 3074 &in
495 3051 559 3084 qua
571 3040 712 3074 nostram
725 3050 832 3074 veram
844 3041 990 3074 octavam
1003 3052 1058 3085 ge-

184 3088 326 3123 neralem
341 3088 513 3131 Synodum
523 3090 701 3134 proscripsit
723 3090 756 3123 δε
767 3089 911 3124 abolevit
920 3114 932 3130 ,
943 3090 1056 3125 omnia

184 3138 239 3172 sua
265 3139 299 3172 in
324 3139 506 3182 supremum
529 3139 688 3173 Romanae
713 3139 859 3173 Ecclefiae
877 3139 1055 3174 Primatum

182 3197 341 3222 attentata
363 3189 602 3233 &nugamenta
614 3188 752 3223 stabilire
762 3200 900 3224 conatus
913 3214 924 3228 ,
948 3190 1053 3223 osten-

181 3236 321 3282 ·'dcreque
341 3238 454 3272 omnia
468 3249 525 3281 pro
543 3240 660 3273 San&o
669 3238 800 3282 Ignatio
822 3239 855 3272 in
871 3240 902 3272 se
915 3239 1053 3273 Decreta

184 3286 275 3322 sniffe
297 3289 427 3331 iniqua.
456 3289 497 3322 Ei
511 3297 671 3323 trecentos
692 3288 878 3332 octuaginta
900 3297 962 3322 tres
981 3288 1052 3331 Epi-

184 3335 301 3378 scopos
322 3336 457 3372 adfuisse
476 3339 631 3372 mentitus
651 3339 696 3372 est
710 3361 721 3377 ,
746 3336 887 3381 praesedit
910 3338 975 3380 ipse
987 3338 1053 3372 Ro-

182 3386 289 3421 manis
300 3386 429 3431 Legatis
438 3387 606 3427 dumtaxat
623 3387 860 3430 adsidentibus,
885 3397 1050 3433 tamquam

277 3434 385 3480 christ.
397 3441 476 3483 Lupi
485 3441 570 3482 Oper.
583 3438 660 3471 Tam.
672 3442 727 3472 111.

1123 2692 1200 2725 ttius
1224 2690 1330 2734 arguit
1341 2691 1389 2724 uti
1413 2690 1561 2726 homines
1582 2692 1665 2726 male
1684 2693 1833 2725 feriatos.
1863 2694 1906 2727 Et
1917 2704 2004 2737 quo-¹

1123 2742 1212 2776 niam
1225 2740 1386 2774 Primatus
1398 2740 1453 2775 ille
1463 2741 1560 2776 debet
1582 2743 1679 2785 usque
1689 2743 1728 2775 ad
1741 2741 1902 2776 noviffimi
1915 2742 2004 2786 Judi-v

1121 2792 1164 2825 cii
1178 2791 1264 2825 diem
1272 2791 1334 2824 effe
1347 2799 1517 2834 perpetuus
1528 2816 1538 2832 ,
1550 2790 1733 2825 Christinus
1747 2790 1951 2835 impudenter
1959 2804 2000 2828 ac

1121 2840 1393 2884 imprudenterait
1408 2840 1500 2875 istam
1526 2841 1632 2875 sedem
1647 2852 1812 2884 nunquam
1834 2842 1998 2877 Constan-

1120 2891 1264 2934 tinopoli
1279 2890 1510 2925 dimovendam
1523 2916 1530 2923 .
1559 2889 1682 2924 Verum
1692 2890 1834 2925 Tutcica
1847 2894 1997 2934 tyrannis

1119 2939 1286 2974 evacuavit
1297 2937 1382 2974 hanc
1394 2941 1582 2984 sapientiam
1593 2965 1602 2980 ‚
1622 2940 1879 2984 adimplevitque
1892 2942 1996 2985 impia

1119 3001 1195 3024 vota
1206 2988 1381 3024 Michaelis
1403 2989 1580 3030 Anchiali,
1608 2991 1760 3024 malentis
1783 2994 1995 3033 tyrannidem

1119 3040 1212 3073 istam
1234 3039 1337 3073 subire
1359 3062 1370 3078 ,
1398 3050 1494 3082 quam
1519 3038 1645 3073 haerefin
1671 3039 1887 3082 Latinorum.
1914 3043 1995 3077 Om-

1120 3090 1212 3123 nium
1222 3089 1420 3123 stultissimus
1434 3090 1494 3122 fuit
1509 3089 1692 3124 Hieremias
1707 3089 1891 3125 Patriarcha
1903 3092 1994 3126 Con-
2007 3088 2075 3126 CssP·
2094 3098 2139 3125 ¹3·

1118 3139 1450 3181 stantinopolitanus,
1478 3139 1511 3171 in
1534 3140 1665 3173 censura
1687 3139 1856 3176 adversum
1869 3138 1990 3176 Luthe-

1117 3199 1211 3222 tanos
1222 3189 1313 3222 ausus
1325 3188 1436 3221 eadem
1451 3186 1514 3222 haec
1527 3187 1661 3223 delirare
1674 3213 1682 3222 .
1875 3208 1877 3210 v

1166 3237 1350 3272 Secundum
1383 3235 1539 3271 Photiani
1562 3238 1788 3274 Conciliabuli
1811 3239 1984 3274 Canonem
2003 3241 2150 3279 Κιτίῳ.

1116 3288 1194 3322 citat
1206 3287 1290 3329 apud
1304 3288 1499 3331 Gregorium
1514 3300 1639 3322 nonum
1651 3289 1862 3323 Innocentius
1874 3288 1983 3322 tertius
1997 3289 2020 3308 C·
2029 3291 2038 3310 ¹
2048 3291 2072 3308 ²·

1117 3336 1273 3371 Pontifex
1287 3337 1320 3370 in
1331 3337 1450 3371 'litteris
1460 3336 1500 3371 ad
1516 3339 1712 3382 Episcopum
1725 3338 1951 3374 Faventinum,
1962 3339 1980 3369 a

1114 3386 1361 3423 Ravennatibus
1382 3386 1580 3432 postulatum
1601 3388 1638 3423 in
1655 3385 1976 3474 Archi-Episcffumi

1101 3451 1103 3453 v
1504 3436 1532 3470 E
1557 3447 1574 3471 e
1600 3449 1617 3473 e
1835 3436 1876 3468 ΡΟ
1899 3444 1931 3468 2¹·
