2340 3762
64 905 178 946 Epist-r.

59 1812 147 1850 Epist.
154 1819 170 1849 3
177 1820 203 1842 2.

57 1928 125 1962 1⁴²5·
140 1935 218 1957 &20-

57 1968 200 2002 L6.c.3o.

58 2007 123 2038 L-r·
135 2003 218 2042 Epist.

59 2056 140 2081 ⁹¹10·

59 2241 123 2271 Lx.
134 2235 217 2276 Episs.

62 2299 118 2353 L4·
134 2314 217 2355 Epist.

59 2625 120 2659 L5.
131 2621 213 2661 Epist.

662 112 728 143 De
763 109 999 143 oca-ava
1030 94 1277 140 §suono
1311 87 1641 142 Gnnenin.

1158 177 1161 179 ’
1180 175 1353 222 po'fuiffea
1364 177 1491 220 Joanne
1506 180 1622 212 octavo
1633 178 1806 215 Pontifice‘
1818 189 1975 225 negatam
1983 175 2059 215 scri·
2076 176 2112 209 Α·
2127 171 2192 205 ⁸⁷⁸·

242 183 291 220 mi
305 185 394 220 causa
407 183 573 228 nonpoffe
584 182 712 218 diffolvi
725 208 732 214 .
758 181 942 225 Respondit
952 178 1027 215 vero
1038 180 1113 214 San·

70 222 156 263 Epist'
179 234 191 255 ¹
199 235 228 261 9·
243 237 313 270 &us
322 235 373 267 Lu
379 246 435 277 pus
445 246 452 265 :
480 239 648 276 Nunquam
659 235 695 266 id
706 239 737 266 in
747 230 969 273 controverfiam
979 238 1114 264 vocatum

240 285 294 318 vel
301 285 406 318 audivi
414 306 425 322 ,
450 286 502 317 vel
508 283 647 328 magistra
655 283 774 317 lectione
783 287 906 324 comperi
917 306 923 313 .
952 280 1115 314 Plurimos

242 333 278 367 ἀ
300 333 479 376 Episcopos
502 335 537 368 ὅ(
558 334 705 368 Clericos
726 358 737 373 ‚
762 334 780 367 a
798 331 917 377 quibus
939 331 1025 364 credi
1045 341 1113 364 ³01¹

242 382 336 427 poffit
346 383 490 427 ignorari
505 384 661 419 Canones
669 409 680 424 ,
709 383 790 417 dicit
801 381 951 427 quotidie
962 379 1115 414 convola-

241 444 275 467 re
293 432 333 466 ad
345 433 541 468 monasteria
553 457 565 473 ,
590 434 624 468 ὅ(
635 433 740 469 Sancti
751 431 917 466 Benedicti
930 430 1093 475 Regulam
1102 453 1112 469 ‚

240 481 259 516 ὲ
270 481 388 516 Sansto
400 483 565 517 Pontifice
576 483 740 528 Gregorio
751 481 881 527 Magno
894 480 1116 524 approbatam,

241 531 360 570 diserte
382 532 586 576 permittere,
614 543 650 568 ut
660 532 842 575 Presbyteri
862 530 902 566 ad
923 530 1115 565 monasteria

241 591 451 625 acceptentur
477 608 484 614 .
512 582 555 617 Et
577 582 617 617 de
637 583 851 617 matrimonio
873 605 883 621 ‚
910 580 999 625 quod
1025 580 1117 614 Deus

242 631 418 674 conjunxit
434 632 574 672 ,distum
584 633 647 668 est;
675 640 767 668 Homo
776 643 834 666 non
842 630 984 675 separet:
1007 628 1116 672 Atque

239 679 288 715 ἱεὲ
309 680 403 716 Deus
426 683 543 718 secreta
553 683 594 717 ad
620 683 715 717 istum
738 680 939 726 poenitentiae
959 680 1118 714 &santri-

242 731 364 765 moniae
374 731 492 766 statum
503 734 696 767 evocatione
706 732 810 777 potest
820 730 961 766 omnino
970 728 1118 764 dissolve·

241 790 276 813 re
289 803 297 812 .
318 781 395 828 Qa
417 783 503 816 dere
521 783 562 817 ad
573 783 758 818 Robertum
769 780 1031 817 Pontiniacenfis
1050 789 1120 812 moe

239 829 373 864 nasserii
383 831 532 867 Priorem
543 832 651 867 scribit
673 833 771 867 etiam
783 830 965 874 Stephanus
987 828 1118 869 Episco-

240 890 302 922 pus
320 879 562 915 Tornacenfis:
588 882 778 914 Parecbiales
803 878 967 916 Presbyteri
989 875 1117 910 obedien-

238 934 316 960 tiam
328 951 340 967 ,
365 939 456 968 quam
460 932 665 969 promittunt,
692 928 799 962 debent
811 925 1037 971 Episcopissuis
1051 950 1062 965 ‚
1083 927 1117 959 <a

236 974 494 1020 sacramentaliter
514 978 632 1021 alllgati
647 975 720 1019 sunt
731 977 864 1019 Ecclefiis
872 975 936 1020 ficis
949 1001 959 1017 ‚
984 987 1060 1018 quas
1072 987 1115 1008 re-

235 1035 316 1070 gunt
336 1049 347 1065 ‚
373 1034 528 1068 tamquam
553 1027 695 1060 uxoribus
719 1033 851 1069 propriis
879 1053 886 1061 .
913 1030 990 1071 Lege
1015 1034 1116 1059 autem

239 1081 384 1108 communi
396 1080 553 1110 Canonum
556 1075 619 1117 fine
627 1079 746 1111 licentia
759 1076 970 1121 Epifioporum
977 1074 1113 1119 suorum,

239 1124 348 1167 quibus
361 1125 529 1160 obedientes
551 1127 603 1169 esse
613 1126 738 1168 debent,
765 1138 817 1162 nec
826 1127 882 1170 ipsi
888 1128 1039 1167 recedere,
1065 1136 1116 1159 nec

240 1175 294 1207 alii
305 1185 349 1206 eos
361 1181 486 1217 recipere
497 1175 603 1210 debent
615 1201 622 1209 .
651 1180 731 1221 Lege
750 1185 851 1212 autem
865 1183 998 1220 privata
1010 1201 1021 1218 ,
1047 1188 1115 1219 quae

238 1223 378 1263 instinc‘lu
391 1227 519 1267 spiritus
530 1226 633 1260 San&
655 1232 688 1259 in
698 1228 781 1262 corde
786 1226 928 1271 scribitur
939 1253 949 1269 ,
969 1227 1001 1270 fi
1007 1228 1052 1261 ad
1060 1239 1118 1261 mo-

240 1272 396 1313 nasterium
406 1276 460 1309 vel
469 1279 650 1310 eanonicam
660 1280 825 1321 regularem
836 1276 1004 1319 transierint
1016 1302 1026 1319 ‚
1039 1278 1115 1312 tales

239 1329 335 1356 etiam
344 1325 612 1360 contradicentibus
623 1327 779 1370 EpiscopIs
789 1332 878 1370 recipi
882 1328 997 1371 possunt
1006 1352 1015 1361 .
1037 1328 1117 1362 Pro-

239 1371 294 1407 bat
317 1385 359 1408 ex
379 1374 520 1410 Canone
543 1375 676 1411 Urbani
695 1377 828 1412 secundi
861 1378 1059 1420 Pontificis;
1085 1380 1117 1411 51

238 1428 308 1464 quis
318 1428 350 1455 in
359 1424 485 1467 Ecclesia
490 1423 550 1467 sua
557 1424 614 1468 sub
629 1425 771 1474 Episcopo
777 1429 919 1469 populum
939 1432 1050 1461 retinet
1061 1452 1071 1467 ,
1090 1426 1121 1470 fi

239 1471 370 1513 adflatus
389 1476 501 1515 spiritu
513 1474 619 1506 sanna
639 1480 672 1506 in
679 1475 777 1515 aliquo
797 1476 966 1514 monasterio
975 1478 1028 1509 vel
1035 1486 1115 1518 regu-

239 1520 299 1553 lari
318 1525 470 1555 canonica
490 1520 614 1565 salvare
628 1521 663 1564 se
682 1525 830 1564 voluerit,
857 1530 949 1558 etiam
973 1523 1116 1568 Episcopo

236 1567 288 1612 suo
307 1573 524 1605 contradicente
545 1578 593 1604 eat
605 1570 679 1604 liber
702 1573 877 1605 aufflm'tate
889 1573 1001 1613 nostra.
1023 1577 1057 1617 J
1058 1574 1116 1613 usto

237 1624 319 1652 enim
337 1619 386 1653 lex
409 1631 465 1654 non
488 1618 626 1663 estpofita
638 1644 650 1662 ,
670 1619 729 1665 sed
747 1621 797 1656 ubi
821 1624 953 1666 Spiritus
976 1625 1114 1664 Domini,

238 1668 281 1701 ibt
288 1668 421 1704 libertas
437 1696 443 1703 .

289 1718 436 1754 Libertas
447 1718 513 1756 haec
523 1721 569 1757 est
581 1721 800 1767 antiquiffima
812 1747 823 1763 ‚
842 1734 1048 1770 nequaquam
1060 1733 1116 1767 per

239 1766 422 1804 Urbanum
444 1771 621 1807 secundum
642 1773 827 1809 introduc'ta
840 1799 847 1806 .
875 1775 1007 1809 Etenim
1025 1775 1116 1818 Jaco-

239 1815 319 1851 bum
344 1818 362 1852 e
389 1820 581 1865 Presbytero
608 1822 810 1858 monachum
846 1824 955 1858 laudat
981 1825 1115 1858 Sanctus

239 1864 433 1903 Ambrosius
451 1895 462 1911 ,
491 1871 647 1906 mandans
668 1873 709 1907 ab
726 1873 893 1917 Episcopo
915 1874 973 1906 suo
995 1873 1113 1906 Severo

239 1926 308 1949 non
321 1918 486 1960 reperiant
500 1921 676 1964 inquietari
686 1947 693 1954 .
716 1923 828 1956 Etiam
840 1923 1017 1966 Evagrium
1027 1920 1115 1954 Pon-

238 1964 343 1999 ticum
369 1977 411 2000 ex
433 1967 580 2002 Ecclefiae
600 1969 979 2014 Constantinopolitanae
999 1968 1113 2004 Archi·

237 2014 394 2048 Diacono
404 2038 416 2054 ,
442 2016 476 2049 &
488 2016 699 2051 Sabbathium
719 2031 760 2051 ex
773 2019 1007 2054 Novatianensi
1025 2019 1114 2053 Pres-

238 2060 355 2104 bytero
366 2064 548 2099 monachos
561 2077 743 2100 memorant
756 2067 902 2101 Socrates
913 2069 946 2102 ὅ(
960 2068 1114 2102 Hermias

237 2115 448 2148 Zozomenus
462 2139 469 2146 .
497 2115 642 2150 Plurima
655 2116 834 2151 istiusmodi
856 2118 1006 2161 exempla
1019 2117 1112 2151 refert

236 2162 271 2197 iu
285 2162 398 2197 litteris
418 2164 458 2198 ad
471 2163 698 2200 Alexandrum
719 2164 895 2200 secundum
917 2166 1112 2201 Pontificem

236 2211 369 2246 Sanetus
394 2214 509 2249 Petrus
535 2215 691 2249 Damiani
717 2241 724 2248 .
757 2217 959 2251 Germanum
984 2217 1113 2251 fratrem

236 2261 329 2294 suum
355 2262 560 2299 Damianum
587 2277 629 2299 ex
655 2263 967 2309 Archi-Presbytero
1002 2278 1113 2300 mona·

235 2310 337 2344 chum
359 2313 469 2347 laudat
485 2316 520 2348 in
534 2314 650 2349 litteris
670 2315 710 2350 ad
724 2315 926 2350 Desiderium
947 2316 1112 2351 Abbatem

236 2359 457 2397 Caffinenlem
481 2365 515 2398 ὃς
530 2365 689 2398 Romanae
712 2365 860 2399 Ecclesiae
882 2365 1113 2404 Cardiuakm,

236 2421 272 2443 ac
286 2410 319 2443 in
333 2411 448 2446 litteris
460 2414 500 2446 ad
516 2414 728 2449 Mainardum
742 2416 942 2458 Episcopum
968 2416 1114 2459 Eugubi—

234 2470 330 2492 num.
360 2462 507 2496 intrandi
519 2464 707 2498 monasterii
719 2474 832 2498 votum
846 2465 906 2499 esse
918 2466 1113 2510 rigidissimae

234 2509 448 2553 obligationis
476 2514 510 2546 in
533 2514 649 2548 litteris
670 2514 712 2548 ad
736 2514 939 2549 Landulfum
962 2515 1113 2549 Ecclesiae

234 2559 492 2596 Mediolanenfis
515 2563 683 2598 Clericum
693 2564 835 2598 ostendit
857 2566 1008 2608 exemplo
1020 2564 1112 2598 nobi-

233 2608 273 2641 lis
285 2609 346 2643 viri
363 2611 503 2646 Arduini
516 2637 527 2654 ‚
555 2613 599 2647 ob
617 2614 685 2655 ejus
698 2613 795 2648 solius
815 2615 1110 2656 praevaricationem

232 2655 378 2693 damnati
399 2660 439 2695 ad
451 2662 666 2706 sempiternos
681 2664 789 2707 ignes:
822 2663 1045 2708 Vigereillam
1059 2665 1118 2698 ad-⁴

232 2707 336 2742 firmat
348 2710 446 2744 etiam
458 2712 492 2745 in
508 2712 699 2756 Presbytero
708 2737 718 2752 ,
731 2712 834 2747 immo
844 2714 877 2747 ὅ(
890 2714 924 2747 in
937 2714 1112 2757 Episcopo,

233 2756 498 2803 demonstratque
523 2762 675 2806 exemplo
697 2761 818 2797 Adami
857 2763 1111 2808 Sempronienfis

234 2806 409 2851 Episcopi,
431 2810 475 2845 ob
486 2811 621 2846 ssmilem
635 2813 927 2856 pravaricationem
942 2813 1110 2858 insigniter

234 2854 252 2888 a
264 2856 338 2890 Deo
350 2860 454 2900 puniti
469 2884 477 2892 .

283 2905 369 2940 Istud
383 2917 489 2943 tamen
504 2912 556 2944 seu
569 2911 774 2956 Propositum
786 2913 839 2946 seu
854 2922 966 2947 votum
978 2913 1109 2955 Episco-

233 2966 292 2997 pus
311 2957 429 3000 exequi
443 2970 509 2993 non
522 2963 624 3004 potest
647 2962 852 2997 flnelicentia
865 2962 1010 2996 Romani
1024 2962 1110 2996 Pon-

230 3004 350 3045 tificis,
378 3017 433 3042 aut
458 3008 610 3045 Primatis
634 3014 686 3046 seu
709 3012 931 3055 Metropolitae
957 3012 1064 3052 illius,
1091 3012 1108 3045 ὲ

227 3066 298 3097 quo
310 3055 372 3089 fuit
388 3057 420 3090 in
435 3058 631 3102 Episcopum
654 3063 866 3096 confirmatus
878 3086 885 3093 .
913 3061 1035 3097 Nescio
1047 3059 1107 3095 hac

226 3104 270 3137 de
282 3115 316 3138 re
327 3107 505 3149 expseffum
518 3109 666 3144 Ecclesiae
676 3111 851 3146 Canonem
860 3136 871 3153 ‚
893 3110 988 3146 video
1000 3121 1107 3145 tamen

229 3152 273 3186 ita
286 3154 408 3198 semper
422 3157 456 3190 in
470 3158 612 3193 Ecclesia
624 3160 716 3195 fuisse
728 3161 949 3195 observatum.
979 3162 1107 3195 Etenim

229 3203 426 3239 Humfridus
436 3206 596 3242 destrustae
617 3220 671 3252 per
682 3210 908 3245 Nortmannos
917 3211 1110 3244 Morinenfis

228 3254 371 3288 civitatis
394 3257 575 3300 Episcopus
603 3258 768 3294 licentiam
793 3260 886 3293 istam
909 3260 1108 3302 postulavita

230 3301 375 3339 Nicolao
402 3307 508 3349 primo
523 3308 689 3343 Pontifice
703 3334 715 3349 ,
740 3321 878 3352 eamque
890 3309 1048 3343 Pontifex
1059 3321 1108 3343 ne·

1246 0 1259 26 5

1885 108 1988 157 403

1179 226 1263 261 bunt
1282 225 1431 262 Annales
1453 226 1655 260 Francorum
1675 229 1882 265 Bertin'iani.
1906 229 2060 275 Luitpol-

1181 277 1260 312 dum
1274 275 1590 320 Archi-Episcopum
1598 276 1838 321 Moguntinnm
1849 280 1973 315 fliiffea
1984 281 2059 315 Cle·

1181 377 1277 411 sterio
1297 377 1430 411 testatur
1443 376 1637 411 Lambertus
1649 373 1971 420 Schafnaburgenfis.
2001 379 2059 423 10.
2094 374 2112 389 ·'
2136 388 2138 390 ’

1182 437 1301 461 aunem
1314 427 1527 460 Glasnensern
1541 426 1741 470 Episcopum
1752 427 1912 467 retraxit,
1935 431 1971 462 δε
1981 430 2061 464 San·
2169 423 2174 428 ’

1181 479 1232 511 &o
1254 474 1427 510 Malachiae
1445 476 1594 510 Dunenfi
1611 476 1776 520 Episcopo
1797 475 1956 511 intrandae
1968 476 2060 510 clai-ar

1182 526 1288 562 Vallis
1301 526 1465 560 licentiam
1476 526 1652 570 denegavit
1663 526 1878 561 Innocentius
1889 524 2063 566 secundus,

1185 588 1289 622 neque
1306 578 1439 612 sanstus
1457 576 1640 610 Bet-nardus
1662 576 1864 610 contradixit
1873 575 1961 611 -.‘'‘At
1985 574 2063 609 vero
2078 592 2161 630 Epist·
2189 604 2216 624 2⁶

1184 627 1321 660 Decano
1341 625 1580 670 Lugdunenfie
1593 627 1792 660 monasterio
1818 635 1975 670 nepotem
1996 625 2061 660 Ca-

1183 675 1340 709 nonicum
1376 674 1548 710 retrahenti
1586 675 1787 710 contradixit
1819 675 2061 720 potentiffime,

1183 725 1271 768 quod
1290 726 1352 758 alia
1374 726 1411 758 fit
1424 725 1459 759 in
1481 724 1673 769 hoc-punelo
1694 725 1931 769 Episcoporum
1952 726 2059 766 ratio,
2077 747 2235 782 ῙΛ-ωὶς.

1184 775 1245 808 alia
1257 775 1346 809 Cleri
1358 775 1519 809 inferioris
1532 800 1543 816 ,
1566 776 1622 810 cui
1634 776 1763 819 plenam
1786 775 1974 810 adsumendi
1988 787 2059 810 mo*
2076 796 2152 823 044»

1184 824 1339 858 nachatus
1379 824 1562 860 libertatem
1597 826 1745 860 sanciunt
1770 824 1869 859 etiam
1900 825 2060 868 >Synodus

1186 872 1470 918 Aquisgranenfis,
1499 874 1670 909 &ibidem
1689 874 1867 910 celebratus
1878 885 2060 909 conventus

1185 922 1372 957 Abbatum.
1400 924 1498 958 Hanc
1522 924 1589 966 ejus
1608 926 1696 968 piam
1719 934 1866 959 mentem
1893 924 2062 968 adjuvari,

1184 973 1219 1007 ὅς
1228 972 1412 1007 nullatenus
1423 974 1571 1016 impediri
1583 974 1624 1009 ab
1636 975 1805 1019 Episcopis
1824 973 1957 1009 mandat
1970 973 2061 1008 habi-

1183 1033 1224 1056 ta·
1237 1021 1295 1056 sub
1318 1023 1454 1066 Joannis
1477 1023 1665 1058 duodecimi
1685 1025 1886 1059 Pontificatu
1907 1023 2062 1067 Synodus
2080 1051 2107 1081 C

1186 1071 1393 1117 Augustana.
1422 1072 1569 1106 Clericos
1580 1072 1864 1113 Priscillianistas,
1891 1073 1980 1117 quod
1992 1084 2062 1106 mo·
2094 1071 2096 1073 ’

1185 1121 1280 1156 nachi
1303 1122 1441 1162 fierent,
1465 1120 1600 1156 damnat
1611 1121 1764 1164 Synodus
1784 1121 2064 1166 Caesar-Augusta-

1184 1184 1245 1207 na:
1275 1171 1406 1216 Nempe
1427 1172 1516 1215 quod
1541 1171 1651 1211 Cleri,
1676 1181 1845 1215 tamquam
1871 1171 2008 1205 luxuriae
2029 1172 2065 1205 ὅσ

1184 1221 1377 1256 vanitatibus
1390 1222 1513 1263 dediti,
1540 1222 1659 1255 statum
1679 1221 1871 1257 damnarent
1884 1246 1895 1262 ,
1922 1221 2066 1264 ideoque

1183 1271 1224 1307 ad
1234 1268 1504 1307 Monachismum
1526 1281 1693 1315 tamquam
1718 1272 1928 1307 necessarium
1951 1271 2065 1305 salutis

1183 1321 1328 1356 medium
1351 1322 1564 1356 convolarent
1577 1347 1584 1355 .
1612 1322 1753 1356 Eustatii
1779 1321 2003 1364 Metropolitae
2015 1323 2068 1355 Se·
2083 1313 2155 1351 (3³1²
2172 1317 2199 1344 σ-

1184 1370 1303 1407 basteni
1325 1382 1464 1406 errorem
1486 1371 1735 1406 resuscitabant.
1763 1372 1811 1405 Ita
1834 1382 2003 1414 promotos
2022 1382 2063 1405 ex

1183 1420 1349 1457 monacho
1361 1422 1541 1465 Episcopos
1557 1422 1729 1465 Regularis
1740 1421 1952 1464 Praepofiturae
1979 1421 2067 1463 cupi-

1182 1469 1283 1504 ditate
1306 1470 1432 1513 regredi
1453 1468 1495 1502 ad
1516 1471 1570 1503 sua
1593 1470 1787 1504 monasteria
1811 1481 1914 1512 nuper
1940 1470 2066 1510 vetuit,

1182 1520 1301 1563 eosque
1312 1519 1403 1553 istius
1419 1517 1597 1554 Praelaturae
1608 1519 1778 1564 incapaces
1793 1517 1933 1553 reddidit
1947 1518 2066 1553 Paulus
2083 1541 2181 1574 (ἰωῇ.
2194 1553 2209 1572 2
2218 1553 2240 1572 L

1182 1578 1313 1610 quartus
1326 1593 1334 1602 .

1230 1619 1313 1653 Haec
1325 1617 1402 1653 vero
1418 1619 1531 1654 omnia
1544 1618 1686 1664 intelligi
1696 1628 1826 1664 oportet
1837 1619 1879 1654 de
1892 1619 2064 1663 Episcopis

1180 1667 1365 1703 &Clericis
1386 1668 1604 1703 saecularibus.
1631 1671 1766 1704 Etenim
1787 1670 1828 1704 de
1844 1669 2065 1714 Regularibus

1180 1718 1216 1753 in
1238 1718 1410 1753 communi
1430 1719 1615 1753 viventibus
1639 1719 1750 1754 statuit
1771 1718 1933 1753 Urbanus
1954 1721 2064 1753 sccun-

1180 1766 1259 1803 dus:
1286 1769 1472 1801 Mandamus
1493 1768 1749 1809 &universaliter
1775 1769 2000 1808 interdicimus,
2027 1779 2064 1801 ne

1180 1822 1248 1858 quis
1259 1820 1427 1848 Canonlcas
1438 1815 1764 1858 regulariterprqfessus
1778 1840 1789 1856 ,
1816 1815 1873 1858 nisi
1878 1819 1957 1859 quod
1966 1816 2038 1858 ahst‘t
2051 1841 2062 1856 ,

1175 1863 1291 1907 publice
1316 1861 1415 1906 lapsus
1428 1863 1527 1905 fuerit
1538 1889 1549 1906 ‚
1577 1866 1739 1899 monachus
1762 1866 1914 1907 efficiatur.
1942 1865 2067 1909 ‚Quodsi

1181 1917 1303 1947 Decreta
1313 1913 1404 1951 nostro
1419 1919 1565 1946 contraire
1571 1914 1757 1956 praesumens
1770 1928 1855 1959 agere
1867 1922 2035 1950 tentaverit
2050 1940 2062 1955 ,

1179 1964 1224 1996 ad
1245 1963 1388 1995 Ordinem
1412 1965 1592 1995 eanonicam
1606 1968 1797 2004 praecipimus
1819 1973 1854 1997 ut
1876 1966 2000 2006 redeat,
2025 1967 2062 1999 δ’

1180 2013 1314 2053 deinceps
1327 2012 1525 2044 memorialem
1537 2012 1670 2045 cellulam
1683 2012 1819 2054 deferat,
1847 2016 1881 2047 (9·
1893 2016 2014 2048 ultimus
2027 2020 2062 2049 in

1180 2062 1265 2096 choro
1284 2060 1400 2105 sedeat.
1432 2061 1479 2096 1132
1509 2061 1683 2096 Canonem
1710 2065 1804 2097 refert
1831 2063 1865 2097 in
1881 2064 1994 2098 litteris
2016 2062 2058 2098 ad

1181 2111 1364 2146 Robertum
1400 2111 1659 2146 Pontiniacenfis
1685 2113 1870 2148 monasterii
1907 2114 2058 2150 Priorem
2079 2109 2164 2148 Epist·
2194 2115 2221 2142 ¹³

1180 2161 1364 2204 Stephanus
1386 2161 1566 2204 Episcopus
1592 2162 1812 2197 Tornacenfis
1832 2188 1842 2203 ‚
1875 2163 1998 2198 addens
2022 2164 2058 2197 &

1179 2212 1281 2245 alium
1292 2210 1428 2243 fimilem
1445 2210 1573 2254 Synodi
1586 2212 1761 2246 Eduenfis.
1794 2213 1920 2247 Verum
1932 2225 1990 2256 pro
2003 2225 2059 2247 vo-

1177 2261 1269 2295 cibus
1282 2286 1291 2300 ,
1319 2260 1463 2293 cellulam
1475 2263 1688 2304 memorialem,
1717 2261 1828 2297 rectius
1841 2263 1921 2308 legit
1933 2263 2058 2297 Gratias,
2078 2264 2231 2304 Lux-:pist

1179 2322 1238 2344 nus
1264 2311 1462 2343 Memorialem
1489 2312 1632 2344 cucullam
1647 2337 1654 2344 .
1682 2312 1875 2356 Exponitin
1890 2313 2004 2347 litteris
2015 2313 2057 2348 ad
2075 2314 2102 2339 4·

1178 2360 1340 2393 Abbatem
1358 2360 1693 2395 Praemonstratensem
1705 2363 1812 2397 Sansti
1824 2363 1960 2396 Martini
1972 2363 2059 2397 Lau-

1181 338 1218 361 ro
1228 328 1288 360 suo
1308 327 1343 361 <Sc
1354 326 1480 370 populo
1501 323 1707 361 retrastume
1717 326 1920 365 Cluniacenfi
1936 337 2058 364 mona·-
2075 335 2112 364 A.
2122 335 2210 380 19725

2109 1059 2154 1089 ap.
2171 1062 2199 1086 γ.

1163 2410 1330 2453 ,dunt-niis
1345 2409 1380 2442 ln
1388 2411 1558 2444 nocentius
1578 2413 1691 2445 tertius
1705 2425 1711 2444 :
1738 2414 1890 2446 Cucullum
1901 2414 1945 2445 ad
1953 2425 2057 2447 memo-

1176 2465 1251 2492 riam
1265 2461 1416 2491 delaturus
1436 2484 1442 2490 .
1472 2461 1548 2493 Alia
1560 2460 1656 2494 lectio
1669 2460 1784 2496 habet:
1812 2461 2056 2505 Memorialesuae

1173 2508 1417 2552 praesumptionis
1429 2511 1572 2542 cucullam
1587 2536 1593 2542 .
1621 2511 1701 2545 Non
1723 2513 1884 2557 integram
1899 2512 2056 2547 monasti·

1174 2570 1245 2593 cam
1276 2558 1393 2591 vestem
1407 2583 1418 2599 ‚
1444 2558 1496 2592 sed
1514 2560 1618 2594 solum
1645 2563 1805 2605 capitium
1819 2587 1830 2602 ,
1855 2561 1942 2605 quod
1955 2562 2054 2595 Cucul-
2072 2577 2138 2610 [ᾧ
2151 2582 2209 2611 ‘³04-

1175 2612 1281 2643 lionem
1304 2610 1458 2642 Hermias
1480 2609 1713 2653 Zozomenus,
1736 2612 1771 2645 in
1785 2610 1867 2645 libro
1889 2612 1930 2645 de
1942 2622 2053 2646 mona·
2070 2623 2149 2648 c-r4.

1172 2659 1309 2695 chorum
1319 2657 1433 2692 habitu
1445 2658 1585 2701 Joannes
1596 2660 1763 2695 Cassianus
1775 2662 1927 2694 cucullam
1940 2685 1950 2701 ,
1971 2662 2053 2696 Floc-

1172 2711 1273 2744 cellum
1285 2718 1395 2743 autem
1406 2719 1502 2742 vocat
1515 2710 1549 2742 in
1561 2710 1675 2744 litteris
1695 2711 1734 2744 ad
1746 2711 1900 2744 Sanstum
1912 2711 2052 2747 Ivonem

1173 2761 1407 2795 Carnutensem
1433 2757 1633 2803 Episcopum
1645 2760 1819 2794 Goffredus
1840 2760 1954 2795 Abbas
1968 2761 2052 2796 Vin-

1175 2809 1356 2845 docinensis
1378 2821 1385 2840 ε
1414 2811 1546 2842 Domnus
1574 2811 1731 2843 Ernaldus
1753 2836 1764 2851 ,
1790 2821 1876 2853 quem
1903 2813 2053 2845 Decimum
2067 2806 2225 2846 10²·EPist·

1172 2858 1299 2899 vestrum
1311 2861 1413 2891 dicitis
1426 2882 1437 2897 ‚
1456 2857 1487 2898 fi
1485 2857 1542 2899 fibi
1557 2858 1720 2901 secundum
1726 2859 1872 2901 justitiam
1878 2862 2029 2904 placuzffet
2041 2885 2053 2902 ,
2068 2856 2094 2880 7·

1172 2910 1239 2950 teste
1253 2910 1388 2942 Floccello
1400 2909 1435 2940 de
1447 2915 1541 2950 capite
1550 2907 1604 2952 suo
1610 2910 1707 2950 potius
1725 2916 1757 2942 in
1770 2909 1864 2950 nostra
1875 2934 1886 2951 ‚
1912 2913 2003 2954 qudm
2019 2917 2052 2944 in

1172 2959 1268 2999 vestra
1276 2958 1353 3002 sorte
1393 2970 1512 2991 manere
1530 2958 1682 3001 debuisset.
1711 2961 1850 2994 Floccus
1870 2962 1972 2994 totius
1983 2972 2054 2997 cor-

1174 3010 1258 3052 poris
1270 3033 1280 3049 ,
1306 3008 1485 3042 Floccellus
1495 3007 1539 3041 est
1551 3008 1649 3042 solius
1669 3010 1786 3053 capitis
1799 3020 2025 3054 tegumentum
2036 3037 2044 3045 .

1174 3060 1250 3092 Erat
1273 3058 1396 3100 poenale
1419 3057 1561 3100 fignum,
1584 3058 1751 3094 Clericum
1762 3061 1883 3103 semper
1905 3061 2049 3106 adfigens

1172 3109 1289 3142 ultimo
1303 3108 1378 3141 loco
1389 3132 1400 3147 ,
1427 3107 1622 3150 reddensque
1634 3109 1838 3154 irregularem
1850 3109 1891 3144 ad
1902 3112 2049 3155 quamvis

1172 3157 1367 3202 dignitatem
1388 3181 1395 3188 .
1421 3157 1514 3191 Hinc
1535 3158 1671 3193 lvonem
1692 3184 1703 3200 ‚
1732 3160 1787 3205 qui
1809 3160 1827 3195 ὲ
1850 3161 2047 3195 monasterio

1174 3210 1342 3241 retractum
1359 3206 1536 3240 Ernaldum
1559 3208 1731 3252 reliquerat
1756 3210 1790 3243 in
1802 3212 1990 3245 Decanatus
2000 3209 2048 3242 di·

1173 3259 1300 3301 gnitate
1323 3282 1332 3296 ,
1360 3265 1452 3290 notat
1475 3256 1670 3292 Goffredus:
1698 3262 1798 3303 ,Quem
1821 3264 1970 3294 Dei-anum
1995 3268 2045 3291 ve-

1166 3306 1261 3345 strum
1278 3307 1395 3339 dicitis.
1424 3306 1515 3340 Hinc
1538 3306 1617 3341 item
1640 3308 1696 3343 ille
1708 3310 1814 3343 Sancti
1825 3307 1964 3344 Martini
1979 3306 2047 3339 Ab·

229 3354 320 3397 gavit
336 3379 343 3386 .
372 3354 530 3391 Eamdem
543 3358 737 3393 Hedenulfo
759 3359 967 3395 Laudunenfi
980 3359 1111 3404 Episco-
1174 3356 1252 3399 bas,
1278 3357 1333 3401 qui
1347 3356 1380 3390 in
1394 3357 1499 3393 Sancti
1514 3356 1689 3393 Vincentii-
1701 3357 1922 3395 Laudunenfis
1945 3357 2044 3398 Beneff

328 3404 435 3447 Cbrss.
452 3410 536 3451 Lupi
546 3413 632 3451 oper.
645 3412 723 3443 Tem.
738 3412 793 3442 Ill.

1522 3407 1550 3441 Ε
1574 3417 1595 3442 e
1619 3419 1638 3444 e
1687 3419 1710 3447 2
1907 3405 1997 3442 dissi-
