2340 3762
126 2113 219 2156 Apud*
236 2113 268 2144 S-

103 2160 222 2190 Hieron.

106 2196 189 2235 Epist.
196 2200 242 2229 60.

116 2811 198 2847 Cap*
210 2818 253 2839 ro.

365 159 459 205 350

287 238 360 267 tur,
385 228 420 262 id
430 226 476 262 est
490 250 502 268 ,
527 227 549 262 fi
561 225 634 273 quis
651 226 829 273 Episcopus
848 229 911 263 effe
933 236 1072 260 meretur
1084 249 1095 265 ‚
1119 225 1160 258 fit

283 276 391 322 primo
402 278 564 313 ostiarius
573 303 585 320 ‚
609 278 727 312 deinde
741 281 857 312 Lector
867 300 877 315 ‚
905 275 1014 317 postea
1027 275 1161 309 Exorci-

281 327 353 367 sta,
379 328 456 362 inde
473 326 681 371 Aoolythus,
708 325 952 365 subdiaconus,
978 323 1161 364 Diaconus,

281 376 457 421 Presbyter
467 402 480 420 ,
505 377 684 421 Episcopus
695 385 820 409 creetur
832 399 839 406 .
866 373 996 409 Vocem
1007 400 1017 416 ,
1037 376 1159 416 statuit,

282 427 434 463 existimo
461 430 523 462 esse
549 427 635 459 idem
656 446 666 461 ‚
693 424 783 466 quod
811 436 948 466 vocem,
975 430 1158 468 Innovavit‚

282 478 395 522 utique
407 475 634 520 Apostolicum
647 473 820 509 Canonem
832 501 841 515 ,
853 475 871 508 a
883 488 933 510 tot
950 476 1157 518 postmodum

283 527 424 571 synodis
449 534 542 566 atque
567 523 765 567 Apostolicae
790 526 883 559 Sedis
909 526 1069 566 Decretis,
1104 529 1159 561 sua

282 579 398 620 cuique
409 574 530 609 Ordini
542 584 688 618 tempora
699 586 797 619 atque
811 576 979 610 interstitia
993 578 1158 621 adsignan-

281 627 390 664 tibus,
418 625 591 668 repetitum
617 625 652 658 δε
672 626 922 661 confirmatum.
950 626 1045 661 Licet
1068 627 1158 662 enim

279 672 560 710 Subdiaconorum
587 687 625 709 ac
648 676 787 710 aliorum
810 678 1001 711 inferiorum
1015 669 1160 712 Clerico-

277 736 351 759 rum
363 724 473 759 nullus
483 726 516 759 in
530 725 592 760 suis
609 727 742 769 Scriptis
753 727 933 771 Apostolus
946 729 1136 762 meminerit
1148 752 1159 768 ‚

276 775 456 810 meminere
480 786 592 810 tamen
613 786 728 811 eorum
758 778 901 822 proximi
939 779 1159 819 Succeffores‚

278 828 394 870 utique
406 838 448 861 ex
459 825 606 861 dostrina
632 828 666 861 &
677 827 857 863 traditione
878 828 1113 874 Magius-orum
1126 854 1133 861 .

327 877 466 922 Opponi
479 889 589 912 tamen
599 877 719 921 poffint
729 880 883 923 exempla<
895 881 980 913 varia
993 878 1159 914 suadentia

276 926 381 972 longe
393 928 482 962 aliud
491 953 499 960 .
528 929 664 963 Etenim
673 927 715 963 de
726 931 844 964 Sancto
857 929 1027 974 Cypriane
1049 930 1068 963 ἐ
1079 941 1162 964 cate·

277 977 450 1012 ehumenis
471 978 511 1013 ad
523 979 759 1024 Episcopatum
773 982 884 1014 evecto
905 980 1015 1014 scribit
1036 981 1072 1014 in
1093 979 1161 1022 ejus

277 1030 349 1063 vita
368 1028 511 1064 Pontius
533 1030 706 1064 Diaconus
729 1028 1012 1075 Carthaginenfis:
1040 1030 1161 1067 Presby-

277 1085 389 1113 terium
415 1081 450 1114 ό·
471 1082 671 1114 Sacerdotium
686 1080 791 1120 statim
811 1086 920 1122 accepit
944 1104 952 1111 .
981 1082 1062 1122 ,Quis
1082 1085 1161 1113 enim

277 1141 339 1164 non
350 1142 449 1164 omnes
459 1129 600 1163 bonorum
607 1132 724 1173 gradus
734 1131 863 1163 crederet
873 1130 928 1163 tali
938 1128 1035 1163 mente
1044 1130 1164 1164 creden·

277 1182 330 1214 ti?
354 1183 452 1214 Multa
457 1179 552 1222 siant,
577 1190 645 1220 quae
657 1178 756 1212 adbuc
769 1180 908 1221 Plebejus
920 1192 934 1221 ;
960 1181 1053 1213 multa
1066 1205 1077 1221 ‚
1097 1190 1163 1224 quae

278 1230 435 1270 Presbyter
438 1230 515 1271 fecit
525 1254 532 1261 .
561 1228 640 1263 Haec
652 1227 817 1264 antithesis
829 1229 1052 1264 demonstrare
1076 1229 1163 1264 vide-

281 1289 334 1315 tur
344 1291 419 1314 eum
430 1279 447 1313 ἐ
459 1277 591 1321 Psebejo
618 1281 672 1314 seu
684 1280 768 1314 laico
780 1281 873 1314 fuisse
884 1281 1000 1315 mediis
1011 1280 1163 1326 gradibus

281 1330 404 1365 omissis
425 1329 656 1372 Presbyterum
676 1329 885 1365 ordinatum.
914 1330 959 1364 Et
984 1330 1027 1366 de
1046 1331 1164 1365 Sandio

281 1381 473 1427 Augustino
495 1379 513 1413 ὲ
534 1380 627 1413 laicis
647 1392 704 1423 per
721 1381 864 1415 subitum
891 1382 1030 1416 violenti
1052 1380 1164 1425 populi

282 1442 410 1475 raptum
424 1429 617 1471 Presbytero
629 1430 741 1464 scribit
754 1431 888 1464 Sanfius
910 1431 1071 1465 Poffidius
1089 1431 1166 1474 Epi-

209 1485 219 1496 *
283 1483 400 1525 scopus
411 1479 630 1526 Calarnensis:
659 1482 740 1512 Eum
750 1489 930 1521 tenuerunt,
956 1482 991 1514 (9
1010 1489 1043 1514 ut
1054 1485 1086 1513 in
1097 1481 1166 1513 tali-

282 1531 341 1566 bus
351 1528 516 1572 consuetum
526 1528 564 1568 est
575 1552 586 1568 ‚
612 1533 642 1561 E
641 1530 758 1572 pifiopo
770 1531 970 1563 ordinandum
980 1530 1143 1564 intulerunt
1155 1554 1166 1570 ‚

284 1580 417 1613 omnibus
430 1581 466 1611 id
473 1589 531 1611 uno
542 1575 678 1619 consensu
704 1580 738 1611 (Ὗ
750 1578 888 1618 dofi'derio
896 1579 964 1620 fieri
975 1602 986 1617 ,
1007 1578 1167 1621 perficique

281 1628 476 1673 petentibus,
505 1637 667 1671 magnoque
670 1626 769 1668 studio
794 1629 829 1661 &v
856 1628 978 1661 clamore
993 1627 1168 1670 postulanti-

284 1681 339 1714 bus
351 1705 359 1712 .
388 1682 433 1712 Et
445 1689 542 1712 eorum
553 1687 622 1711 tunc
635 1701 646 1717 ,
671 1685 704 1711 ut
729 1678 886 1711 voluerunt
899 1701 910 1717 ,
935 1678 1107 1720 completum
1126 1677 1165 1719 est

284 1729 475 1771 desiderium.
505 1727 663 1762 Notanda
685 1728 759 1762 sunt
784 1727 877 1762 verba
889 1751 900 1768 ‚
929 1732 968 1761 Ut
992 1735 1025 1762 in
1057 1728 1167 1763 talibus

285 1777 450 1822 consuetum
474 1776 513 1818 est
533 1790 544 1810 .·
580 1777 770 1811 Ostendunt
804 1777 965 1819 ejusmodi
995 1778 1098 1814 laicos
1127 1779 1168 1813 ad

283 1827 550 1873 presbyteratum
586 1835 642 1860 aut
664 1826 766 1860 alium
791 1827 987 1870 superiorem
1021 1828 1170 1862 Ecclesiae

285 1877 423 1925 gradum
434 1878 452 1911 ὲ
472 1877 595 1922 populo
609 1886 717 1921 raptos
727 1878 892 1911 consuesse
902 1888 984 1912 mox
1002 1878 1037 1912 in
1051 1877 1170 1912 instan-

282 1931 316 1968 'ti
326 1930 366 1964 ad
380 1928 518 1975 gradum
529 1927 625 1961 istum
637 1927 654 1960 a
665 1927 809 1970 praesenti
819 1926 983 1970 Episcopo
1004 1929 1166 1962 consecra·

287 1980 316 2015 xi
328 2005 336 2012 .
354 1979 456 2013 >Hinc
469 1978 559 2026 enim
569 1977 603 2010 δε
613 1976 654 2010 de
669 1976 868 2010 Pauliniano
881 1977 990 2011 Sancti
1002 1978 1170 2022 Hierony-

287 2031 334 2065 mi
347 2039 506 2076 germano
517 2028 613 2062 fratre
624 2026 734 2061 scribit
743 2026 783 2061 ad
796 2027 958 2071 Joannem
980 2027 1174 2072 Hierosoly·

288 2092 350 2116 mae
374 2080 575 2124 Episcopum
594 2078 728 2112 sanstus
742 2076 948 2121 Epiphanius
971 2078 1171 2123 Cypriorum
1193 2074 1196 2078 ’

287 2130 506 2174 Metropolita
521 2141 534 2162 :>
556 2131 746 2172 Ignorantem
756 2138 821 2161 eum
833 2152 844 2168 ,
869 2130 1027 2163 &nullam
1047 2131 1170 2172 penitus

289 2181 445 2215 habentem
452 2178 645 2224 suspicionem
660 2186 717 2221 per
727 2179 829 2211 multos
843 2182 986 2212 Diaconos
1010 2180 1172 2222 apprehen-

289 2233 324 2266 di
336 2232 491 2274 fflffimm,
515 2231 550 2264 (⁸5
569 2235 665 2263 teneri
686 2241 718 2262 os
739 2231 808 2270 ejus
823 2252 836 2269 ,
859 2241 896 2263 ne
908 2229 994 2272 forte
1006 2230 1129 2263 liberari
1137 2229 1171 2273 se

289 2288 409 2325 cupiens
421 2282 579 2323 adjuraret
591 2291 642 2313 nos
649 2288 706 2321 per
717 2290 821 2313 nomen
832 2279 963 2320 Christi,
998 2281 1170 2322 &primum

290 2337 455 2366 Diaconum
465 2332 669 2364 ordinavimus
682 2355 692 2371 ,
715 2338 909 2372 proponentes
920 2336 946 2364 ei
956 2336 1089 2365 timorem
1100 2334 1170 2370 Dei,

291 2383 540 2425 &compellentes
553 2390 586 2414 ut
603 2379 798 2421 ministraret.
826 2382 924 2415 Valde·
932 2386 1011 2413 enim
1021 2380 1171 2414 obniteba-

290 2442 341 2466 tur
355 2458 366 2474 ,
392 2430 588 2476 indignumse
598 2431 757 2472 contestans
767 2456 774 2462 .
805 2434 851 2463 Et
861 2431 925 2464 crim
939 2430 1118 2470 ministraret
1138 2437 1171 2463 in

289 2482 404 2527 [andis
426 2482 582 2524 sacrificiis
597 2504 607 2521 ,
631 2486 741 2524 ingenti
752 2482 924 2523 difficultate
932 2489 1014 2514 tento
1023 2492 1071 2515 ore
1082 2483 1147 2522 ejus
1160 2505 1170 2521 ,

292 2535 503 2568 ordinavimus
517 2532 738 2570 Presbyterum.
767 2531 878 2566 Voces
890 2554 901 2571 ‚
920 2532 1055 2564 Primum
1068 2535 1171 2564 Diaco-

293 2596 367 2618 num
390 2584 596 2616 ordinavimus
617 2605 628 2621 ,
653 2581 787 2615 edicunt
807 2582 948 2625 primum
970 2580 1170 2615 Pauliniano

293 2633 479 2678 impreffum
501 2631 665 2665 Ordinem
689 2630 782 2665 fuisse
803 2631 1029 2673 Diaconaturn
1050 2656 1059 2663 .
1102 2631 1170 2665 Cur

294 2685 362 2729 ejus
373 2682 611 2727 adjurationem
622 2681 770 2715 timuerit
781 2705 792 2721 ,
819 2681 959 2723 ideoque
969 2681 1018 2715 illi
1038 2692 1076 2716 os
1088 2681 1172 2715 clau-

295 2736 366 2769 sum
389 2745 445 2778 per
474 2732 648 2765 Diaconos
676 2730 780 2765 teneri
801 2731 923 2774 jusserit
946 2731 1172 2775 Epiphanius,

295 2785 396 2819 disces
407 2796 448 2819 ex
464 2781 528 2816 hoc
539 2781 643 2815 Sanffi
656 2780 765 2814 Basilii
779 2781 818 2814 ad
830 2782 985 2815 Sanstum
999 2780 1173 2825 Amphilo-

294 2833 409 2871 chium
421 2834 581 2869 Canone:
610 2833 674 2875 ,Qui
689 2833 797 2873 jurant
812 2829 847 2874 se
869 2833 1094 2865 ordinationem
1115 2842 1173 2864 non

297 2886 457 2920 admittere
478 2908 489 2924 ‚
515 2885 663 2924 ejerantes
686 2892 744 2914 non
764 2890 903 2925 cogantur
922 2884 1081 2923 pejerare.
1107 2881 1173 2914 Fir-

298 2947 391 2970 mum
418 2946 456 2969 ac
467 2932 678 2968 reverendum
688 2926 752 2966 effe
763 2931 808 2965 ait
818 2931 999 2965 istiusmodi
1019 2931 1174 2974 juramen-

299 2995 369 3020 tum
382 3011 389 3017 .
416 2985 522 3019 Sancii
535 2982 668 3026 Ioannis
679 2980 906 3025 Chrysostomi
918 2982 1018 3014 vitam
1028 2980 1175 3017 accurate

300 3035 479 3070 admodum
501 3032 686 3067 describunt
708 3032 871 3076 Georgius
891 3029 1077 3065 Patriarcha
1101 3031 1177 3064 Ale·

300 3084 479 3119 xandrinus
491 3108 500 3124 ,
527 3086 671 3127 Symeon
690 3082 950 3126 Metaphrastes‚
975 3093 1014 3116 ac
1034 3081 1103 3115 Leo
1115 3081 1177 3114 lm-

302 3144 430 3178 perator
443 3149 453 3167 .·
480 3135 607 3167 Omnes
625 3131 774 3167 adserunt
793 3132 812 3165 a
831 3131 972 3166 Zenone
991 3130 1176 3174 Tyriorum

303 3183 515 3225 Metropolim
527 3184 710 3224 Leitorem,
737 3183 755 3216 ὲ
765 3182 880 3216 Soneio
890 3181 1032 3215 Meletio
1043 3181 1178 3214 Patriar-

304 3232 366 3267 cha
379 3231 591 3266 Antiocheno
602 3233 794 3267 Diaconum
809 3258 819 3273 ‚
844 3232 862 3265 a
876 3232 1038 3266 Flaviano
1049 3230 1177 3265 Meletii

306 3282 488 3317 Successore
507 3282 693 3315 ordinatum
713 3282 805 3317 fuisse
826 3281 1057 3324 Presbyterum
1072 3304 1084 3321 ‚
1109 3280 1179 3314 nul-

308 3333 438 3373 lamque
456 3329 714 3365 Subdiaconatus
726 3333 851 3366 faciunt
862 3333 1067 3366 mentionem
1079 3356 1086 3363 .
1115 3331 1180 3365 Eo-

308 3383 384 3416 dem
406 3379 487 3414 saku
509 3386 697 3422 promotum
721 3383 872 3414 sanetum
895 3380 1102 3424 Eutychium
1121 3380 1180 3414 Pa-

877 140 1506 195 Dls'seztrirro

1222 224 1436 263 Laurentium
1448 228 1578 264 Surium
1587 226 1759 273 Presbyter
1769 231 1933 272 Eustatius
1944 263 1952 271 .
1980 238 2092 275 Etiam

1223 276 1393 311 laudatum
1419 279 1521 323 Cypri
1549 280 1798 324 Metropolitam
1834 282 2056 330 Epiphaniam
2079 312 2093 331 ,

1224 328 1342 361 laicum
1363 325 1470 364 adhuc
1493 329 1689 366 monachum
1716 356 1728 372 ‚
1753 331 1965 368 reluctantem
1987 346 2027 371 ae
2047 349 2094 373 re-

1223 377 1439 420 clamantem,
1465 384 1538 415 Non
1550 383 1663 420 Pater,
1687 392 1746 415 non
1764 379 1834 425 sum
1855 384 2012 426 Clericus,
2037 394 2096 422 tra-

1223 427 1275 461 Ciu
1297 437 1366 461 uno
1385 429 1596 472 Diaconum,
1623 429 1873 475 Presbyterum,
1898 443 1997 478 atque
2020 435 2113 479 Epi--

1222 477 1353 519 scopum
1363 479 1527 516 ordinavit
1539 481 1669 525 Pappus
1678 481 1790 518 Citriae
1812 483 1990 528 Episcopus
2004 508 2016 525 ,
2039 484 2103 520 mi-

1225 539 1319 562 nores
1329 529 1473 566 Ordines
1497 544 1535 566 ac
1546 530 1825 568 Subdiaconatum
1836 534 2015 568 transiliens
2026 558 2037 574 ‚
2048 535 2099 569 uti

1223 578 1257 611 in
1287 577 1375 613 illius
1407 580 1472 616 vita
1494 583 1588 617 refert
1610 582 1788 627 discipulus
1807 584 1966 627 Ioannes.
1994 585 2038 618 Et
2056 582 2098 618 de

1226 629 1436 664 Marcianum
1461 632 1579 666 laicum
1591 632 1794 667 monachum
1814 632 2014 669 visitantibus
2030 633 2101 668 Fla-

1226 680 1324 714 viano
1347 679 1561 716 Antiocheno
1577 706 1587 722 ,
1614 681 1740 718 Acacio
1762 682 1953 718 Berrhaeenfi
1967 707 1978 724 ,
2004 683 2101 717 Euse-

1225 729 1278 762 bio
1299 728 1525 771 Chalcidensi,
1553 732 1739 768 Theodoro
1758 733 2032 778 Hierapolitano,
2061 743 2102 769 ac

1224 779 1346 814 Isidoro
1367 781 1504 824 Cyrensi
1527 782 1697 827 Episcopis
1722 783 1831 818 scribit
1854 785 1890 818 in
1921 782 2107 819 monastica.

1225 830 1357 864 historia
1368 830 1465 874 hujus
1476 832 1642 867 Successor
1652 831 1885 869 Theodoretus
1897 848 1909 868 .·
1934 835 2012 868 Cum
2032 832 2108 877 sur-

1222 882 1359 924 rexissent
1385 882 1419 915 &¹
1439 883 1562 926 orassent
1575 907 1586 923 ,
1613 895 1734 926 eumque
1755 885 1941 920 sacerdotem
1961 885 2103 918 ordinare

1224 930 1334 963 vellent
1355 954 1367 971 ,
1401 943 1510 971 manus
1531 942 1632 966 tamen
1655 935 1811 968 admovere
1843 945 1901 967 non
1923 934 2076 968 audebant
2089 958 2102 974 ,

1225 989 1314 1022 atque
1324 978 1376 1014 hoc
1386 981 1492 1022 illum,
1518 983 1568 1015 illo
1578 982 1653 1016 bunc
1676 983 1875 1025 adhortante,
1900 985 1971 1017 dum
1991 994 2109 1018 mona-z

1226 1030 1326 1065 chum
1336 1052 1355 1072 2
1377 1041 1474 1075 quem
1488 1031 1628 1065 invitum
1639 1043 1760 1067 norant
1769 1058 1780 1073 ‚
1791 1034 1919 1067 reveriti
1932 1032 2110 1077 recusaffent.

1225 1092 1325 1115 omnes
1337 1104 1350 1120 ,
1373 1079 1530 1122 reinfella
1545 1079 1698 1124 difi‘edunt
1713 1106 1721 1114 .
1747 1081 1860 1116 Subita
1886 1093 1926 1116 ac
1953 1084 2113 1126 impr-ovis*
2130 1116 2132 1123 ,

1229 1133 1259 1164 sa
1276 1139 1394 1164 manus
1404 1129 1613 1175 impositione
1624 1141 1775 1175 putarant
1787 1134 1892 1166 virum
1911 1133 1929 1166 ὲ
1941 1132 2029 1167 laico
2049 1132 2114 1168 sta-2

1228 1182 1289 1215 tim
1313 1180 1544 1224 Presbyterum
1565 1183 1752 1217 consecrare
1764 1207 1771 1215 .
1783 1187 1787 1191 “
1801 1182 1850 1217 lta
1871 1182 1958 1217 idem
1970 1176 2113 1217 Patria}-

1227 1230 1289 1266 cha
1300 1231 1479 1266 Flavianus
1487 1230 1727 1267 Macedonium
1736 1257 1747 1273 ,
1771 1230 2019 1268 Anachoretam
2030 1233 2109 1268 San-

1227 1284 1337 1324 stum,
1362 1281 1409 1316 ast
1423 1280 1578 1316 rusticum
1588 1293 1687 1326 atque
1699 1283 1888 1326 imperitum
1903 1308 1914 1324 ‚
1938 1285 1976 1317 de
1987 1288 2114 1324 monti&
2125 1270 2198 1309 (3²9⁶
2215 1278 2262 1307 ¹3⁸

1228 1333 1263 1366 in
1277 1343 1346 1378 quo
1356 1331 1499 1377 degebat
1509 1357 1521 1374 ,
1547 1338 1660 1366 vertice
1667 1341 1723 1375 per
1730 1331 1857 1376 speciem
1866 1333 1988 1373 objeaeae
1997 1331 2115 1377 accusa*

1228 1388 1317 1416 tionis
1336 1382 1487 1423 abduxit,
1514 1384 1550 1417 (5
1573 1380 1631 1426 sub
1657 1383 1798 1424 mysticum
1818 1382 1998 1427 sacrificium
2011 1384 2113 1418 Alton

1228 1434 1364 1467 admovit
1383 1457 1395 1473 ‚
1440 1438 1647 1475 coaptavitque
1672 1439 1706 1466 in
1732 1445 1885 1468 numerum
1901 1435 2088 1468 sacerdotum
2099 1447 2112 1466 .’

1229 1483 1360 1525 Cumque
1380 1483 1507 1523 perac‘la
1533 1484 1657 1525 liturgia
1678 1482 1730 1515 boc
1750 1484 1795 1515 illi
1816 1484 1940 1525 quidam
1961 1484 2111 1527 indicaffet·

1227 1531 1412 1576 (ignorabat
1424 1537 1503 1566 enim
1509 1533 1635 1576 prorsus
1648 1533 1725 1575 quid
1732 1533 1848 1576 egissent
1855 1535 1878 1571 λ
1901 1535 2033 1583 primum
2043 1538 2112 1576 qui-

1230 1584 1299 1614 dem
1310 1586 1451 1614 convitiis
1463 1580 1620 1623 verbisque
1633 1581 1747 1623 asperis
1767 1581 1909 1624 proscidit
1929 1581 2083 1625 universos
2094 1595 2115 1624 ‚²

1230 1630 1338 1663 deinde?
1347 1636 1487 1671 arrepto,
1511 1640 1568 1671 quo
1577 1635 1702 1662 innixus
1723 1638 1845 1671 propter
1863 1628 1977 1673 sentum
1998 1632 2118 1665 incede-

1231 1680 1286 1713 bat
1299 1704 1311 1721 ,
1336 1678 1435 1712 baculo
1453 1679 1623 1720 Pontificem
1632 1677 1729 1722 ipfhm
1740 1687 1776 1712 ae
1787 1681 1861 1713 alios
1872 1703 1883 1720 ,
1909 1686 1960 1723 qui
1970 1682 2114 1723 aderant,

1232 1728 1447 1774 insecutusesl,
1473 1730 1701 1763 Ordinationem
1723 1729 1800 1764 banc
1821 1739 1907 1764 ratus
1921 1730 1978 1773 fibi
2001 1736 2113 1764 montis

1231 1786 1372 1815 verticem
1382 1788 1573 1823 optatamque
1583 1778 1797 1814 habitationem
1820 1788 1991 1822 erepturam
2000 1807 2007 1814 .
2028 1781 2113 1815 -Sin·

1232 1831 1318 1874 gulis
1355 1830 1526 1865 succeffive
1552 1828 1786 1865 Ecclefiasticis
1820 1830 1973 1876 gradibus
1995 1841 2118 1875 nequae-

1232 1889 1329 1924 quam
1344 1880 1516 1925 insignitus
1529 1881 1593 1915 fuit
1605 1879 1894 1916 iste2Maced0nius
1903 1906 1914 1922 ‚
1930 1881 1982 1915 sed
1993 1879 2119 1920 subita,⁴

1233 1929 1410 1974 simplicem
1436 1931 1590 1974 Episcopi
1628 1930 1887 1965 benediffionem
1923 1930 2114 1971 simulante,

2117 808 2190 848 Cap.
2207 816 2234 846 3.

1222 1991 1332 2015 manu
1343 1981 1377 2015 in
1389 1980 1622 2024 Presbyterum
1628 1981 1764 2014 evetius
1776 1992 1784 2012 :
1810 1979 1977 2022 Alioquin
1990 1980 2112 2015 variam

1232 2031 1265 2068 δε
1285 2031 1422 2076 longam
1444 2032 1610 2065 variorum
1622 2031 1754 2063 *rituum
1766 2038 1959 2072 paraturam
1970 2029 2122 2064 omnin&

1234 2081 1415 2115 advertisset
1436 2103 1448 2119 ,
1484 2078 1710 2122 habuissetque
1745 2078 1810 2112 five
1834 2088 1948 2112 notam
1981 2077 2045 2112 five
2070 2076 2113 2113 ad

1233 2131 1343 2165 minus
1355 2130 1538 2174 suspectam.
1558 2129 1601 2163 Et
1613 2127 1653 2163 de
1665 2128 1836 2172 Acepsima
1847 2127 2014 2163 monacho
2024 2140 2113 2163 eum-

1234 2181 1309 2215 dem
1333 2181 1369 2215 in
1401 2177 1540 2213 modum
1563 2179 1754 2213 consecrato
1777 2178 1973 2222 Presbytero
2007 2179 2115 2224 pergit
2287 2205 2290 2207 .

1235 2229 1489 2265 Theodoretus:
1518 2229 1652 2262 Genibus
1658 2228 1749 2269 flexis
1758 2227 1947 2272 exspecqabat
1954 2235 2089 2273 gratiam
2098 2251 2110 2270 ,
2130 2221 2203 2259 c⁸²1²·
2218 2228 2251 2258 15
2254 2239 2262 2249 ·

1237 2279 1400 2325 Episcopus
1422 2290 1544 2312 manum
1568 2285 1722 2321 imponens
1741 2276 1866 2321 spiritui
1879 2279 2114 2321 famulabatur.

1233 2330 1369 2370 Voces,
1391 2328 1482 2370 flexis
1492 2329 1642 2373 genibus,
1665 2328 1928 2363 evincuntillum
1951 2330 2045 2363 fuisse
2055 2329 2122 2362 sta·-

1231 2383 1292 2415 tim
1314 2382 1473 2415 sacratum
1494 2380 1530 2413 in
1554 2379 1801 2422 Presbyterum:
1830 2378 2000 2412 Diaconus
2020 2378 2113 2413 enim

1233 2443 1300 2465 non
1323 2440 1483 2474 utroque,
1507 2429 1562 2463 sed
1583 2428 1686 2463 altero
1706 2428 1877 2462 dumtaxat
1899 2439 1987 2473 genu
2010 2428 2113 2462 flexus

1234 2480 1462 2525 Episcopalem
1493 2480 1557 2512 suae
1578 2478 1809 2513 ordinationis
1830 2489 1966 2511 manum
1987 2479 2113 2521 semper

1231 2530 1316 2575 apud
1337 2530 1469 2564 Graecos
1481 2529 1605 2572 accepit
1616 2553 1624 2562 .
1653 2528 1864 2571 Prosequitur
1875 2527 2125 2563 Theodoretus

1231 2580 1270 2614 de
1282 2580 1452 2622 Salamaue
1463 2576 1628 2613 monacho
1640 2578 1786 2613 incluso:
1814 2582 1964 2612 Civitatis
1975 2567 2165 2619 Ansfies,.c·
2179 2576 2223 2603 ¹9·

1230 2638 1344 2675 cognita
1356 2635 1562 2668 virivirtute,
1586 2629 1748 2670 sacerdotii
1759 2629 1867 2662 donum
1888 2634 2043 2670 impartire
2063 2629 2120 2661 illi-

1231 2687 1350 2724 cupiens
1359 2681 1403 2714 ad
1414 2691 1479 2714 eum
1489 2684 1593 2719 venit,
1620 2681 1655 2714 ὀ·
1675 2678 1799 2719 effrabla
1820 2679 2000 2712 domunculae
2016 2685 2109 2720 parte

1231 2732 1369 2775 ingressus
1384 2730 1424 2772 est
1436 2754 1446 2771 ‚
1469 2734 1721 2772 precationemque
1732 2734 1847 2773 peregit
1867 2727 2110 2769 Presbyter-atus
2160 2758 2166 2764 ,

1233 2781 1465 2825 impreffivam.
1493 2779 1605 2813 Etiam
1626 2780 1777 2813 Sanctum
1799 2777 1972 2811 Caesarium
1994 2787 2111 2810 mona·
2129 2761 2269 2836 ngu‘·

1233 2830 1332 2865 chum
1339 2830 1423 2874 fuisse
1434 2830 1510 2861 illico
1515 2828 1647 2869 primum
1658 2829 1818 2860 Diaconum
1829 2850 1839 2866 ‚
1867 2827 1974 2860 deinde*
1985 2824 2108 2868 Presby-
2121 2842 2124 2851 ν

1232 2891 1328 2915 terum
1348 2880 1517 2911 ordinatum
1538 2877 1669 2911 test‘atur
1691 2876 1759 2919 ejus
1772 2877 1838 2910 vita
1852 2900 1859 2908 .
1888 2875 2023 2910 Adduci
2038 2876 2111 2919 pos-

1234 2932 1293 2965 sint
1304 2928 1393 2973 plura
1413 2926 1572 2971 ejusmodi
1595 2926 1762 2970 exempla.

1285 2979 1484 3023 Respondeo
1504 2977 1560 3012 illa
1581 2988 1649 3011 non
1665 2976 1759 3021 plene
1778 2975 1927 3010 evincere
1939 3001 1947 3008 .
1973 2974 2122 3011 Etenim*

1235 3031 1350 3065 Sancto
1373 3028 1545 3072 Cypriane
1566 3027 1658 3060 fuisse
1678 3024 1817 3060 omnine>
1840 3027 1960 3060 fastum
1974 3025 2111 3066 beredo,

1238 3080 1328 3124 quod
1351 3079 1500 3112 similiter
1519 3076 1620 3111 eletio
1641 3076 1758 3110 Sancto
1778 3076 1957 3110 Ambrosio
1991 3077 2112 3112 fastum

1234 3130 1345 3165 scribit
1356 3129 1391 3162 in
1401 3128 1470 3171 ejus
1485 3127 1549 3161 vita
1568 3125 1726 3160 Paulinus
1748 3126 1937 3170 Presbyter:
1965 3127 2114 3167 Baptiza-

1235 3191 1285 3215 rus
1298 3179 1402 3222 fertur
1413 3183 1512 3211 omnia
1534 3175 1726 3218 Ecclefiaslica
1750 3176 1841 3217 officia
1854 3175 1995 3219 impleffe‚
2020 3184 2114 3217 atque

1235 3231 1341 3263 oelava
1352 3230 1400 3262 die
1412 3226 1574 3271 Episcopus
1596 3228 1752 3260 ordinatus
1772 3226 1828 3267 est.
1857 3225 1985 3259 Eodem
2008 3223 2108 3258 modo

1238 3280 1427 3315 Nestarium
1446 3278 1464 3312 ὲ
1497 3276 1737 3312 catechumeno
1774 3272 2112 3317 Constantinopolita-

1242 3342 1322 3364 num
1334 3330 1532 3372 Episcopum
1548 3326 1674 3369 antiqui
1689 3325 1863 3370 Scriptores
1876 3350 1887 3365 ,
1913 3334 1971 3358 nec
1983 3332 2051 3355 non
2075 3322 2113 3355 δε

1239 3380 1384 3414 nostrum
1398 3375 1618 3422 Neophytum
1633 3374 1792 3410 Photium
1811 3375 1901 3408 fiiisfe
1923 3381 2112 3415 promotum

309 3429 480 3468 triarcham
511 3427 920 3471 Constantinopolitanum
942 3432 1074 3465 testatur
1096 3429 1180 3474 apud
1240 3430 1396 3466 testantur
1410 3428 1544 3463 Nicetas
1556 3425 1725 3471 Paphlago
1749 3420 1946 3465 &synodus
1961 3422 2117 3466 praesens-

2019 3469 2071 3507 Ira
