2340 3762
627 187 934 246 Scironis,
970 200 1037 231 er
1070 165 1268 233 blons
1295 178 1681 238 ἰιιυετνξριιτῗιρ-

450 326 478 382 S
512 346 540 379 c
576 345 607 377 a
641 326 674 376 o
707 343 732 377 ι
767 346 785 378 1
818 345 848 376 o
881 339 938 373 N-

243 459 386 637 “E
400 469 596 524 Celefiastici
621 479 777 514 eanones
800 476 943 524 legitimi
968 477 1052 512 reete
1075 485 1133 509 vo·

247 539 252 545 ’·
390 536 403 542 ”
422 537 539 563 cantur
559 527 679 563 Divini
703 554 710 561 .
738 528 806 573 Eos
832 531 971 573 namque
997 528 1131 562 Sanetus

248 605 253 608 .
396 608 401 612 ,
423 577 494 612 Leo
516 578 661 624 Magnus
683 579 716 613 in
729 578 843 615 litteris
870 578 910 612 ad
925 578 1131 613 Anastasmm

422 626 747 665 Thessalonicensem
757 628 957 674 Episcopum
971 626 1055 663 dicit
1067 629 1130 663 elle

79 655 166 695 Epist‘
188 660 234 694 ⁸4⁰
247 674 363 717 'spiritu
378 680 433 711 Det
441 681 573 713 conditos
601 681 635 714 (5
649 685 739 713 totius
761 679 866 712 mundi
878 685 1048 713 reverentia
1065 689 1132 712 con-

77 705 105 728 ι.
128 707 155 727 2.

72 1648 139 1684 Ast.
159 1662 187 1682 ι.

69 1838 134 1874 A&-
162 1850 191 1871 ι.

244 724 373 770 secrato-5
390 753 397 759 -
427 727 554 764 Verum
573 728 938 773 Constantinopolitani
957 755 969 771 ,
994 728 1131 764 Chalce-

246 776 411 815 donenses
438 803 450 820 ,
477 780 624 825 vulgares
648 780 834 824 Apostolici
861 803 873 820 ‚
898 779 933 813 ὅ(
957 779 1129 822 praesertim

248 824 408 861 Trullani
429 829 603 868 canones,
629 840 712 873 quos
733 828 927 874 Apostolica
953 826 1051 863 Sedes
1072 826 1130 861 du-

249 875 331 910 dum
351 874 470 919 abjecit
490 901 501 917 ,
526 877 626 922 longe
651 878 769 912 absunt
795 877 837 912 ab
861 877 920 910 ista
945 877 1127 921 dignitate.

248 923 376 958 Eorum
386 925 545 967 quosdam
563 937 733 970 nunquam
747 951 757 967 ,
783 926 941 969 quosdam
956 925 1128 961 dumtaxat

244 971 478 1018 dispensatori&
496 977 606 1010 coassa
632 975 760 1011 admifit
779 1001 786 1007 .
825 974 929 1010 Porro
954 976 989 1010 &
1014 987 1129 1011 omnes

246 1021 452 1067 Trullanos,
477 1026 512 1060 ἀ
530 1025 676 1072 singulos
696 1026 730 1060 in
756 1025 825 1070 ejus
849 1026 956 1069 primo
968 1028 1128 1071 expressos

241 1073 405 1110 ¹Canones
431 1077 562 1120 praesens
587 1076 697 1111 noster
722 1076 897 1112 confirmat
920 1100 933 1117 ‚
959 1087 1058 1121 atque
1083 1077 1127 1111 ita

242 1124 391 1160 omnino
410 1126 558 1162 excedit.
598 1127 688 1164 Nam
715 1127 749 1162 δε
769 1126 819 1161 hae
838 1137 937 1163 voces
959 1151 972 1168 ‚
995 1130 1128 1161 Immun-

243 1174 311 1209 lata
326 1183 528 1219 permanent,
555 1176 743 1221 improbant
756 1177 996 1212 Trullanorurn
1018 1177 1128 1212 Cano-

242 1235 329 1260 num
348 1225 465 1261 fastam
489 1227 508 1262 ὲ
531 1226 754 1263 Constantino
775 1226 862 1272 Papa
873 1226 1103 1263 discretionem
1115 1252 1127 1269 ,

242 1276 529 1321 quorumdamque
539 1278 710 1313 dumtaxat
736 1276 1006 1313 ratihabitionem
1017 1303 1024 1310 .

294 1324 531 1369 Epitimiorum
552 1328 703 1362 meminit
725 1329 824 1364 etiam
835 1328 955 1364 Canon
982 1328 1128 1363 decimus

244 1373 352 1410 sextus
377 1400 389 1416 ,
414 1377 450 1411 ὅ(
476 1378 516 1411 ad
544 1378 717 1421 Synodum
742 1380 889 1413 octavam
916 1378 1051 1420 supplex
1073 1403 1085 1419 ,
1110 1377 1128 1411 ὲ

242 1421 416 1459 schismate
437 1423 608 1461 Photiano
628 1427 752 1460 rediens
781 1449 792 1465 ,
817 1427 904 1459 dixit
924 1425 1128 1459 Theodorus

243 1472 386 1517 Synopae
413 1474 594 1518 Episcopus
613 1488 621 1508 ι
648 1480 722 1509 Non
737 1474 832 1518 solum
854 1478 1015 1516 Epitt‘miis
1042 1477 1127 1519 digni

237 1521 366 1567 sumus,
386 1522 445 1568 sed
467 1526 606 1567 &poenis
623 1550 630 1557 .
657 1526 701 1559 Et
723 1525 880 1568 ejusmodi
895 1525 1065 1569 Episcopis
1089 1525 1126 1559 in

242 1573 395 1609 Ecclefiae
429 1575 568 1619 gratiam
623 1575 817 1620 recipiendis
853 1576 1050 1620 praescriptus
1085 1575 1127 1611 ab

243 1623 399 1658 Adriano
433 1625 577 1659 secundo
613 1624 776 1660 Pontifice
801 1625 932 1660 libellus
967 1623 1125 1660 habebat:

245 1671 372 1716 Nosmet
382 1679 415 1707 in
424 1673 647 1718 bancsant‘lam
658 1676 799 1714 synodum
821 1677 992 1718 projicimus
1005 1701 1015 1717 ,
1038 1679 1127 1720 profi-

244 1732 343 1757 tentes
353 1728 446 1757 etiam
456 1733 625 1767 accepturos
636 1737 689 1759 nos
710 1728 761 1768 effic
776 1725 902 1760 libenter
923 1729 944 1759 ἃ
957 1725 1054 1768 sanc‘li
1072 1739 1127 1759 tmo

240 1769 356 1816 summo
374 1775 528 1808 Sacerdote
549 1775 638 1813 nostro
661 1779 842 1816 Epitimium
869 1776 1042 1818 definitum.
1081 1777 1125 1809 Et

243 1822 364 1862 Sancto
387 1823 522 1868 ignatio
543 1824 729 1859 Patriarcha
750 1825 1124 1869 Constantinopolitano

241 1871 506 1917 interloquente,
531 1877 705 1917 Epit1m1a‚
731 1887 799 1917 quae
825 1876 942 1909 indma
956 1875 1031 1920 sunt
1057 1882 1098 1909 tts
1113 1901 1124 1917 ,

242 1929 297 1966 qui
305 1925 468 1958 ceciderunt
479 1948 491 1965 ‚
519 1924 676 1969 Episcopis
689 1948 700 1964 ‚
725 1927 760 1960 (9
771 1925 953 1964 Presbyterts
966 1951 977 1967 ‚
1004 1928 1038 1960 (5
1051 1930 1124 1959 Dia-

239 1978 343 2015 eom's,
368 1974 627 2014 &Subdtaconis,
652 1975 692 2009 ab
703 1974 873 2019 hacsanc‘la
899 1978 934 2010 (ε’
956 1975 1120 2020 universali

241 2024 375 2064 synodo,
402 2026 630 2058 inaudientiam
642 2031 770 2058 omnium
779 2028 939 2069 legantur;
965 2027 1030 2069 ejus
1043 2027 1123 2062 Dia-

242 2082 347 2107 conus
372 2081 470 2116 atque
482 2072 641 2108 Notarius
652 2073 834 2118 Stephanus
844 2075 940 2120 legit.
967 2078 1012 2108 sit
1032 2087 1123 2110 reme-

240 2122 327 2155 dium
352 2121 521 2166 &salutem
529 2123 755 2166 animaefcrens
767 2148 779 2165 ‚
804 2135 839 2159 ac
849 2127 942 2159 valde*
964 2124 1122 2169 discretum

242 2173 425 2214 Epitimlum
443 2175 652 2215 sacerdotum,
678 2180 728 2218 qui
744 2183 803 2218 per
824 2177 950 2209 multam
973 2175 1121 2219 consuetu-

239 2222 342 2255 dinem
362 2224 541 2258 ceciderunt.
568 2227 599 2258 51
623 2226 744 2268 quidem
762 2226 904 2259 carnibus
930 2224 1087 2269 vescantur
1109 2250 1121 2266 ‚

239 2271 383 2317 abstinere
397 2272 432 2317 se
451 2276 472 2307 ἃ
494 2286 606 2316 carne,
631 2273 730 2318 caseo,
757 2277 879 2317 (νουο,
903 2282 925 2308 it'
949 2279 1040 2317 vcro,
1066 2282 1120 2319 qut

1885 215 1900 239 κ
1918 206 1935 236 1
1949 188 2005 244 ΒΑ

1190 285 1232 310 na
1242 284 1307 314 eum
1314 273 1375 306 oleo
1394 274 1434 307 δ’
1448 281 1551 319 pauco
1575 277 1671 312 vitto,
1686 271 1846 316 facereque
1860 273 2080 318 genuflexiones

1193 318 1415 367 qutnquagintae
1432 331 1490 365 per
1506 320 1631 367 fingulos
1642 322 1708 357 dics
1721 346 1732 362 ‚
1758 320 1804 356 (ν’
1816 321 1910 358 dicere
1929 322 2078 359 KYRIE

1197 373 1398 408 ELElSON
1434 379 1543 406 centies
1564 396 1575 411 ‚
1591 368 1594 371 ’
1612 373 1649 407 ἐν
1684 372 1883 407 DOMJNE
1908 374 2080 410 PECCA·

1195 423 1246 458 Vl
1289 448 1301 464 ,
1325 428 1433 458 centies
1454 447 1465 463 ,
1488 423 1524 456 ὀ·
1548 421 1744 464 ΒΟΝῌΝΕ
1769 423 1976 462 lGNoSCE
2010 423 2079 467 Ml-

1195 473 1249 507 Hl
1275 471 1557 508 PECCATORI
1578 497 1590 512 ,
1615 478 1726 507 centies
1755 498 1766 514 ‚
1792 472 1995 518 recensereque
2011 472 2080 516 sex-

1195 533 1258 557 tum
1270 523 1423 567 Psalmum
1432 547 1442 562 ,
1472 523 1508 556 Θ
1518 520 1693 564 trigefi'mum
1701 522 1862 565 septimum
1871 549 1878 555 .
1907 528 1983 560 Haec
1994 535 2081 556 ntan-

1195 575 1233 607 do
1242 574 1298 608 tibt‘
1306 572 1446 615 custodire
1455 570 1547 615 usque
1571 572 1616 604 ad
1626 571 1734 611 christi
1761 580 1978 609 nativitatem.
2004 578 2079 607 Non

1193 633 1294 661 autem
1314 623 1426 661 babeas
1443 621 1621 666 potestdtem
1638 621 1827 660 ministrandi
1859 647 1869 663 ,
1894 635 1945 657 nec
1965 635 2078 667 quoquo

1194 676 1278 708 modo
1298 669 1493 721 agendiquae
1500 671 1573 716 sunt
1584 673 1775 705 sacerdotum
1788 686 1799 705 .-
1826 677 1872 706 Et
1894 683 1963 707 tunc
1982 679 2015 707 in
2025 686 2079 707 na-

1194 727 1304 759 talitiis
1318 728 1420 768 magni
1431 725 1489 757 Del
1514 724 1550 757 ὑ
1562 725 1583 755 5
1584 723 1731 756 alvatoris
1738 725 1769 766 J
1773 721 1822 765 esu
1833 721 1942 763 Christi
1954 730 2078 766 reciptes

1192 776 1391 808 sacerdotium
1401 783 1485 807 tuum
1493 795 1504 817 2
1534 773 1569 808 ό·
1577 783 1688 813 mecum
1698 778 1758 806 eris
1770 774 1791 805 5
1791 783 1856 806 acer
1861 774 1938 806 dotio
1942 772 2078 818 fungem-

1192 826 1352 858 immortali
1363 831 1473 858 aeterno
1484 825 1546 856 Deo
1556 846 1563 854 .
1592 821 1658 856 Pro
1671 821 1864 866 quibusdam
1876 823 2027 867 gravium
2040 824 2077 857 in

1193 873 1345 908 Sanctum
1360 872 1526 917 ignatium
1539 871 1729 906 rebellionis
1755 883 1792 906 ac
1804 873 1943 907 aliorum
1973 872 2078 906 crimi-

1193 935 1273 957 num
1284 923 1346 957 reis
1357 923 1445 956 aliud
1459 922 1656 965 Epitimium
1667 922 1748 966 legit
1764 922 1850 957 idem
1873 921 2054 966 Stephanus
2068 948 2075 955 .

1193 973 1259 1017 Esse
1280 974 1345 1007 illos
1369 978 1401 1006 in
1421 972 1535 1006 duobus
1557 979 1648 1005 anm's
1659 980 1748 1006 extra
1777 972 1956 1014 Ecclesiam,
1983 975 2017 1007 ὁ*
2043 978 2076 1006 in

1191 1027 1263 1057 altis
1282 1022 1395 1056 duobus
1417 1028 1508 1056 annis
1531 1028 1616 1055 intra
1641 1021 1798 1064 Ecclesiam
1809 1025 1914 1056 audire
1939 1025 2079 1057 Divinas

1189 1077 1361 1116 scripturas
1373 1071 1465 1116 usque
1488 1073 1535 1105 ad
1542 1071 1784 1111 catechumenos,
1810 1084 1869 1105 non
1889 1082 1993 1106 tamen
2015 1073 2079 1106 ullo

1190 1126 1272 1158 modo
1281 1129 1493 1158 communicare
1505 1147 1515 1163 ‚
1536 1121 1594 1166 sed
1608 1122 1749 1163 abstinere
1758 1123 1778 1154 ἃ
1790 1121 1931 1155 carnibus
1957 1124 1992 1156 (¹5
2004 1128 2077 1155 vino

1189 1184 1314 1218 quatuor
1323 1179 1415 1207 annis
1429 1198 1440 1214 ,
1461 1180 1577 1216 praetcr
1590 1177 1756 1207 Dominlcos
1768 1174 1833 1207 dies
1856 1174 1890 1207 ὃ·
1902 1175 2077 1205 Domtnlcas

1182 1224 1370 1268 festivitates
1380 1249 1391 1266 ,
1419 1225 1454 1258 (Ὗ
1465 1229 1499 1257 in
1512 1223 1582 1257 aliis
1597 1223 1694 1257 tribus
1707 1229 1797 1256 anm's
1804 1222 1886 1263 stare
1909 1235 1974 1257 cum
1982 1222 2080 1265 fideli-

1190 1276 1268 1316 bus,
1293 1276 1443 1308 &mereri
1455 1279 1606 1308 Divinam
1633 1279 1863 1311 communionem
1890 1278 1922 1306 in
1937 1271 2008 1315 solis
2022 1274 2081 1306 Do·

1191 1331 1306 1359 minicis
1314 1323 1544 1368 solennitatibus
1556 1336 1623 1357 cum
1634 1322 1811 1367 elecmonnis
1838 1325 1873 1358 (9·
1884 1323 2085 1364 orationibus,

1193 1386 1283 1418 atque
1289 1377 1438 1415 jejuniis,
1469 1377 1544 1408 adeo
1564 1383 1597 1408 ut
1616 1375 1713 1407 tribus
1733 1375 1839 1411 dlebus
1863 1373 2083 1411 hebdomadis,

1188 1425 1319 1466 secunda
1330 1425 1468 1459 videlicet
1479 1447 1491 1463 ,
1516 1431 1630 1466 quarta
1641 1449 1651 1463 ,
1677 1426 1711 1457 (3·
1716 1422 1898 1467 sextaferta
1910 1422 1972 1461 abst
1977 1429 2084 1459 ineant

1187 1474 1208 1505 ἃ
1228 1472 1367 1510 carnibus
1393 1474 1428 1507 (7
1449 1478 1539 1510 vino.
1584 1472 1681 1507 Recte
1702 1473 1805 1517 igitur
1823 1473 1870 1508 ait
1893 1471 2083 1512 Anastasius

1188 1522 1465 1558 Bibliothecarius
1489 1526 1524 1557 in
1547 1520 1681 1557 scholiis
1701 1519 1941 1567 marginalibus
1962 1524 2085 1561 ostavoe
2102 1535 2166 1569 A&-
2193 1540 2219 1569 ¹.‘

1187 1572 1315 1616 Synodi
1338 1598 1344 1604 .
1372 1576 1524 1615 Epitimia
1545 1574 1632 1606 multi
1655 1574 1776 1615 quidem
1799 1578 2015 1615 increpationes
2036 1579 2085 1608 {n-

1187 1630 1410 1665 terpretantur‚
1431 1621 1545 1665 sedisto
1573 1624 1723 1656 &multis
1759 1629 1792 1659 in
1811 1624 1896 1661 lacit
1903 1632 1962 1666 pro
1976 1629 2082 1665 poems

1182 1681 1336 1716 ponuntur
1347 1697 1358 1713 ‚
1383 1684 1460 1715 quas
1473 1672 1602 1714 Ecclesia
1617 1679 1774 1717 unicuique
1778 1682 1838 1715 pro
1853 1675 2004 1716 qualitate
2022 1675 2081 1709 cul-

1183 1731 1292 1765 parum
1311 1729 1450 1765 praecipit
1473 1721 1680 1766 observandas
1700 1747 1712 1764 ‚
1738 1725 1841 1765 utpote
1858 1726 1982 1764 Jejunia
1996 1746 2007 1761 ,
2026 1723 2080 1763 fle-

1186 1783 1273 1813 tum,
1297 1772 1505 1813 abstinentiam
1514 1773 1644 1806 ciborum
1666 1797 1677 1813 ,
1697 1784 1778 1816 genu
1788 1774 1958 1813 flexiones,
1984 1773 2078 1806 &hls

1177 1823 1308 1866 similia.
1336 1822 1381 1856 Et
1405 1823 1589 1866 praesentem
1613 1824 1790 1859 Canonem
1813 1824 1916 1858 latine
1940 1823 2078 1858 reddens

1185 1874 1268 1908 dicit
1294 1886 1305 1906 .·
1331 1876 1502 1915 Epltlmia‚
1533 1875 1569 1906 id
1584 1873 1646 1914 est,
1666 1882 1774 1917 poenas
1794 1896 1804 1912 ,
1829 1874 1865 1908 in
1888 1872 2079 1909 satisfactio«

1186 1936 1262 1959 nem
1282 1923 1447 1966 impositas
1474 1947 1481 1955 .
1508 1923 1664 1970 Qatuor
1684 1923 1878 1959 solennibus
1902 1936 1941 1959 ac
1963 1924 2077 1960 admo-

1183 1974 1263 2009 dum
1275 1970 1442 2008 laboriofis
1454 1998 1465 2014 ,
1490 1983 1568 2016 quas
1579 1972 1843 2008 Christianorum
1856 1974 1963 2009 nimia
1985 1985 2080 2019 paca·

1183 2026 1225 2059 tis
1249 2022 1452 2068 temporibus
1472 2023 1653 2058 multitudo
1675 2023 1802 2059 dudum
1831 2025 1913 2059 ferre
1926 2036 1996 2059 non
2018 2036 2076 2068 po-

1182 2074 1266 2116 tuit,
1294 2073 1433 2118 publicae
1456 2074 1658 2117 poenitentiae
1677 2073 1874 2109 stationibus
1895 2073 1964 2109 haec
1986 2074 2074 2118 apud

1181 2124 1311 2159 Graecos
1339 2124 1503 2168 Epitimia
1525 2124 1763 2165 successerunt,
1792 2126 1827 2158 δε
1849 2123 2074 2170 quandoque„

1180 2176 1229 2209 uti
1244 2187 1285 2210 ex
1297 2173 1468 2218 posteriori
1482 2185 1536 2217 per
1546 2172 1752 2218 Stephanum
1773 2175 1969 2211 Diaconum
1989 2176 2073 2210 lesto
2119 2203 2123 2207 .

1177 2224 1307 2260 decreto
1321 2226 1423 2268 liquet
1435 2249 1445 2265 ‚
1463 2224 1666 2261 incluserunt
1677 2225 1858 2269 quamdam
1869 2225 2001 2261 istarum
2014 2227 2075 2264 sta-

1177 2276 1310 2311 tionum
1335 2276 1473 2320 figuram
1493 2274 1603 2319 potius
1634 2300 1646 2318 ‚
1671 2286 1772 2319 quam
1793 2275 1925 2319 plenam
1960 2276 2079 2315 verita-

237 2331 345 2356 caernes
357 2335 414 2356 non
427 2326 581 2358 comedunt
592 2349 603 2365 ‚
628 2325 770 2365 abstinere
779 2327 799 2357 ὰ
811 2325 892 2369 caseo
901 2351 912 2367 ‚
939 2328 973 2360 eb·
983 2338 1036 2360 ovo
1046 2351 1057 2366 ,
1082 2328 1117 2360 er
1181 2335 1248 2362 tem
1260 2352 1268 2360 .

234 2370 385 2415 piscibus,
410 2374 608 2417 quartaferta
634 2374 861 2419 &parde-eve,
887 2377 971 2410 edere
1002 2378 1121 2422 legumi-

674 2759 1352 2849 CANON
1477 2766 1630 2848 ΙΙ.

455 3096 599 3145 ditabor
624 3134 637 3158 ,
671 3119 739 3147 non
773 3100 978 3167 obliviscar
1000 3100 1185 3168 strmones
1220 3118 1299 3151 tuos
1324 3128 1334 3149 :
1370 3106 1537 3151 Omnes
1572 3099 1750 3166 quidem
1786 3100 2058 3153 Christianos

241 3028 611 3219 Qloniam
645 3027 874 3097 psallentes
908 3034 1250 3099 repromittimus
1284 3036 1387 3081 Deo
1411 3052 1422 3081 :
1458 3034 1501 3078 In
1529 3027 1849 3097 justificationibus
1863 3068 1866 3071 .
1882 3034 1957 3079 tuis
1983 3051 2059 3080 me-

490 3167 573 3215 hoc
608 3166 769 3219 servare
804 3170 1127 3222 saluberrimum
1162 3172 1224 3222 est
1252 3194 1265 3231 3
1313 3169 1383 3220 sed
1418 3170 1631 3239 praecipue
1671 3171 1750 3220 hos
1784 3209 1798 3234 ,
1849 3173 1927 3240 qui
1965 3173 2056 3223 hie-

236 3237 476 3295 rarchicam
532 3237 748 3288 consecuti
785 3240 944 3290 fuerint
997 3241 1260 3306 dignitatem
1293 3278 1305 3289 .

236 3309 315 3373 qui
353 3306 410 3355 ad
448 3307 732 3376 Episcopatus
768 3311 1067 3376 provehendus
1104 3313 1165 3362 est
1202 3311 1381 3376 gradum
1411 3349 1425 3374 ‚
1473 3310 1617 3361 modis
1656 3311 1859 3363 omnibus

1365 3241 1494 3291 Unde
1542 3239 1770 3292 definimus
1806 3260 2026 3292 omnem...
2038 3279 2052 3303 ,

1898 3312 2055 3380 psalte-

238 3379 349 3424 rium
388 3376 539 3437 noffe3
588 3395 635 3428 ut
673 3398 726 3429 ex
764 3381 847 3429 hoc
883 3384 1017 3431 etiarn
1057 3385 1198 3432 omnis
1235 3383 1435 3432 Clericus
1469 3420 1483 3444 ‚
1530 3384 1610 3450 qui
1651 3381 1727 3433 sub
1781 3403 1836 3434 eo
1882 3384 2010 3431 fuerit
2036 3418 2052 3444 ‚

240 3443 316 3507 itti.⁸
339 3464 565 3500 moneatur
597 3465 643 3500 et
678 3450 896 3502 imbuatur
933 3488 947 3502 .

996 3455 1247 3522 Inquiratur
1282 3470 1428 3506 autem
1465 3452 1697 3518 diligenter
1752 3452 1779 3504 ὲ
1824 3458 2051 3518 Metropo-

1928 3521 1984 3557 lita
1995 3543 2007 3562 ,
