2340 3762
139 2866 223 2907 Epist,-
251 2870 297 2904 56.

144 3136 206 3172 La..
225 3141 290 3164 αι’.

388 162 490 224 284
627 165 915 211 CANONes-
945 166 1170 210 Simoni
1204 163 1463 206 οἛτΑνΕ
1494 161 1863 216 Gen-enum,

306 246 531 281 cardinalibus
557 250 592 283 ό*
605 251 783 287 Diaconibus
797 247 1126 302 constantinopositanae
1140 242 1204 322 ,Γπ-ἰ
1230 245 1314 343 listis
1329 245 1594 304 Clericiscnoster
1607 248 1729 285 Canon
1739 253 1850 290 noluit
1860 256 2084 304 ‘aperire-viam
2094 255 2137 294 ad

314 299 367 334 dls
389 322 401 338 ,
419 296 579 342 secundam
597 300 698 345 sacros
724 305 878 333 canones.
906 294 1050 338 AbJecus
1075 295 1185 341 itaque
1249 296 1399 336 Ecclesia
1422 298 1676 343 Episcopatum.

627 568 1341 707 ‘CANON
1453 571 1797 663 XIV.

417 791 483 836 Os
506 822 520 847 ‚
559 787 638 854 qui
674 784 701 852 a
739 784 890 836 divina
941 787 1082 849 gratia
1134 785 1191 836 ad
1234 785 1490 856 Episcopale
1539 786 1813 853 advocantur
1861 787 2099 847 officiumd
2120 828 2135 854 ,

449 874 678 926 tamquam
726 858 962 921 imaginem
1023 873 1068 907 et
1116 856 1297 921 figuram
1339 857 1525 912 ferentes
1566 857 1806 909 sanitorum
1856 859 2140 913 coelestium...

449 927 786 985 Hierarcharum
815 964 829 989 ,
862 926 910 977 id
946 926 1007 983 est
1030 965 1044 990 ,
1079 928 1345 992 Angelorum
1370 965 1385 990 ‚
1423 927 1655 995 secundum
1695 928 2010 981 hierarchicum
2046 931 2141 999 pla-

307 999 364 1055 ne
401 997 584 1063 gradum
621 1014 670 1049 et
708 1017 874 1049 morem
899 1036 912 1060 ‚
950 1001 1072 1053 omni
1088 1018 1094 1022 ’
1113 1000 1279 1049 honore
1324 997 1482 1062 dignos
1523 999 1582 1049 ab
1624 999 1827 1050 omnibus
1864 1003 2008 1050 Princi
2042 1001 2140 1054 ibus

306 1086 354 1125 et
389 1068 572 1120 subditis
608 1067 820 1122 sancimus
857 1069 1005 1119 haberi
1039 1104 1052 1116 .
1104 1072 1164 1118 Et
1188 1085 1480 1136 ‘nequaquam
1520 1072 1729 1132 Strategis
1743 1072 1765 1130 ⁴,
1807 1071 1879 1121 vel
1922 1020 2139 1137 quigusli.

307 1140 386 1190 bet
425 1141 525 1192 aliis
560 1139 850 1206 Principibus
869 1138 1029 1190 obvios
1067 1139 1219 1207 procul
1269 1138 1328 1188 ab
1361 1137 1574 1194 'Ecclesiis
1610 1137 1697 1192 suis
1735 1155 1959 1189 occurrere
2008 1177 2022 1203 ‚
2070 1140 2142 1194 sed

307 1228 452 1278 neque
502 1207 637 1259 semet
676 1207 703 1257 a
743 1210 894 1262 multo'
923 1207 1069 1277 spacio
1117 1208 1174 1259 de
1210 1211 1336 1277 equis
1391 1211 1462 1262 vel
1504 1210 1636 1259 mulis
1676 1211 1832 1278 ejicere
1869 1247 1884 1272 ,
1922 1226 2000 1263 aut
2038 1229 2140 1261 cum

306 1283 467 1332 timore
521 1295 574 1336 ac
617 1294 804 1332 tremore
843 1278 1076 1350 procedere
1124 1297 1177 1330 ac
1204 1280 1430 1338 ›adorare3
1478 1279 1551 1329 sed
1598 1298 1681 1329 nec
1732 1298 1836 1330 cum
1874 1278 2143 1335 saecularibus

305 1348 580 1418 Principibus
620 1348 677 1399 ad
715 1348 903 1405 mensam
938 1353 1100 1408 intrare
1137 1352 1244 1405 hora
1281 1349 1490 1419 prandii,
1524 1348 1698 1405 eosdem
1730 1387 1744 1411 ‚
1790 1368 1904 1419 quos
1948 1352 2017 1402 illi
2060 1352 2142 1402 ho-

307 1438 433 1471 nores
474 1423 683 1483 Strategis
720 1420 972 1474 exhibentes
1014 1456 1028 1479 ,
1077 1419 1150 1473 sed
1189 1421 1423 1475 secundum
1464 1424 1795 1483 congruentiam
1833 1420 2039 1490 spiritalis
2074 1421 2142 1472 di-

306 1491 490 1554 gnitatis
529 1506 581 1538 ac
623 1490 800 1540 honoris
840 1489 902 1547 sui
925 1527 940 1558 ‚
978 1488 1153 1546 reddere
1191 1488 1370 1558 quidem
1405 1490 1610 1539 omnibus
1644 1489 1798 1539 debita
1836 1526 1851 1551 ,
1893 1494 1966 1540 cui
2007 1493 2140 1542 veotiss

306 1561 414 1623 gal,
460 1561 644 1620 veetigal
668 1596 682 1619 ‚
718 1564 791 1608 cui
829 1561 1039 1610 honorem
1063 1597 1077 1620 ‚
1117 1562 1369 1610 honorem:
1419 1560 1615 1610 Praeferri
1662 1576 1809 1610 autem
1860 1577 1906 1610 et
1953 1562 2143 1610 multam
2187 1569 2190 1572 “

307 1628 334 1686 ξι
373 1627 650 1696 Principibus
705 1630 945 1680 amicorum
981 1629 1146 1677 Christi
1182 1634 1501 1696 Imperatorum
1554 1632 1882 1678 venerationem
1935 1644 1984 1678 et
2018 1646 2143 1680 reve-

306 1702 492 1755 rentiam
542 1700 775 1765 promereri
815 1696 1082 1748 confessores
1110 1716 1258 1749 eorum
1300 1715 1345 1756 et
1383 1699 1563 1752 honoris
1596 1698 1745 1754 similis
1782 1697 2047 1763 existentcs3
2070 1697 2139 1757 ita

306 1785 357 1820 ut
395 1767 599 1818 fiduciam
658 1767 847 1817 habeant
901 1768 1107 1836 Episcopi
1149 1787 1323 1832 arguere
1371 1773 1590 1833 strategos
1631 1770 1856 1823 multoties
1891 1805 1906 1830 ,
1946 1785 1993 1819 et
2029 1770 2142 1824 alios

305 1838 533 1907 Principes
556 1875 570 1900 ‚
608 1854 744 1905 atque
781 1842 958 1888 omnem
995 1837 1135 1890 saeculi
1175 1838 1439 1902 dignitatem
1463 1875 1477 1900 ‚
1518 1839 1619 1890 cum
1657 1839 1859 1905 injustum
1896 1855 1942 1889 et
1965 1841 2139 1890 irratio„

306 1910 463 1962 nabile'
480 1911 617 1973 'agere
657 1906 768 1975 quid
799 1909 898 1960 illos
932 1910 1178 1968 invenerint
1202 1945 1215 1970 ,
1259 1924 1306 1959 et
1342 1927 1419 1978 per
1457 1909 1542 1958 hoc
1579 1912 1793 1977 corrigere
1841 1924 1888 1965 et
1921 1908 2139 1969 reddere⁴

307 1983 508 2036 meliores
533 2014 547 2026 .
581 1980 625 2026 Si
668 1978 775 2027 vero
812 1979 971 2045 aliquis
1011 1977 1248 2046 Episcopus
1299 1979 1395 2049 post
1432 1978 1731 2030 definitionem
1773 1978 1961 2035 sanctam
1997 1983 2138 2050 Synoff

306 2053 354 2102 di
393 2087 407 2112 ‚
468 2048 668 2107 debitum
717 2063 763 2097 et
803 2048 1014 2107 canonice
1062 2049 1272 2099 collatum
1309 2049 1388 2106 fibi
1429 2048 1736 2116 contempserit
1788 2049 1999 2099 honorem
2035 2083 2051 2109 ,
2089 2063 2138 2105 et

309 2120 423 2192 quid
464 2117 697 2169 secundum
735 2134 927 2168 veterem
967 2134 1012 2169 et
1039 2118 1319 2173 inhumanam
1357 2136 1409 2171 ac
1437 2117 1733 2175 inordinatam
1770 2116 2139 2183 consuetudinem,

301 2208 457 2271 praeter
503 2207 601 2258 quae
638 2206 752 2239 nunc
789 2188 968 2238 definita
1020 2188 1116 2239 sunt
1152 2226 1165 2250 ‚
1217 2188 1309 2239 fieri
1357 2186 1593 2257 permiserit
1632 2210 1647 2248 3
1695 2186 1976 2255 sequestretur
2020 2205 2140 2246 anno

303 2282 392 2324 uno
427 2299 440 2324 ‚
493 2276 539 2310 et
577 2262 780 2328 Princeps
814 2261 888 2318 ille
933 2278 1023 2311 non
1066 2275 1278 2311 mereatur
1316 2261 1537 2329 percipere
1573 2257 1874 2328 mysteriorum
1923 2276 2007 2310 nec
2043 2257 2138 2310 san-

306 2334 621 2394 nificationum
662 2332 1041 2390 communionem,
1325 2335 1329 2337 ’
1439 2330 1450 2338 “
1625 2331 1631 2336 “

1253 2514 1309 2537 nes
1327 2500 1518 2548 dignitatis.
1547 2500 1593 2535 Et
1604 2499 1739 2545 quidem
1761 2498 1950 2545 Augustum
1968 2497 2135 2535 consisto·

1252 2553 1337 2587 rium
1350 2553 1438 2596 posse
1451 2550 1579 2597 ingredi
1587 2561 1655 2586 erat
1664 2550 1795 2596 grandis
1808 2550 1936 2589 honos,
1962 2547 2136 2585 nihilomie

1253 2603 1315 2638 nus
1338 2603 1470 2637 Sanetus
1484 2601 1677 2637 Ambrosius
1699 2601 1828 2645 questus
1849 2600 1914 2636 fuit
1922 2598 1963 2635 de
1982 2599 2131 2640 duobus*

1253 2652 1531 2694 Primumffctibit
1556 2651 1598 2687 ad
1622 2651 1898 2687 Valentinianum
1924 2650 2132 2695 Augustum:

1253 2707 1329 2736 Dixi
1353 2703 1432 2738 hunc
1441 2714 1498 2737 nm
1519 2703 1572 2747 effe
1582 2713 1691 2738 morem
1710 2702 1931 2743 sacerdotalem
1943 2724 1951 2732 .
1976 2699 2133 2738 Alterum

508 2509 1004 2554 Senotlou.

322 2667 324 2669 ·
409 2655 439 2690 E
464 2655 595 2700 Regum
621 2662 660 2693 ac
686 2652 871 2698 Regiorum
896 2654 1128 2691 Ministrorum
1155 2652 1190 2691 in

436 2706 618 2750 Episcopos
630 2704 833 2739 irreverentia
845 2706 985 2750 legimus
1005 2706 1107 2739 varias
1122 2706 1191 2739 san-

311 2761 437 2794 storum
447 2756 581 2792 Parrum
601 2754 843 2799 querimonias.
871 2756 1005 2791 Etenim
1030 2755 1192 2792 deMaxi-

313 2821 371 2844 mo
390 2807 544 2852 Augusto
567 2803 609 2841 ad
637 2804 825 2850 Augustum
846 2804 1123 2845 Valentinianum
1147 2805 1191 2839 se-

313 2859 462 2894 cundum
484 2855 595 2891 scribit
607 2855 741 2892 Sanctus
761 2853 969 2890 Ambrofius.
995 2856 1052 2889 Ubi
1063 2854 1192 2898 J'editin

315 2907 480 2951 Confistorio
503 2931 514 2947 ,
536 2906 673 2951 ingreffics
690 2904 776 2949 sum:
804 2906 987 2950 Affurrexit,
1013 2914 1047 2939 ut
1067 2902 1191 2948 osculum

314 2962 422 3000 daret.
452 2961 518 3003 Ego
528 2963 605 2990 mter
622 2953 844 2998 Confistorianar
859 2955 945 2996 steti.
972 2954 1058 2991 Tres
1081 2953 1194 2988 Comi-

1251 2805 1360 2838 cundia
1382 2812 1539 2840 commotus
1570 2801 1639 2845 sum
1661 2825 1673 2841 ‚
1698 2802 1779 2842 quod
1795 2801 1890 2834 alieno
1924 2797 2033 2841 confisto
2050 2800 2129 2832 loco.

1253 2853 1451 2887 Commotus
1468 2852 1555 2891 fuit,
1581 2849 1672 2894 quod
1692 2848 1875 2894 Episcopus
1894 2847 2134 2887 consistorium

1254 2902 1406 2948 ingredi,
1431 2902 1466 2937 ἀ
1479 2900 1635 2946 ingressus
1644 2911 1714 2935 non
1734 2911 1811 2938 oum
1821 2897 2022 2938 Primatibus
2046 2897 2134 2933 sede·

1254 2965 1287 2988 re
1299 2977 1310 2993 ‚
1337 2952 1389 2987 sed
1399 2963 1475 2987 cum
1494 2949 1627 2990 secundi
1638 2950 1775 2988 Ordinis
1785 2948 1975 2991 Comitibus
1985 2949 2066 2984 stare
2078 2959 2134 2986 ce.-

2147 2688 2224 2721 Dial.
2238 2695 2264 2720 ιε

1251 2754 1339 2789 dixit
1362 2753 1517 2798 Augusto
1527 2752 1704 2788 Maximo:
1730 2757 1805 2786 Non
1825 2753 1962 2791 injuria,
1982 2746 2134 2791 sedvere-
2145 2739 2172 2761 ς’
2216 2751 2225 2761 “

316 3018 388 3045 tum
401 3008 535 3043 ordines
549 3006 788 3046 Constantinus
808 3006 953 3051 Magnus
974 3004 1134 3045 instituit,
1160 3004 1193 3037 ἀ

318 3070 432 3093 omnes
444 3057 593 3098 Comites
606 3055 870 3091 Confistorianos
892 3055 984 3090 fuiffe
994 3055 1092 3099 primi
1111 3054 1195 3089 ordi-

319 3108 392 3147 nis,
418 3109 519 3152 liquet
531 3119 572 3142 ex
586 3107 729 3151 ipsorum
754 3106 927 3148 creationis
945 3105 1085 3153 formula
1106 3103 1195 3149 apud

320 3156 569 3191 Caffiodorum:
595 3162 780 3191 Comitivam
796 3158 1014 3199 primm-danis
1033 3156 1199 3203 largimur,

327 3214 360 3247 ut
381 3206 576 3246 Confistorium
593 3207 719 3249 nostrum
740 3209 935 3253 ingrediaris.
964 3204 1032 3240 Eds
1051 3205 1199 3239 laudatus

322 3255 515 3295 Ambrosius
531 3257 646 3291 stetiffe
657 3270 671 3299 ;
697 3267 730 3292 at
741 3253 818 3292 vero
843 3257 1027 3301 Vopiscus,
1053 3254 1198 3290 Valeria·

322 3305 361 3340 ni
383 3305 587 3348 imperatoris
609 3306 847 3342 Confistorium
864 3320 908 3342 ex
922 3305 1059 3343 Acholii
1072 3303 1200 3344 Admiss

323 3355 453 3389 {ionum
475 3353 627 3397 Magistri
650 3355 946 3402 librisdepingens,
974 3358 1009 3390 in
1031 3356 1201 3391 Aureliani

326 3403 467 3449 Augusti
481 3403 548 3437 vita
559 3402 706 3436 adfirmat
727 3405 838 3438 sediffe
851 3430 858 3436 .
886 3407 1014 3449 Nempe
1025 3408 1108 3441 inter
1118 3406 1201 3450 ipsos

323 3456 426 3494 etiam
438 3452 700 3494 Confistorianos
717 3451 866 3491 Comites
888 3465 978 3493 erant
991 3456 1097 3506 plures
1116 3456 1203 3494 ordi.

1255 3012 1383 3049 geretur
1405 3027 1411 3034 .
1439 3002 1514 3037 Effe
1536 2999 1622 3039 dixit
1644 2999 1839 3035 bumilitatem
1862 2999 2027 3043 Episcopo
2050 2997 2134 3035 indi-

1256 3063 1355 3099 gnam
1364 3078 1371 3085 .
1398 3054 1442 3087 Et
1455 3051 1496 3087 de
1506 3052 1624 3092 Sansto
1636 3051 1787 3085 Martino
1798 3049 1987 3084 Turonenfi
2001 3049 2134 3093 Episcoe

1258 3116 1321 3148 po,
1348 3101 1622 3142 Valentinianum
1643 3101 1783 3145 primum
1793 3099 2023 3144 Imperatorem
2044 3107 2132 3131 accee

1256 3153 1354 3188 dente
1365 3178 1377 3194 ,
1401 3152 1514 3188 scribit
1526 3153 1659 3186 Sanctus
1670 3151 1828 3195 Sulpitius
1846 3151 1982 3186 Severus
1992 3171 2000 3179 -
2026 3146 2133 3181 Valene

1258 3209 1392 3242 tiniam
1402 3228 1414 3246 ,
1438 3203 1502 3238 cam
1512 3206 1676 3236 Martinam
1688 3213 1724 3236 ea
1737 3209 1838 3245 petere
1847 3197 2014 3245 cognovm‘et
2025 3221 2037 3237 ,
2064 3207 2132 3238 quae

1255 3254 1396 3297 praeflare
1418 3254 1508 3288 nollet
1529 3277 1541 3294 ,
1559 3253 1640 3295 juffit
1662 3264 1730 3293 eum
1744 3251 1858 3294 palati!
1878 3246 1997 3291 foribus
2018 3249 2131 3280 arceri.

1262 3304 1386 3339 Verum
1407 3304 1449 3339 ab
1474 3303 1607 3348 Angelo
1631 3302 1672 3336 ad
1695 3302 1837 3336 invitum
1862 3297 2065 3334 introduflus
2087 3293 2133 3330 est

1262 3355 1425 3390 Martinus
1437 3379 1448 3396 ‚
1474 3354 1643 3399 pergitque
1663 3352 1705 3387 de
1717 3352 1776 3385 illo
1788 3349 1936 3385 laudatus
1954 3344 2127 3389 Sulpitius.

1260 3408 1325 3449 ,Qui
1335 3406 1399 3440 ciem
1411 3410 1581 3439 venientem
1600 3403 1713 3437 eminis
1722 3401 1840 3433 videret
1850 3422 1861 3437 ‚
1885 3395 2062 3438 infrendens
2079 3406 2131 3429 cur

1250 3455 1355 3502 suffit
1363 3455 1527 3499 admissus,
1552 3460 1738 3498 nequaquam
1758 3445 1914 3492 adsurgere
1937 3445 2131 3537 essffignatus

1941 3509 1961 3531 a
2005 3501 2085 3536 anti,
