2340 3762
128 568 186 602 1-4-
197 569 247 606 Ep.
258 579 284 604 4·

129 606 219 645 Epist.
235 619 262 644 9·

235 1195 238 1199 ,
302 1158 696 1206 virigantinimonachi‚
725 1162 780 1203 qui
792 1160 961 1195 dumtaxat
973 1160 1122 1195 Lemoni
1134 1170 1184 1193 va-

114 1330 188 1365 'Lyn
195 1329 282 1366 Epa--

125 1669 267 1710 Episttn,

126 1863 262 1895 India-2.

126 1903 246 1943 Epishz.

128 2102 198 2130 Lx.-
212 2097 291 2136 ²³13-

129 2150 154 2171 c·
162 2149 173 2175 5
182 2149 213 2176 9,.

109 2467 115 2475 ‚
137 2488 218 2521 L-tss·
237 2493 296 2520 6-4·

138 2530 276 2563 Leo&

379 186 480 224 2206

303 312 393 346 nenfi
422 337 434 355 ‚
460 313 664 352 Abbatissam
690 312 766 346 vero
791 321 888 354 atque
914 307 1082 345 Abbatem
1108 320 1179 343 non

303 361 535 411 Presbyterum
584 362 714 397 mandat
751 360 872 392 Canon
910 358 951 393 de
997 359 1055 393 suo
1102 357 1208 400 ejici'

303 414 519 452 monasterio,
546 413 629 446 acin
652 408 741 443 aliud
764 408 804 442 ad
817 418 1003 452 perpetuam
1013 407 1179 451 subjestio-

303 473 378 500 nem
400 464 433 498 <Sc
445 462 666 506 poenitentiam
678 459 885 503 transportari
901 485 908 496 .
936 458 1095 494 Eamdem
1116 469 1180 502 Ροε-

302 514 426 546 namin
446 509 584 544 laudatis
602 506 643 542 ad
664 506 886 544 patriarcham
906 508 1181 552 Hierosolymita-

301 573 383 597 num
394 560 509 595 litteris
520 557 732 594 Innocentius
748 560 882 601 tertius,
910 560 946 593 &
956 559 1040 604 apud
1053 559 1181 604 Grego-

302 613 385 646 rium
399 620 524 642 nonum
552 608 703 644 Clemens
732 610 867 651 tertius,
893 610 978 646 &in
1001 609 1118 644 litteris
1137 607 1178 644 ad

302 659 492 702 Ianuarium
502 658 729 695 Calaritanum
741 660 939 704 Episcopum
951 684 963 700 ,
988 659 1067 695 item
1081 660 1115 694 in
1128 659 1181 694 lit·

301 709 380 743 teris
402 708 444 743 ad
467 709 638 748 Victorem
670 710 883 755 Episcopum„
907 710 1192 745 Panormitanum'

300 759 435 797 Sanstus
457 760 638 804 Gregorius
661 760 807 806 Magnus
830 761 953 806 infligit
980 771 1036 795 aut
1056 760 1180 794 laudat.

302 808 402 845 Adeo
427 810 562 852 antiqua
573 810 618 844 est
643 810 701 845 ista
716 807 954 846 monachorum
967 822 1077 854 poena.

351 858 477 896 Verum
497 858 656 895 hodierna
678 860 857 895 multorum
880 863 913 894 in
927 860 1045 906 Belgio
1068 871 1181 895 mona·

300 909 470 946 steriorum
492 910 599 952 praxis
608 911 787 953 recipiendi
809 909 966 946 monachi
978 912 1089 947 dotem
1113 922 1179 945 non

301 957 511 995 solummodo
532 960 645 1003 sponte
656 960 804 995 oblatam
826 961 968 1005 accipit,
995 962 1049 996 sed
1070 961 1182 996 &exi-

301 1010 376 1054 git‚
402 1020 441 1044 ac
451 1008 493 1043 de
503 1009 562 1044 illa
584 1010 753 1054 stipulatur
767 1036 775 1044 .
803 1011 858 1046 An
872 1012 971 1056 igitur
990 1011 1182 1046 fimoniala-

302 1059 454 1096 boramus
477 1059 491 1093 2
516 1059 714 1104 Respondet>
739 1074 810 1096 non
836 1061 980 1097 laborare
1005 1086 1012 1094 .
1047 1060 1181 1095 Etenim

301 1110 471 1145 Catellum
495 1134 508 1151 ‚
547 1110 698 1145 Mauritii
726 1111 869 1155 Augusti
896 1110 1082 1145 Palatinum
1104 1135 1115 1151 ‚
1143 1109 1183 1144 ad

303 1222 378 1245 care
389 1219 516 1254 poterat
529 1234 540 1251 ,
564 1211 599 1244 δε
611 1222 679 1245 non
691 1210 843 1246 manibus
869 1210 1016 1245 laborare
1030 1236 1041 1251 ,
1066 1221 1185 1254 expen-

303 1263 353 1295 sas
372 1260 522 1304 exigenti
541 1261 739 1295 monasterio
749 1259 790 1295 de
811 1260 964 1296 maternis
987 1261 1077 1295 illius
1091 1259 1193 1305 bonis¹

304 1311 477 1345 solvendas
502 1310 612 1354 coegit
648 1311 782 1345 sanetus
811 1310 993 1355 Gregorius
1018 1311 1185 1355 Magnus.

305 1361 447 1405 Joannes
468 1359 583 1394 Romae
602 1359 643 1395 ad
667 1361 820 1396 Sanstum
844 1360 1014 1396 Andream
1035 1361 1071 1395 in
1096 1360 1186 1395 clivo

306 1412 418 1448 Scauri
429 1410 613 1445 monachus
629 1410 775 1445 obierat:
804 1410 899 1445 Hinc
918 1411 961 1445 de
970 1410 1039 1453 ejus
1057 1409 1185 1445 haeredi-

305 1470 373 1496 tate
383 1460 428 1496 est
440 1470 510 1495 orta
522 1461 695 1495 contentio
708 1462 792 1495 inter
805 1459 873 1503 ejus
891 1462 1022 1495 fratrem
1034 1459 1187 1495 Mauren-

305 1513 391 1546 tium
404 1536 415 1552 ‚
441 1511 564 1546 militia:
583 1511 773 1555 magistrum
785 1535 797 1552 ‚
822 1511 855 1545 δε
867 1510 1060 1545 Candidum
1073 1509 1184 1545 Abba-

305 1570 374 1596 tem
394 1586 405 1601 ‚
433 1570 586 1605 agentem
609 1560 767 1594 utilitates
788 1561 837 1594 sui
858 1560 1048 1594 monasterii
1068 1585 1076 1594 .
1104 1560 1188 1594 Eam

305 1612 522 1646 transaffione
537 1607 669 1644 tandem
683 1610 857 1649 finierunt,
886 1610 1055 1653 ipsamque
1075 1609 1189 1652 proha-

305 1662 355 1695 vit
367 1660 488 1695 laudati
504 1658 692 1694 monasterii
716 1658 871 1694 fundator
890 1657 979 1693 idem
990 1658 1188 1703 Gregorius.

306 1709 493 1759 Qomodo
505 1710 573 1752 post
585 1719 725 1743 mortem
737 1734 748 1751 ,
773 1709 818 1744 ita
829 1718 906 1745 ante
916 1708 1052 1752 Ioannis
1073 1708 1191 1752 profes-

307 1762 432 1796 sionem
443 1759 585 1794 omninti
595 1760 770 1804 tranfigere
787 1771 824 1793 ac
836 1758 982 1803 stipulari
994 1759 1170 1803 potuissent
1181 1783 1190 1791 .

308 1811 451 1846 Causam
463 1808 574 1844 scribit
585 1808 673 1844 idem
684 1808 841 1844 Pontifex
865 1808 906 1843 ad
920 1808 1109 1852 Januarium
1118 1807 1191 1843 Me-

308 1862 502 1905 tropolitam
512 1859 753 1894 Calaritanum.
777 1862 866 1903 ..Quia
877 1858 1114 1902 ingredientibus
1134 1869 1191 1890 mo-

308 1913 468 1954 nasterium
479 1937 488 1953 ‚
516 1911 708 1944 convertendi
718 1916 823 1953 gratia
836 1934 846 1950 ‚
872 1908 994 1943 ulterius
1005 1910 1089 1942 nulla
1101 1906 1141 1950 fit
1151 1916 1191 1941 te-

305 1963 409 2005 standi
419 1964 542 1996 licentia
553 1984 565 2000 ‚
583 1959 644 2004 sed
653 1972 700 1994 res
713 1971 810 1994 eorum
821 1957 951 2001 eiusdem
971 1958 1192 1999 monasternju-

309 2018 355 2047 ris
363 2013 446 2055 fiant
457 2035 466 2051 ,
494 2019 602 2053 aperta
615 2010 690 2054 legit
701 2010 868 2052 definitione
889 2011 1038 2043 decretum
1047 2008 1105 2049 est.
1134 2007 1191 2042 Est

310 2064 363 2097 lex
380 2061 554 2106 Iustiniani
568 2059 709 2105 Augusti
722 2059 849 2093 exstans
867 2059 901 2093 in
915 2057 1056 2093 Codice.
1086 2060 1125 2090 Ut
1135 2067 1191 2089 mn

309 2116 398 2148 liceat
405 2111 586 2155 parentibus
609 2111 773 2152 impedire,
799 2121 856 2151 quo
878 2110 977 2142 mimis
997 2109 1085 2142 liberi
1094 2117 1192 2141 eorum

311 2164 444 2198 volentes
467 2159 599 2195 monacha·
621 2159 722 2202 fiant,
751 2168 805 2193 aut
817 2171 884 2193 eam
904 2159 939 2192 ob
959 2157 1056 2202 solam
1074 2155 1193 2200 causam

312 2212 529 2254 exhaeredare;
550 2209 703 2253 Jedfiipfi
710 2208 912 2250 testamentum
924 2211 1053 2243 condant
1065 2232 1076 2249 ,
1102 2205 1193 2250 neces-

312 2264 347 2310 se
367 2263 495 2296 habento
508 2262 709 2304 quadrantem
729 2261 790 2293 illis
811 2262 994 2301 relinquere:
1021 2261 1074 2292 Sin
1095 2266 1193 2291 autem

311 2313 520 2356 hecfecerint,
545 2313 621 2345 locus
624 2309 663 2353 fit
672 2310 712 2343 ab
722 2309 870 2350 intestato.
902 2307 1026 2353 ,Quodsi
1035 2309 1194 2342 illtmona-

308 2365 402 2407 steria
411 2365 609 2405 nunquam,
634 2370 724 2402 atque
735 2361 882 2393 mundant
891 2360 991 2402 fiant,
1015 2369 1098 2392 amne
1123 2355 1195 2400 ipso·

311 2426 380 2456 {rum
393 2417 448 2456 ⁸jus
470 2414 514 2445 ad
534 2410 737 2451 monasterium
754 2415 907 2453 pertineat
929 2436 938 2442 .
965 2386 1195 2495 QQipsum

316 2465 490 2502 confirmat
510 2463 544 2496 in
558 2461 631 2507 lege
652 2460 781 2495 novella
798 2460 839 2494 ad
862 2461 1022 2504 Joannem
1081 2460 1196 2492 rienta·

317 2515 401 2549 lium
425 2512 617 2547 Praetorium
640 2511 849 2550 Praefeetum,
874 2511 908 2545 &
930 2511 963 2544 in
983 2509 1046 2543 alia
1069 2505 1110 2543 ad
1122 2507 1197 2552 Epi·

317 2562 479 2610 phanium
505 2560 727 2595 patriarcham
764 2559 1197 2604 constantinopolitanum,

319 2614 488 2657 excipiens
508 2610 615 2645 solum
634 2612 743 2645 casum
780 2611 923 2644 filiorum
955 2610 1200 2654 legitimorum,

320 2662 442 2709 quibus
460 2661 478 2696 ὲ
509 2671 598 2706 patre
620 2657 786 2694 monacho
807 2660 946 2702 relinqui
962 2659 1030 2693 vult
1050 2669 1197 2703 quartam

321 2711 514 2761 patrimonii
540 2721 663 2755 partem
685 2735 692 2742 .
722 2710 889 2755 Religiosa
914 2710 1024 2754 itaque
1050 2708 1200 2752 profeffio

323 2776 393 2801 non
405 2760 616 2798 solummodo
626 2759 782 2795 monachi
802 2761 970 2803 personam
982 2771 1020 2794 ac
1029 2758 1116 2793 bona
1129 2769 1202 2802 prae-

322 2815 427 2850 sentia
438 2839 449 2856 ,
476 2812 529 2848 sed
540 2811 640 2854 etiam
652 2821 786 2845 omnem
798 2811 910 2844 futura:
922 2808 1126 2844 haereditariae
1136 2809 1202 2841 suc-

324 2865 477 2900 ceffionis
490 2864 579 2907 spem
589 2859 785 2897 transfundit
807 2860 842 2893 in
853 2860 1085 2894 monasterium
1105 2857 1202 2901 pleno

325 2926 365 2950 ac
386 2912 551 2948 immobili
573 2911 664 2956 jure,·
690 2910 827 2954 istasque
851 2910 960 2954 leges,
986 2910 1035 2943 uti
1056 2908 1203 2941 asansto

327 2965 494 3009 Gregorio
507 2961 691 2997 audirimus
702 2986 715 3003 ,
740 2960 861 3005 recepit
881 2971 917 2994 ac
927 2960 1049 3003 semper
1068 2956 1204 2991 servavit

329 3015 472 3050 Ecclefia
483 3014 636 3048 Romana
646 3037 655 3044 .

379 3063 484 3098 Porro
495 3063 580 3107 apud
603 3074 665 3096 nos
674 3062 792 3107 Belgas
801 3062 891 3106 viget
909 3060 975 3104 jam
999 3058 1122 3103 pridem
1144 3056 1205 3111 Ni3

333 3111 467 3156 cephori
486 3113 603 3147 Phocae
616 3112 822 3155 Imperatoris
842 3109 1206 3152 Constantinopolitam

330 3162 390 3196 lex
402 3186 412 3201 ,
437 3163 476 3196 de
488 3175 550 3206 qua
565 3162 726 3206 Georgius
749 3162 931 3196 Cedrenus.
959 3159 1144 3202 Nicephorus
1156 3157 1206 3190 do·

332 3220 470 3246 wattones
483 3212 659 3251 monasteriis
669 3221 760 3254 atque
778 3214 894 3255 templis
904 3211 1022 3244 relidas
1035 3212 1054 3242 ἃ
1061 3213 1121 3251 pus
1144 3212 1207 3248 qul-

335 3260 464 3306 basdam
487 3262 714 3301 Imperatortbus
721 3262 846 3302 prorsus
869 3261 1000 3294 abolevit
1011 3284 1022 3300 ,
1046 3261 1106 3302 lege
1116 3263 1208 3291 etiam

338 3312 407 3347 tata
414 3335 427 3351 ‚
455 3322 491 3344 ne
501 3314 530 3343 E
533 3308 632 3350 cclefiae
641 3312 834 3344 immobilibus
845 3312 1092 3353 locupletarentur
1101 3308 1183 3341 bonis
1199 3330 1210 3348 ,

338 3360 476 3405 causatus
489 3359 645 3405 Episcopos
666 3361 742 3391 male
749 3362 902 3404 prodigere
913 3372 949 3394 ea
963 3385 974 3400 ,
998 3372 1067 3402 quae
1075 3362 1210 3402 pauperi·

340 3412 395 3446 bus
405 3412 548 3452 darentur
560 3433 571 3450 ,
598 3408 737 3443 militibus
756 3414 875 3440 interim
896 3409 1095 3450 deficientibus
1107 3434 1114 3440 .
1141 3408 1211 3442 No-

339 3462 452 3498 strates
461 3467 581 3498 vocant
592 3459 698 3504 legem
708 3456 963 3494 amortizationis
970 3481 983 3500 ,
1007 3458 1048 3493 de
1057 3469 1120 3502 qua
1131 3466 1213 3492 tace-

581 177 867 225 CANONE's
901 177 1201 223 CONCIL'H
1235 169 1466 220 sepum
1498 173 1868 231 Germanus.

304 258 407 296 isthac
428 262 649 304 maculatum,
676 263 796 308 deponi
807 274 848 296 ex
870 256 1180 304 regula'Chaleedoe
1212 281 1214 283 -

1247 271 1280 294 re
1290 260 1324 293 fit
1338 260 1435 295 satius
1444 286 1455 302 ‚
1481 272 1540 302 ne,
1568 262 1657 305 quod
1678 263 1715 297 ἀ
1727 264 1858 304 Sanfiu's
1870 268 1931 303 lvo
1942 270 2126 306 Carnotena

1247 311 1286 344 fis
1299 309 1476 355 Episcopus
1486 313 1598 346 timuit
1607 337 1618 354 ,
1645 324 1701 348 aut
1713 313 1859 349 Domini
1870 315 1971 362 Regis
1983 320 2127 355 offenda-

1248 370 1320 393 mus
1329 359 1535 403 Majestatern
1550 386 1560 402 ‚
1588 374 1642 398 aut
1655 365 1765 398 matris
1779 365 1927 400 Ecclefiae
1935 364 2125 404 libertatem

1246 410 1419 457 Qudquid
1432 412 1470 445 fit
1479 437 1489 451 ‚
1516 414 1711 448 monasteria
1722 437 1734 453 ,
1758 416 1997 460 quaepiissimus
2008 418 2128 454 Domi-

1247 471 1308 494 nus
1331 460 1406 496 Rex
1430 463 1494 496 suis
1515 461 1639 506 juribus
1653 474 1769 499 exuere
1793 477 1962 511 nunquam
1976 467 2128 510 voluerit,

1247 510 1280 543 in
1292 509 1531 547 monachorum
1544 514 1675 547 suorum
1687 510 1905 551 haereditatem
1919 528 1987 561 non
1995 516 2127 563 possunt

1247 561 1431 603 succedere,
1461 561 1600 606 ideoque
1610 575 1688 598 ante
1699 565 1833 600 illorum
1845 567 2076 610 profeffio'nem
2086 562 2128 602 de

1247 612 1315 655 ipsa
1331 623 1405 646 cum
1417 613 1604 656 parentibus
1614 625 1672 648 aut
1687 616 1760 658 aliis
1769 618 2021 664 consanguineis
2031 617 2133 661 stipus

1247 661 1596 706 lantur‚accipiuntque
1612 664 1694 707 quid
1705 666 1866 709 praesentis
1880 668 1915 702 δε
1934 668 2058 703 modici
2071 677 2134 711 pro

1245 711 1363 757 grandi
1379 713 1508 747 futuro.
1537 713 1619 748 Non
1633 714 1743 760 itaque
1767 715 1808 750 de
1821 718 1991 753 monastici
2010 710 2133 763 ingress'

1247 764 1302 796 sus
1313 771 1369 797 aut
1379 763 1581 806 profeffionis
1594 789 1604 805 ,
1625 763 1680 799 sed
1690 764 1733 804 de
1744 766 1915 809 spectantis
1928 768 1968 802 ad
1988 779 2049 802 nos
2068 766 2131 801 hae-l

1246 810 1393 846 reditatis
1405 813 1509 856 pretio
1520 815 1714 857 paciscimur
1727 841 1738 856 ,
1763 816 1818 850 ubi
1837 817 1927 851 nulla
1938 817 1989 851 vel
2010 817 2130 861 species

1245 861 1291 896 est
1304 862 1457 897 Simoniae
1472 889 1478 896 .
1506 865 1674 907 opulenta
1698 867 1877 901 &fratrum
1902 869 2034 902 suorum
2045 867 2131 901 suffi-

1252 912 1396 947 cientem
1420 913 1686 949 sustentationem
1705 914 1859 950 habentia
1872 917 2067 952 monasteria
2087 915 2133 953 ad

1250 963 1415 996 summum
1424 962 1465 997 de
1478 964 1612 999 avaritia
1622 965 1730 1000 notari
1741 967 1872 1010 possunt
1882 991 1892 1000 -.
1944 1002 1946 1006 ,

1298 1013 1436 1056 Opponi
1447 1023 1544 1056 queat
1553 1014 1744 1049 Innocentii
1756 1018 1861 1060 quarti
1872 1017 2045 1053 Pontificis
2055 1015 2132 1062 Epi.
2149 1023 2235 1066 Epist.
2256 1036 2287 1062 4·

1249 1061 1330 1096 stola
1347 1062 1388 1096 ad
1402 1063 1527 1096 sacrum
1535 1063 1696 1098 Ordinem
1709 1064 1953 1101 Cistertiensem
1965 1091 1974 1099 .
1998 1067 2134 1111 Indulge-

1249 1122 1336 1150 mus,
1360 1120 1395 1146 ut
1402 1112 1596 1155 pffffiones,
1621 1115 1729 1147 &alia
1749 1113 1825 1161 bona
1847 1115 1967 1150 mobilia
1990 1120 2135 1156 acimm'v·¹

1252 1161 1324 1195 bilia
1337 1186 1348 1202 ‚
1374 1167 1505 1204 exceptis
1508 1161 1684 1204 feudalibus
1700 1188 1712 1205 ,
1737 1174 1804 1205 quae
1809 1164 1952 1209 personas
1967 1165 2133 1208 fratrum',

1251 1212 1294 1244 acl
1302 1211 1473 1252 monasteria
1484 1211 1606 1253 vestrae*
1624 1211 1730 1256 saeculo
1743 1214 1925 1258 fugientium
1941 1241 1953 1258 ‚
1977 1217 2012 1250 <5
2019 1214 2136 1259 profes·

1247 1260 1356 1303 fionem
1388 1261 1568 1303 facientium
1607 1269 1640 1296 in
1680 1262 1788 1307 eisdem
1800 1289 1811 1305 ,
1829 1263 1859 1306 fi
1891 1264 2085 1310 remanfiffent
2103 1272 2137 1299 in

1247 1309 1351 1355 seculo
1367 1335 1380 1353 ,
1402 1315 1514 1345 ratione
1525 1310 1696 1360 sueceffionls
1707 1337 1718 1353 ,
1744 1316 1797 1347 vel
1802 1325 1977 1358 quocumque
1995 1315 2138 1358 altoJusto

1252 1363 1336 1396 titulo
1355 1361 1558 1406 contggrffent,
1577 1370 1679 1406 petere
1699 1375 1734 1402 ac
1742 1369 1870 1399 retinere
1894 1367 2049 1407 valeatis,
2073 1377 2144 1401 com.

1253 1418 1353 1445 trarta
1367 1411 1575 1455 consuetudine
1585 1424 1642 1446 non
1654 1414 1782 1453 obstante
1793 1439 1800 1446 .
1826 1415 1962 1451 lndulto
1974 1426 2029 1450 aut
2041 1415 2138 1459 privi-

1256 1461 1345 1506 legio
1356 1460 1406 1503 jus
1416 1472 1594 1495 commune
1606 1474 1674 1496 non
1685 1462 1785 1497 habet
1795 1475 1878 1507 opus
1893 1489 1903 1504 ‚
1929 1475 2026 1508 atque
2039 1465 2083 1498 ita
2092 1475 2136 1499 ex

1256 1511 1321 1546 isto
1331 1511 1520 1546 Innocentii
1548 1511 1680 1547 indulto
1693 1513 1794 1556 liquet
1814 1512 1967 1548 adductas
1987 1514 2139 1558 Justinia·

1254 1561 1289 1597 ni
1310 1561 1425 1606 legesa
1438 1561 1589 1596 Romana
1613 1562 1753 1597 Ecclesia
1776 1574 1944 1608 nunquam
1965 1563 2058 1599 fuiffe
2083 1563 2139 1599 ad··

1255 1610 1363 1646 mistas
1373 1635 1381 1643 .

1307 1659 1506 1704 Respondet>
1527 1672 1637 1696 earum
1650 1661 1998 1709 admiffionem‘patere
2007 1674 2049 1697 ex
2059 1664 2139 1698 San·

1259 1710 1313 1746 sto
1322 1709 1487 1756 Gregorio
1499 1711 1628 1756 Magno
1639 1736 1651 1753 ,
1676 1713 1816 1757 ideoque
1827 1714 1868 1748 de
1879 1715 1945 1758 ipsa
1957 1725 2025 1748 non
2038 1712 2140 1748 ambi-

1258 1759 1405 1806 gendum
1417 1787 1426 1794 .
1454 1759 1611 1796 Attamen
1637 1763 1724 1798 sacer
1742 1763 1956 1798 Cistertienfis
1976 1762 2072 1797 Ordo
2091 1761 2141 1796 ob

1261 1811 1341 1844 duas
1351 1812 1465 1845 causas
1474 1821 1556 1855 opus
1571 1811 1685 1847 habuit
1707 1811 1841 1848 laudato
1855 1812 2045 1857 privilegio.
2070 1811 2141 1846 Pri·

1261 1869 1350 1894 marn
1360 1861 1451 1903 supra
1464 1861 1650 1895 audivimus
1658 1861 1677 1895 ὲ
1688 1863 1828 1906 Synodo
1840 1861 2138 1903 Francofordiensi‚

1257 1909 1436 1946 mandante
1449 1909 1632 1946 monachos
1642 1912 1756 1957 suscipi
1768 1913 1833 1947 fine
1844 1913 1960 1956 quavis
1968 1913 2140 1952 exaflione

1253 1957 1417 2003 secundum
1435 1961 1581 2004 Regulam
1599 1961 1702 1996 san&
1722 1962 1880 1996 Benedtli‘t
1892 1988 1900 1996 .
1928 1961 2064 2003 Etenim
2077 1961 2144 1997 Ca-

1259 2010 1347 2046 tolus
1356 2010 1550 2056 Magnusin
1564 2011 1674 2045 Gallia
1687 2035 1699 2052 ‚
1725 2012 1902 2046 Germania
1917 2037 1927 2053 ,
1951 2019 1990 2047 aa
2000 2012 2139 2057 Longo-

1258 2059 1370 2094 bardia
1381 2059 1560 2103 proscripfit
1571 2061 1700 2102 quasvis
1717 2060 1956 2095 monachorum
1968 2052 2113 2105 Regulas
2125 2084 2138 2100 ,
2156 2082 2158 2090 x

1258 2109 1437 2153 omniaque
1447 2109 1507 2142 suae
1526 2108 1725 2145 monarchiae
1746 2109 1940 2145 monasteria
1965 2112 2076 2156 coegit
2098 2109 2140 2144 ad

1261 2158 1427 2204 Regulam
1437 2158 1545 2194 Sancti
1557 2157 1722 2194 Benedicti
1735 2184 1742 2192 .
1767 2159 1913 2204 Principi
1926 2159 2004 2195 huic
2029 2159 2141 2195 obstr-ie

1259 2207 1413 2243 stiffimus
1422 2208 1468 2243 est
1482 2219 1620 2253 magnus
1630 2210 1723 2244 Ordo
1747 2210 1821 2245 ille.
1849 2210 1897 2245 At
1908 2209 1984 2246 vero
2004 2209 2064 2245 ista
2076 2210 2143 2245 Re-
2156 2197 2229 2236 0²¹²·
2245 2204 2291 2234 59·

1260 2258 1337 2304 gula
1352 2258 1371 2292 a
1381 2257 1615 2294 monachando
1626 2259 1710 2293 nihil
1732 2260 1861 2303 penitus
1871 2260 1941 2295 vult
1958 2261 2070 2306 exigi,
2094 2261 2145 2295 mi

1261 2309 1392 2353 cipique
1413 2308 1572 2353 permittit
1600 2309 1668 2344 sola
1690 2311 1807 2353 sponte
1831 2311 1867 2345 &
1886 2310 1989 2356 gratis
2008 2310 2140 2345 oblata.

1264 2357 1386 2393 Ethuc
1408 2369 1477 2393 non
1499 2359 1569 2394 sola
1589 2358 1744 2403 Synodus
1761 2360 2060 2394 Francofordienfis
2083 2365 2142 2393 aut

1262 2409 1373 2443 Caroli
1386 2408 1507 2453 Magni
1519 2408 1731 2452 Capitulare,
1759 2410 1811 2444 sed
1835 2410 1932 2444 etiam
1954 2407 2141 2443 Alexandri

1262 2459 1349 2493 tertii
1360 2458 1490 2503 aliaque
1500 2459 1616 2493 cuneta
1635 2459 1771 2494 adducta
1788 2458 2016 2493 Romanorum
2028 2458 2143 2493 Ponti-

1264 2510 1360 2544 ficum
1369 2508 1498 2543 decreta
1509 2508 1692 2553 respiciunt:
1717 2509 1807 2544 Nam
1819 2510 1919 2553 usque
1930 2508 1971 2543 ad
1982 2508 2143 2544 Innocen-

1263 2559 1302 2594 tii
1313 2558 1401 2594 tertii
1413 2567 1560 2601 tempora
1573 2558 1714 2593 Ecclesia
1724 2559 1843 2594 Latina
1855 2559 1888 2592 in
1901 2556 2145 2595 suismonachit

1266 2608 1321 2642 vix
1333 2608 1432 2643 aliam
1442 2609 1578 2653 agnovit
1594 2608 1760 2653 Regulam
1773 2634 1783 2650 ,
1815 2620 1913 2653 quam
1923 2610 2029 2644 Sancti
2042 2607 2144 2642 Bene·
2159 2608 2278 2651 Epilb:
2324 2634 2327 2643 ‚,

1265 2659 1341 2693 dicii
1356 2684 1363 2691 .
1392 2659 1486 2693 Sacer
1507 2658 1604 2702 porro
1623 2659 1718 2693 Ordo
1742 2659 1956 2693 Cistertiensis
1977 2669 2019 2692 ex
2028 2657 2144 2692 Refor—
2184 2656 2186 2658 ’

1268 2709 1421 2743 marionis
1433 2710 1490 2742 suae
1499 2708 1797 2744 fundamentalibus
1819 2707 2023 2753 legibuseam
2046 2707 2144 2741 serva·

1268 2770 1302 2793 re
1325 2758 1421 2793 debet
1434 2758 1475 2792 ad
1497 2757 1636 2792 litteram
1651 2782 1662 2798 ,
1687 2757 1855 2802 nullosque
1871 2755 1988 2792 habere
2003 2756 2146 2803 fundos,

1268 2808 1324 2841 nisi
1339 2819 1421 2851 quos
1433 2806 1658 2841 sustentationi
1678 2808 1740 2841 suae
1750 2806 1940 2841 necessarios
1962 2806 2052 2841 colat
2073 2816 2146 2850 pro·

1269 2858 1345 2901 priis
1365 2856 1514 2890 manibus
1532 2857 1663 2891 suorum
1682 2857 1925 2892 Conversorum
1946 2881 1954 2889 .
1979 2855 2146 2896 cistertien-

1262 2906 1337 2950 sium
1348 2908 1490 2940 ordinem
1501 2929 1511 2945 ,
1535 2907 1643 2950 inquit
1667 2907 1701 2940 in
1723 2906 1870 2950 Epistola
1894 2904 1933 2941 ad
1960 2905 2143 2941 Robertum

1272 2955 1531 2991 Pontiniacenfis
1568 2956 1756 2991 monasterii
1789 2956 1937 2991 Priorem
1961 2953 2143 3000 Stephanus

1271 3007 1452 3050 Episcopus
1458 3006 1676 3041 Tornacenfis
1686 3030 1696 3046 ‚
1723 3005 1806 3049 quasi
1809 3008 1956 3040 lucernam
1963 3005 2057 3049 ficpru
2066 3016 2144 3039 mon-

1271 3066 1330 3091 tem
1338 3056 1462 3098 pofitam
1475 3080 1485 3096 ,
1509 3062 1575 3098 quis
1589 3061 1621 3090 in
1633 3056 1758 3097 Ecclesia
1770 3060 1826 3090 Dei
1835 3062 2000 3090 maximum
2019 3057 2053 3089 6·
2064 3062 2144 3096 prae-

1270 3113 1384 3149 cipuum
1409 3108 1521 3140 culmen
1547 3117 1605 3139 non
1630 3108 1713 3140 dicat
1735 3111 1880 3150 attingere
1902 3107 1919 3138 ?
1946 3105 2144 3148 Evangeltum

1271 3157 1429 3200 implentes
1441 3180 1451 3196 ‚
1477 3156 1661 3196 monasticam
1674 3158 1816 3201 Regulam
1828 3181 1840 3197 ,
1854 3153 2145 3199 'quamsupererogae-

1272 3212 1320 3241 vit
1341 3207 1523 3240 Benedictus
1547 3208 1641 3240 Pater
1660 3229 1671 3246 ,
1693 3207 1794 3249 fidelis
1816 3208 1997 3240 samaritani
2013 3202 2145 3243 stabula·

1272 3263 1335 3292 rt'us
1351 3280 1362 3296 ,
1381 3254 1419 3296 fic
1432 3255 1589 3299 observant
1601 3281 1612 3296 ,
1638 3266 1671 3290 ut
1682 3268 1733 3290 nec
1745 3268 1836 3290 unum
1844 3260 1882 3288 ete
1893 3266 1926 3288 eo
1930 3255 2000 3296 jota
2005 3258 2144 3295 prseteri-

1273 3319 1303 3341 re
1313 3308 1474 3341 videamur
1486 3331 1493 3339 .
1519 3309 1620 3340 Beata
1623 3315 1790 3349 paupertas
1799 3315 1893 3339 eorum
1905 3327 1916 3344 ‚
1939 3314 2006 3345 quae
2016 3304 2085 3336 lice't
2095 3313 2145 3336 eos

1267 3357 1356 3399 fame
1360 3365 1479 3399 premat
1499 3356 1656 3401 &frigore
1667 3381 1680 3398 ‚
1705 3368 1762 3390 non
1779 3364 1879 3388 tamen
1899 3362 1953 3386 aut
1977 3354 2146 3386 mendicare

1273 3408 1420 3450 compellit
1441 3431 1452 3448 ‚
1480 3415 1534 3439 aut
1555 3406 1701 3440 divitibus
1721 3405 1841 3438 adulari
1856 3428 1863 3434 .
1889 3405 1956 3436 Suis
1977 3414 2010 3435 ac
2027 3402 2147 3446 suorum

1276 3458 1413 3493 manebus
1424 3456 1536 3497 vidum
1556 3460 1716 3499 exquirunt
1735 3455 1769 3489 <5
1779 3451 1913 3494 vestitum
1926 3477 1934 3487 .
1955 3457 2022 3488 Nec
2043 3452 2149 3486 bucce&
2166 3462 2169 3464 “

2038 3504 2101 3538 lam
