<?xml version="1.0" encoding="UTF-8"?>
<!DOCTYPE html PUBLIC "-//W3C//DTD XHTML 1.0 Transitional//EN"
    "http://www.w3.org/TR/xhtml1/DTD/xhtml1-transitional.dtd">
<html xmlns="http://www.w3.org/1999/xhtml" xml:lang="en" lang="en">
 <head>
  <title>
</title>
<meta http-equiv="Content-Type" content="text/html;charset=utf-8" />
  <meta name='ocr-system' content='tesseract 3.04.00' />
  <meta name='ocr-capabilities' content='ocr_page ocr_carea ocr_par ocr_line ocrx_word'/>
</head>
<body>
  <div class='ocr_page' id='page_1' title='image "./operaomniastudio03lupuuoft/operaomniastudio03lupuuoft_0418.png"; bbox 0 0 2340 3762; ppageno 0'>
   <div class='ocr_carea' id='block_1_1' title="bbox 349 123 1592 185">
    <p class='ocr_par' dir='ltr' id='par_1_1' title="bbox 349 123 1592 185">
     <span class='ocr_line' id='line_1_1' title="bbox 349 123 1592 185; baseline -0.003 -16"><span class='ocrx_word' id='word_1_1' title='bbox 349 128 451 185; x_wconf 61' lang='lat'>400,</span> <span class='ocrx_word' id='word_1_2' title='bbox 701 136 741 161; x_wconf 49' lang='grc' dir='ltr'>ι’</span> <span class='ocrx_word' id='word_1_3' title='bbox 854 126 921 171; x_wconf 68' lang='lat' dir='ltr'>‘D</span> <span class='ocrx_word' id='word_1_4' title='bbox 956 123 1025 170; x_wconf 58' lang='lat'>1¹55</span> <span class='ocrx_word' id='word_1_5' title='bbox 1062 137 1147 169; x_wconf 71' lang='lat' dir='ltr'>s‘n&#39;</span> <span class='ocrx_word' id='word_1_6' title='bbox 1175 136 1202 165; x_wconf 66' lang='lat' dir='ltr'>n</span> <span class='ocrx_word' id='word_1_7' title='bbox 1239 136 1265 163; x_wconf 84' lang='grc' dir='ltr'><strong><em>τ</em></strong></span> <span class='ocrx_word' id='word_1_8' title='bbox 1299 125 1328 164; x_wconf 66' lang='grc' dir='ltr'><strong>Α</strong></span> <span class='ocrx_word' id='word_1_9' title='bbox 1365 137 1390 164; x_wconf 76' lang='lat' dir='ltr'>zr</span> <span class='ocrx_word' id='word_1_10' title='bbox 1424 135 1592 165; x_wconf 59' lang='lat'>1021</span> 
     </span>
    </p>
   </div>
   <div class='ocr_carea' id='block_1_2' title="bbox 277 204 2116 1257">
    <p class='ocr_par' dir='ltr' id='par_1_2' title="bbox 277 204 2116 605">
     <span class='ocr_line' id='line_1_2' title="bbox 283 204 2113 258; baseline 0.004 -21"><span class='ocrx_word' id='word_1_11' title='bbox 283 207 352 244; x_wconf 76' lang='lat' dir='ltr'>lum</span> <span class='ocrx_word' id='word_1_12' title='bbox 363 208 522 253; x_wconf 53' lang='lat' dir='ltr'>spectabat</span> <span class='ocrx_word' id='word_1_13' title='bbox 533 210 828 256; x_wconf 59' lang='lat' dir='ltr'>giemo-cassegae.</span> <span class='ocrx_word' id='word_1_14' title='bbox 855 212 966 255; x_wconf 81' lang='lat' dir='ltr'>Qare</span> <span class='ocrx_word' id='word_1_15' title='bbox 990 207 1095 239; x_wconf 85' lang='lat' dir='ltr'>fateor</span> <span class='ocrx_word' id='word_1_16' title='bbox 1112 204 1164 246; x_wconf 78' lang='lat' dir='ltr'>jus</span> <span class='ocrx_word' id='word_1_17' title='bbox 1229 214 1289 239; x_wconf 86' lang='lat' dir='ltr'>ret:</span> <span class='ocrx_word' id='word_1_18' title='bbox 1317 208 1403 249; x_wconf 76' lang='lat' dir='ltr'>‚Quos</span> <span class='ocrx_word' id='word_1_19' title='bbox 1425 207 1568 240; x_wconf 70' lang='lat' dir='ltr'>nimirum</span> <span class='ocrx_word' id='word_1_20' title='bbox 1577 209 1652 248; x_wconf 81' lang='lat' dir='ltr'>Mrffi</span> <span class='ocrx_word' id='word_1_21' title='bbox 1663 231 1674 248; x_wconf 87' lang='lat'><strong>,</strong></span> <span class='ocrx_word' id='word_1_22' title='bbox 1694 207 1819 251; x_wconf 72' lang='lat' dir='ltr'>fipenes</span> <span class='ocrx_word' id='word_1_23' title='bbox 1826 211 1860 253; x_wconf 71' lang='lat' dir='ltr'>fle</span> <span class='ocrx_word' id='word_1_24' title='bbox 1877 222 1912 247; x_wconf 65' lang='lat' dir='ltr'>m</span> <span class='ocrx_word' id='word_1_25' title='bbox 1927 218 2052 253; x_wconf 54' lang='lat' dir='ltr'>toditem</span> <span class='ocrx_word' id='word_1_26' title='bbox 2061 219 2113 258; x_wconf 45' lang='grc' dir='ltr'>,ζμ</span> 
     </span>
     <span class='ocr_line' id='line_1_3' title="bbox 282 254 2108 304; baseline 0.004 -17"><span class='ocrx_word' id='word_1_27' title='bbox 282 257 368 293; x_wconf 73' lang='lat' dir='ltr'>istud</span> <span class='ocrx_word' id='word_1_28' title='bbox 379 260 420 294; x_wconf 76' lang='lat' dir='ltr'>ad</span> <span class='ocrx_word' id='word_1_29' title='bbox 433 261 739 296; x_wconf 64' lang='lat' dir='ltr'>Le0nem1sausum</span> <span class='ocrx_word' id='word_1_30' title='bbox 751 257 898 302; x_wconf 65' lang='lat' dir='ltr'>spectasse</span> <span class='ocrx_word' id='word_1_31' title='bbox 916 280 928 295; x_wconf 89' lang='lat'>‚</span> <span class='ocrx_word' id='word_1_32' title='bbox 955 254 1011 288; x_wconf 71' lang='lat' dir='ltr'>nis:</span> <span class='ocrx_word' id='word_1_33' title='bbox 1036 256 1099 289; x_wconf 87' lang='lat' dir='ltr'>sese</span> <span class='ocrx_word' id='word_1_34' title='bbox 1110 265 1165 298; x_wconf 86' lang='lat' dir='ltr'>per</span> <span class='ocrx_word' id='word_1_35' title='bbox 1229 257 1297 288; x_wconf 71' lang='lat' dir='ltr'>nodi</span> <span class='ocrx_word' id='word_1_36' title='bbox 1323 258 1357 289; x_wconf 64' lang='grc' dir='ltr'>εἰ*</span> <span class='ocrx_word' id='word_1_37' title='bbox 1378 266 1486 293; x_wconf 76' lang='lat' dir='ltr'>caetera</span> <span class='ocrx_word' id='word_1_38' title='bbox 1503 256 1620 300; x_wconf 78' lang='lat' dir='ltr'>scripta</span> <span class='ocrx_word' id='word_1_39' title='bbox 1640 257 1783 292; x_wconf 85' lang='lat' dir='ltr'>baberent</span> <span class='ocrx_word' id='word_1_40' title='bbox 1810 283 1821 299; x_wconf 93' lang='lat'>,</span> <span class='ocrx_word' id='word_1_41' title='bbox 1845 259 1898 293; x_wconf 84' lang='lat' dir='ltr'>bos</span> <span class='ocrx_word' id='word_1_42' title='bbox 1917 269 2108 304; x_wconf 59' lang='lat' dir='ltr'>proculdubia</span> 
     </span>
     <span class='ocr_line' id='line_1_4' title="bbox 281 305 2110 356; baseline 0.002 -15"><span class='ocrx_word' id='word_1_43' title='bbox 281 309 414 344; x_wconf 68' lang='lat' dir='ltr'>haeresin</span> <span class='ocrx_word' id='word_1_44' title='bbox 437 310 496 345; x_wconf 78' lang='lat' dir='ltr'>illo</span> <span class='ocrx_word' id='word_1_45' title='bbox 515 311 692 356; x_wconf 68' lang='lat' dir='ltr'>spoliasset.</span> <span class='ocrx_word' id='word_1_46' title='bbox 718 309 827 350; x_wconf 87' lang='lat' dir='ltr'>Ipsum</span> <span class='ocrx_word' id='word_1_47' title='bbox 843 317 898 349; x_wconf 73' lang='lat' dir='ltr'>per</span> <span class='ocrx_word' id='word_1_48' title='bbox 919 305 1049 339; x_wconf 83' lang='lat' dir='ltr'>haerefin</span> <span class='ocrx_word' id='word_1_49' title='bbox 1073 305 1164 349; x_wconf 87' lang='lat' dir='ltr'>perdi</span> <span class='ocrx_word' id='word_1_50' title='bbox 1225 307 1390 347; x_wconf 72' lang='lat' dir='ltr'><em>perderent.</em></span> <span class='ocrx_word' id='word_1_51' title='bbox 1418 306 1522 341; x_wconf 83' lang='lat' dir='ltr'>Addit</span> <span class='ocrx_word' id='word_1_52' title='bbox 1533 307 1731 342; x_wconf 86' lang='lat' dir='ltr'>Guilielmus</span> <span class='ocrx_word' id='word_1_53' title='bbox 1743 308 2032 347; x_wconf 81' lang='lat' dir='ltr'>Bibliothecarius.</span> <span class='ocrx_word' id='word_1_54' title='bbox 2054 322 2110 351; x_wconf 63' lang='lat' dir='ltr'>Le.</span> 
     </span>
     <span class='ocr_line' id='line_1_5' title="bbox 277 355 2108 404; baseline 0.004 -14"><span class='ocrx_word' id='word_1_55' title='bbox 277 361 396 394; x_wconf 76' lang='lat' dir='ltr'>docuit</span> <span class='ocrx_word' id='word_1_56' title='bbox 413 361 534 404; x_wconf 78' lang='lat' dir='ltr'>semper</span> <span class='ocrx_word' id='word_1_57' title='bbox 558 363 591 395; x_wconf 73' lang='grc' dir='ltr'>ὃς</span> <span class='ocrx_word' id='word_1_58' title='bbox 604 362 714 393; x_wconf 79' lang='lat' dir='ltr'>Graeca</span> <span class='ocrx_word' id='word_1_59' title='bbox 723 358 757 390; x_wconf 90' lang='lat'>&amp;</span> <span class='ocrx_word' id='word_1_60' title='bbox 769 356 890 389; x_wconf 87' lang='lat' dir='ltr'>Latina</span> <span class='ocrx_word' id='word_1_61' title='bbox 901 355 1045 389; x_wconf 69' lang='lat' dir='ltr'>Ecclesia</span> <span class='ocrx_word' id='word_1_62' title='bbox 1057 367 1064 386; x_wconf 93' lang='lat'>:</span> <span class='ocrx_word' id='word_1_63' title='bbox 1096 355 1162 389; x_wconf 91' lang='lat' dir='ltr'>Uti</span> <span class='ocrx_word' id='word_1_64' title='bbox 1223 361 1294 399; x_wconf 75' lang='lat' dir='ltr'>gan·</span> <span class='ocrx_word' id='word_1_65' title='bbox 1312 363 1493 400; x_wconf 79' lang='lat' dir='ltr'>navigantes</span> <span class='ocrx_word' id='word_1_66' title='bbox 1515 363 1547 390; x_wconf 77' lang='lat' dir='ltr'>in</span> <span class='ocrx_word' id='word_1_67' title='bbox 1557 360 1729 392; x_wconf 75' lang='lat' dir='ltr'>sclavorum</span> <span class='ocrx_word' id='word_1_68' title='bbox 1741 370 1849 392; x_wconf 86' lang='lat' dir='ltr'>manus</span> <span class='ocrx_word' id='word_1_69' title='bbox 1862 361 1984 395; x_wconf 73' lang='lat' dir='ltr'>deduc‘lt&#39;</span> <span class='ocrx_word' id='word_1_70' title='bbox 1994 367 2108 399; x_wconf 73' lang='lat' dir='ltr'>incide-</span> 
     </span>
     <span class='ocr_line' id='line_1_6' title="bbox 282 397 2115 455; baseline 0 -11"><span class='ocrx_word' id='word_1_71' title='bbox 282 410 454 445; x_wconf 74' lang='lat' dir='ltr'>Romanus</span> <span class='ocrx_word' id='word_1_72' title='bbox 465 410 620 444; x_wconf 84' lang='lat' dir='ltr'>Pontifex</span> <span class='ocrx_word' id='word_1_73' title='bbox 630 433 641 450; x_wconf 94' lang='lat'>,</span> <span class='ocrx_word' id='word_1_74' title='bbox 672 407 716 440; x_wconf 74' lang='lat' dir='ltr'>ita</span> <span class='ocrx_word' id='word_1_75' title='bbox 728 417 861 450; x_wconf 87' lang='lat' dir='ltr'>quoque</span> <span class='ocrx_word' id='word_1_76' title='bbox 871 405 1060 439; x_wconf 84' lang='lat' dir='ltr'>Patriarcha</span> <span class='ocrx_word' id='word_1_77' title='bbox 1074 405 1165 439; x_wconf 90' lang='lat' dir='ltr'>Con·</span> <span class='ocrx_word' id='word_1_78' title='bbox 1229 415 1300 439; x_wconf 90' lang='lat' dir='ltr'>runt</span> <span class='ocrx_word' id='word_1_79' title='bbox 1313 433 1320 440; x_wconf 92' lang='lat'><strong>.</strong></span> <span class='ocrx_word' id='word_1_80' title='bbox 1351 410 1446 440; x_wconf 85' lang='lat' dir='ltr'>Bonis</span> <span class='ocrx_word' id='word_1_81' title='bbox 1463 408 1597 441; x_wconf 78' lang='lat' dir='ltr'>omnibus</span> <span class='ocrx_word' id='word_1_82' title='bbox 1610 434 1621 449; x_wconf 90' lang='lat'>,</span> <span class='ocrx_word' id='word_1_83' title='bbox 1649 411 1683 443; x_wconf 63' lang='grc' dir='ltr'>(α</span> <span class='ocrx_word' id='word_1_84' title='bbox 1701 409 1868 443; x_wconf 80' lang='lat' dir='ltr'>authentico</span> <span class='ocrx_word' id='word_1_85' title='bbox 1883 434 1894 451; x_wconf 91' lang='lat'><strong>,</strong></span> <span class='ocrx_word' id='word_1_86' title='bbox 1919 417 1953 445; x_wconf 73' lang='lat' dir='ltr'>in</span> <span class='ocrx_word' id='word_1_87' title='bbox 1979 424 2035 455; x_wconf 86' lang='lat' dir='ltr'>quo</span> <span class='ocrx_word' id='word_1_88' title='bbox 2040 397 2115 455; x_wconf 72' lang='lat' dir='ltr'>sub-¹</span> 
     </span>
     <span class='ocr_line' id='line_1_7' title="bbox 280 454 2116 504; baseline 0.001 -9"><span class='ocrx_word' id='word_1_89' title='bbox 280 457 611 504; x_wconf 76' lang='lat' dir='ltr'>stantinopolitanus.</span> <span class='ocrx_word' id='word_1_90' title='bbox 639 457 751 502; x_wconf 77' lang='lat' dir='ltr'>Quare</span> <span class='ocrx_word' id='word_1_91' title='bbox 769 456 829 500; x_wconf 88' lang='lat' dir='ltr'>qui</span> <span class='ocrx_word' id='word_1_92' title='bbox 850 455 885 490; x_wconf 90' lang='lat' dir='ltr'>id</span> <span class='ocrx_word' id='word_1_93' title='bbox 901 455 1001 490; x_wconf 88' lang='lat' dir='ltr'>hodie</span> <span class='ocrx_word' id='word_1_94' title='bbox 1015 467 1138 500; x_wconf 86' lang='lat' dir='ltr'>negant</span> <span class='ocrx_word' id='word_1_95' title='bbox 1153 480 1163 496; x_wconf 92' lang='lat'>,</span> <span class='ocrx_word' id='word_1_96' title='bbox 1223 454 1399 499; x_wconf 84' lang='lat' dir='ltr'><em>scriptiones</em></span> <span class='ocrx_word' id='word_1_97' title='bbox 1425 464 1553 492; x_wconf 86' lang='lat' dir='ltr'>omnium</span> <span class='ocrx_word' id='word_1_98' title='bbox 1573 458 1700 500; x_wconf 82' lang='lat' dir='ltr'>fuerunt</span> <span class='ocrx_word' id='word_1_99' title='bbox 1726 484 1739 500; x_wconf 95' lang='lat'>,</span> <span class='ocrx_word' id='word_1_100' title='bbox 1769 461 1935 503; x_wconf 74' lang='lat' dir='ltr'>exemplari</span> <span class='ocrx_word' id='word_1_101' title='bbox 1960 463 2116 497; x_wconf 69' lang='lat' dir='ltr'>denudati.</span> 
     </span>
     <span class='ocr_line' id='line_1_8' title="bbox 281 506 2116 559; baseline 0 -14"><span class='ocrx_word' id='word_1_102' title='bbox 281 510 442 546; x_wconf 76' lang='lat' dir='ltr'>blaterant</span> <span class='ocrx_word' id='word_1_103' title='bbox 464 509 625 542; x_wconf 80' lang='lat' dir='ltr'>Carolurn</span> <span class='ocrx_word' id='word_1_104' title='bbox 638 507 804 559; x_wconf 85' lang='lat' dir='ltr'>Magnum</span> <span class='ocrx_word' id='word_1_105' title='bbox 824 507 918 546; x_wconf 69' lang='lat' dir='ltr'>fuisse</span> <span class='ocrx_word' id='word_1_106' title='bbox 947 506 1085 550; x_wconf 81' lang='lat' dir='ltr'>imperio</span> <span class='ocrx_word' id='word_1_107' title='bbox 1097 517 1165 549; x_wconf 64' lang='lat' dir='ltr'>perv</span> <span class='ocrx_word' id='word_1_108' title='bbox 1223 506 1296 551; x_wconf 83' lang='lat' dir='ltr'>sunt</span> <span class='ocrx_word' id='word_1_109' title='bbox 1308 532 1318 549; x_wconf 84' lang='lat'><strong>,</strong></span> <span class='ocrx_word' id='word_1_110' title='bbox 1345 507 1451 553; x_wconf 75' lang='lat' dir='ltr'><em>ipsique</em></span> <span class='ocrx_word' id='word_1_111' title='bbox 1463 516 1559 551; x_wconf 81' lang='lat' dir='ltr'>capite</span> <span class='ocrx_word' id='word_1_112' title='bbox 1567 511 1652 551; x_wconf 73' lang='lat' dir='ltr'>plexi</span> <span class='ocrx_word' id='word_1_113' title='bbox 1664 511 1749 552; x_wconf 83' lang='lat' dir='ltr'><em>essent</em></span> <span class='ocrx_word' id='word_1_114' title='bbox 1758 536 1769 552; x_wconf 92' lang='lat'><strong><em>,</em></strong></span> <span class='ocrx_word' id='word_1_115' title='bbox 1797 509 1899 553; x_wconf 78' lang='lat' dir='ltr'>nisiab</span> <span class='ocrx_word' id='word_1_116' title='bbox 1913 511 1960 544; x_wconf 78' lang='lat' dir='ltr'>bis</span> <span class='ocrx_word' id='word_1_117' title='bbox 1971 536 1983 553; x_wconf 88' lang='lat'>,</span> <span class='ocrx_word' id='word_1_118' title='bbox 2008 521 2059 555; x_wconf 69' lang='lat' dir='ltr'>qut</span> <span class='ocrx_word' id='word_1_119' title='bbox 2070 514 2116 547; x_wconf 77' lang='lat' dir='ltr'>ab,</span> 
     </span>
     <span class='ocr_line' id='line_1_9' title="bbox 279 558 2113 605; baseline -0.002 -9"><span class='ocrx_word' id='word_1_120' title='bbox 279 558 387 604; x_wconf 73' lang='lat' dir='ltr'>peram</span> <span class='ocrx_word' id='word_1_121' title='bbox 400 558 577 592; x_wconf 77' lang='lat' dir='ltr'>intrusum.</span> <span class='ocrx_word' id='word_1_122' title='bbox 1228 558 1289 591; x_wconf 75' lang='lat' dir='ltr'>illis</span> <span class='ocrx_word' id='word_1_123' title='bbox 1314 558 1494 601; x_wconf 81' lang='lat' dir='ltr'>aufugerant</span> <span class='ocrx_word' id='word_1_124' title='bbox 1520 584 1530 599; x_wconf 89' lang='lat'>‚</span> <span class='ocrx_word' id='word_1_125' title='bbox 1556 567 1710 595; x_wconf 75' lang='lat' dir='ltr'><em>timeretur</em></span> <span class='ocrx_word' id='word_1_126' title='bbox 1732 585 1740 592; x_wconf 90' lang='lat'><strong>.</strong></span> <span class='ocrx_word' id='word_1_127' title='bbox 1766 562 1901 595; x_wconf 86' lang='lat' dir='ltr'><em>Tandem</em></span> <span class='ocrx_word' id='word_1_128' title='bbox 1921 562 2086 605; x_wconf 66' lang='lat' dir='ltr'>apostolicis</span> <span class='ocrx_word' id='word_1_129' title='bbox 2099 589 2113 603; x_wconf 91' lang='lat'>,</span> 
     </span>
    </p>

    <p class='ocr_par' dir='ltr' id='par_1_3' title="bbox 277 606 2116 1257">
     <span class='ocr_line' id='line_1_10' title="bbox 329 606 2113 655; baseline 0.002 -12"><span class='ocrx_word' id='word_1_130' title='bbox 329 610 448 652; x_wconf 83' lang='lat' dir='ltr'>Neque</span> <span class='ocrx_word' id='word_1_131' title='bbox 462 609 588 643; x_wconf 85' lang='lat' dir='ltr'>mireris</span> <span class='ocrx_word' id='word_1_132' title='bbox 599 608 744 655; x_wconf 84' lang='lat' dir='ltr'>Legatos</span> <span class='ocrx_word' id='word_1_133' title='bbox 758 608 973 654; x_wconf 77' lang='lat' dir='ltr'>Apostolicos</span> <span class='ocrx_word' id='word_1_134' title='bbox 984 607 1025 642; x_wconf 86' lang='lat' dir='ltr'>de</span> <span class='ocrx_word' id='word_1_135' title='bbox 1048 606 1110 641; x_wconf 85' lang='lat' dir='ltr'>hac</span> <span class='ocrx_word' id='word_1_136' title='bbox 1122 608 1167 641; x_wconf 87' lang='lat' dir='ltr'>ci·</span> <span class='ocrx_word' id='word_1_137' title='bbox 1228 608 1486 651; x_wconf 77' lang='lat' dir='ltr'>Imperialibusque</span> <span class='ocrx_word' id='word_1_138' title='bbox 1498 608 1664 644; x_wconf 88' lang='lat' dir='ltr'>Ludovici</span> <span class='ocrx_word' id='word_1_139' title='bbox 1677 611 1821 655; x_wconf 82' lang='lat' dir='ltr'>Augusti</span> <span class='ocrx_word' id='word_1_140' title='bbox 1843 613 1954 646; x_wconf 75' lang='lat' dir='ltr'>litterts</span> <span class='ocrx_word' id='word_1_141' title='bbox 1964 613 2003 646; x_wconf 86' lang='lat' dir='ltr'>ab</span> <span class='ocrx_word' id='word_1_142' title='bbox 2023 615 2113 647; x_wconf 75' lang='lat' dir='ltr'>exilio</span> 
     </span>
     <span class='ocr_line' id='line_1_11' title="bbox 278 656 2116 705; baseline 0.002 -11"><span class='ocrx_word' id='word_1_143' title='bbox 278 660 338 694; x_wconf 80' lang='lat' dir='ltr'>vili</span> <span class='ocrx_word' id='word_1_144' title='bbox 352 658 528 703; x_wconf 81' lang='lat' dir='ltr'>quaestione</span> <span class='ocrx_word' id='word_1_145' title='bbox 539 658 621 694; x_wconf 71' lang='lat' dir='ltr'>adeo</span> <span class='ocrx_word' id='word_1_146' title='bbox 632 661 748 694; x_wconf 83' lang='lat' dir='ltr'>acriter</span> <span class='ocrx_word' id='word_1_147' title='bbox 758 660 904 697; x_wconf 77' lang='lat' dir='ltr'>certaffe.</span> <span class='ocrx_word' id='word_1_148' title='bbox 936 658 993 692; x_wconf 83' lang='lat' dir='ltr'>Ab</span> <span class='ocrx_word' id='word_1_149' title='bbox 1013 656 1164 692; x_wconf 82' lang='lat' dir='ltr'>Adriano</span> <span class='ocrx_word' id='word_1_150' title='bbox 1228 658 1346 691; x_wconf 79' lang='lat' dir='ltr'>liberati</span> <span class='ocrx_word' id='word_1_151' title='bbox 1357 681 1368 697; x_wconf 90' lang='lat'><em>,</em></span> <span class='ocrx_word' id='word_1_152' title='bbox 1393 661 1546 694; x_wconf 82' lang='lat' dir='ltr'>undecimo</span> <span class='ocrx_word' id='word_1_153' title='bbox 1565 660 1769 694; x_wconf 83' lang='lat' dir='ltr'><em>Calendarum</em></span> <span class='ocrx_word' id='word_1_154' title='bbox 1786 662 2013 704; x_wconf 79' lang='lat' dir='ltr'>Januarr&#39;arum</span> <span class='ocrx_word' id='word_1_155' title='bbox 2034 665 2084 697; x_wconf 80' lang='lat' dir='ltr'>die</span> <span class='ocrx_word' id='word_1_156' title='bbox 2099 689 2116 705; x_wconf 81' lang='lat'>,</span> 
     </span>
     <span class='ocr_line' id='line_1_12' title="bbox 280 708 2112 754; baseline 0.002 -10"><span class='ocrx_word' id='word_1_157' title='bbox 280 710 446 744; x_wconf 85' lang='lat' dir='ltr'>Pontifice</span> <span class='ocrx_word' id='word_1_158' title='bbox 458 721 648 754; x_wconf 81' lang='lat' dir='ltr'>acceperant</span> <span class='ocrx_word' id='word_1_159' title='bbox 661 711 719 745; x_wconf 84' lang='lat' dir='ltr'>ista</span> <span class='ocrx_word' id='word_1_160' title='bbox 730 709 893 745; x_wconf 89' lang='lat' dir='ltr'>mandata.</span> <span class='ocrx_word' id='word_1_161' title='bbox 922 709 965 743; x_wconf 90' lang='lat' dir='ltr'>Et</span> <span class='ocrx_word' id='word_1_162' title='bbox 980 708 1166 742; x_wconf 78' lang='lat' dir='ltr'>Anassafius</span> <span class='ocrx_word' id='word_1_163' title='bbox 1230 709 1388 742; x_wconf 67' lang='lat' dir='ltr'>indic‘lione</span> <span class='ocrx_word' id='word_1_164' title='bbox 1410 719 1548 752; x_wconf 82' lang='lat' dir='ltr'>quarta,</span> <span class='ocrx_word' id='word_1_165' title='bbox 1574 714 1701 744; x_wconf 81' lang='lat' dir='ltr'><em>Romam</em></span> <span class='ocrx_word' id='word_1_166' title='bbox 1721 711 1837 753; x_wconf 68' lang='lat' dir='ltr'>reversi</span> <span class='ocrx_word' id='word_1_167' title='bbox 1850 734 1862 751; x_wconf 91' lang='lat'>‚</span> <span class='ocrx_word' id='word_1_168' title='bbox 1887 719 1986 746; x_wconf 72' lang='lat' dir='ltr'>omnia</span> <span class='ocrx_word' id='word_1_169' title='bbox 2011 725 2112 747; x_wconf 83' lang='lat' dir='ltr'>coram</span> 
     </span>
     <span class='ocr_line' id='line_1_13' title="bbox 281 757 2115 804; baseline 0.001 -10"><span class='ocrx_word' id='word_1_170' title='bbox 281 759 554 795; x_wconf 84' lang='lat' dir='ltr'>Bibliothecarius</span> <span class='ocrx_word' id='word_1_171' title='bbox 575 785 585 800; x_wconf 89' lang='lat'>‚</span> <span class='ocrx_word' id='word_1_172' title='bbox 611 763 721 804; x_wconf 78' lang='lat' dir='ltr'>Suppo</span> <span class='ocrx_word' id='word_1_173' title='bbox 741 760 865 795; x_wconf 88' lang='lat' dir='ltr'>Comes</span> <span class='ocrx_word' id='word_1_174' title='bbox 890 786 901 802; x_wconf 92' lang='lat'>,</span> <span class='ocrx_word' id='word_1_175' title='bbox 926 759 961 792; x_wconf 80' lang='grc' dir='ltr'>δε</span> <span class='ocrx_word' id='word_1_176' title='bbox 987 758 1165 793; x_wconf 84' lang='lat' dir='ltr'>Everardus</span> <span class='ocrx_word' id='word_1_177' title='bbox 1225 757 1336 802; x_wconf 88' lang='lat' dir='ltr'>summo</span> <span class='ocrx_word' id='word_1_178' title='bbox 1349 760 1492 803; x_wconf 80' lang='lat' dir='ltr'>Pontifice</span> <span class='ocrx_word' id='word_1_179' title='bbox 1517 761 1738 795; x_wconf 75' lang='lat' dir='ltr'>&amp;proceribus</span> <span class='ocrx_word' id='word_1_180' title='bbox 1757 764 1898 803; x_wconf 84' lang='lat' dir='ltr'>retulere,</span> <span class='ocrx_word' id='word_1_181' title='bbox 1924 761 2004 796; x_wconf 72' lang='lat' dir='ltr'>nibil</span> <span class='ocrx_word' id='word_1_182' title='bbox 2026 765 2115 797; x_wconf 75' lang='lat' dir='ltr'>allud</span> 
     </span>
     <span class='ocr_line' id='line_1_14' title="bbox 281 807 2113 856; baseline -0.001 -10"><span class='ocrx_word' id='word_1_183' title='bbox 281 812 399 846; x_wconf 81' lang='lat' dir='ltr'>mensae</span> <span class='ocrx_word' id='word_1_184' title='bbox 409 809 599 852; x_wconf 67' lang='lat' dir='ltr'>Praefeetus,</span> <span class='ocrx_word' id='word_1_185' title='bbox 626 811 790 846; x_wconf 90' lang='lat' dir='ltr'>Ludovici</span> <span class='ocrx_word' id='word_1_186' title='bbox 803 810 1012 855; x_wconf 82' lang='lat' dir='ltr'>Imperatoris</span> <span class='ocrx_word' id='word_1_187' title='bbox 1024 809 1161 853; x_wconf 82' lang='lat' dir='ltr'>Legati,</span> <span class='ocrx_word' id='word_1_188' title='bbox 1225 807 1462 852; x_wconf 60' lang='lat' dir='ltr'>scripurarum,</span> <span class='ocrx_word' id='word_1_189' title='bbox 1486 813 1579 853; x_wconf 71' lang='lat' dir='ltr'>quam</span> <span class='ocrx_word' id='word_1_190' title='bbox 1598 812 1707 845; x_wconf 78' lang='lat' dir='ltr'>librum</span> <span class='ocrx_word' id='word_1_191' title='bbox 1719 812 1846 845; x_wconf 67' lang='lat' dir='ltr'>Aetionis</span> <span class='ocrx_word' id='word_1_192' title='bbox 1868 815 2002 856; x_wconf 75' lang='lat' dir='ltr'>Ignatii,</span> <span class='ocrx_word' id='word_1_193' title='bbox 2029 814 2113 847; x_wconf 72' lang='lat' dir='ltr'>&amp;li-</span> 
     </span>
     <span class='ocr_line' id='line_1_15' title="bbox 281 859 2113 906; baseline -0.001 -10"><span class='ocrx_word' id='word_1_194' title='bbox 281 873 350 896; x_wconf 83' lang='lat' dir='ltr'>non</span> <span class='ocrx_word' id='word_1_195' title='bbox 365 859 525 896; x_wconf 75' lang='lat' dir='ltr'>desierunt</span> <span class='ocrx_word' id='word_1_196' title='bbox 537 862 611 896; x_wconf 90' lang='lat' dir='ltr'>illos</span> <span class='ocrx_word' id='word_1_197' title='bbox 623 862 799 896; x_wconf 83' lang='lat' dir='ltr'>accendere</span> <span class='ocrx_word' id='word_1_198' title='bbox 809 887 816 893; x_wconf 91' lang='lat'><strong>.</strong></span> <span class='ocrx_word' id='word_1_199' title='bbox 842 860 994 895; x_wconf 80' lang='lat' dir='ltr'>Tertiam</span> <span class='ocrx_word' id='word_1_200' title='bbox 1005 861 1166 894; x_wconf 85' lang='lat' dir='ltr'>rationem</span> <span class='ocrx_word' id='word_1_201' title='bbox 1230 860 1316 893; x_wconf 84' lang='lat' dir='ltr'>bellos</span> <span class='ocrx_word' id='word_1_202' title='bbox 1328 872 1398 903; x_wconf 85' lang='lat' dir='ltr'>quos</span> <span class='ocrx_word' id='word_1_203' title='bbox 1414 864 1435 892; x_wconf 79' lang='grc' dir='ltr'><em>ᾱ</em></span> <span class='ocrx_word' id='word_1_204' title='bbox 1448 863 1566 895; x_wconf 77' lang='lat' dir='ltr'>sclavis</span> <span class='ocrx_word' id='word_1_205' title='bbox 1577 871 1745 903; x_wconf 81' lang='lat' dir='ltr'>receperant</span> <span class='ocrx_word' id='word_1_206' title='bbox 1755 885 1766 901; x_wconf 92' lang='lat'>,</span> <span class='ocrx_word' id='word_1_207' title='bbox 1791 864 1826 897; x_wconf 65' lang='grc' dir='ltr'>(ν’</span> <span class='ocrx_word' id='word_1_208' title='bbox 1837 864 1962 906; x_wconf 78' lang='lat' dir='ltr'>reliquos</span> <span class='ocrx_word' id='word_1_209' title='bbox 1972 863 2084 897; x_wconf 84' lang='lat' dir='ltr'>libellos</span> <span class='ocrx_word' id='word_1_210' title='bbox 2099 887 2113 903; x_wconf 84' lang='lat'>,</span> 
     </span>
     <span class='ocr_line' id='line_1_16' title="bbox 279 909 2115 954; baseline 0.001 -9"><span class='ocrx_word' id='word_1_211' title='bbox 279 912 381 946; x_wconf 83' lang='lat' dir='ltr'>edicit</span> <span class='ocrx_word' id='word_1_212' title='bbox 405 913 438 945; x_wconf 87' lang='lat' dir='ltr'>in</span> <span class='ocrx_word' id='word_1_213' title='bbox 463 912 585 946; x_wconf 84' lang='lat' dir='ltr'>laudati</span> <span class='ocrx_word' id='word_1_214' title='bbox 607 911 781 947; x_wconf 79' lang='lat' dir='ltr'>pontificis</span> <span class='ocrx_word' id='word_1_215' title='bbox 802 913 871 946; x_wconf 86' lang='lat' dir='ltr'>vita</span> <span class='ocrx_word' id='word_1_216' title='bbox 893 910 1091 945; x_wconf 88' lang='lat' dir='ltr'>Guilielmus</span> <span class='ocrx_word' id='word_1_217' title='bbox 1113 909 1168 942; x_wconf 87' lang='lat' dir='ltr'>Bi·</span> <span class='ocrx_word' id='word_1_218' title='bbox 1231 921 1300 951; x_wconf 87' lang='lat' dir='ltr'>quos</span> <span class='ocrx_word' id='word_1_219' title='bbox 1325 913 1456 952; x_wconf 75' lang='lat' dir='ltr'>supponi</span> <span class='ocrx_word' id='word_1_220' title='bbox 1475 911 1712 951; x_wconf 72' lang='lat' dir='ltr'>Archi-Ministro</span> <span class='ocrx_word' id='word_1_221' title='bbox 1733 914 1886 953; x_wconf 73' lang='lat' dir='ltr'>1mper1al1</span> <span class='ocrx_word' id='word_1_222' title='bbox 1908 915 1944 946; x_wconf 68' lang='lat'>(¹7</span> <span class='ocrx_word' id='word_1_223' title='bbox 1967 910 2115 954; x_wconf 75' lang='lat' dir='ltr'>Anastasio,</span> 
     </span>
     <span class='ocr_line' id='line_1_17' title="bbox 281 959 2114 1004; baseline -0.001 -7"><span class='ocrx_word' id='word_1_224' title='bbox 281 960 537 997; x_wconf 77' lang='lat' dir='ltr'>bliothecarius=</span> <span class='ocrx_word' id='word_1_225' title='bbox 566 964 718 997; x_wconf 69' lang='lat' dir='ltr'>Adrianus</span> <span class='ocrx_word' id='word_1_226' title='bbox 739 961 882 1004; x_wconf 75' lang='lat' dir='ltr'>Pontifex</span> <span class='ocrx_word' id='word_1_227' title='bbox 894 960 1076 1004; x_wconf 79' lang='lat' dir='ltr'>stephanum</span> <span class='ocrx_word' id='word_1_228' title='bbox 1106 964 1168 992; x_wconf 84' lang='lat' dir='ltr'>Ne·</span> <span class='ocrx_word' id='word_1_229' title='bbox 1227 960 1441 1000; x_wconf 78' lang='lat' dir='ltr'>prudenttffimo</span> <span class='ocrx_word' id='word_1_230' title='bbox 1451 960 1674 995; x_wconf 75' lang='lat' dir='ltr'>Bibliothecario</span> <span class='ocrx_word' id='word_1_231' title='bbox 1691 959 1808 1003; x_wconf 72' lang='lat' dir='ltr'>sanc‘lae</span> <span class='ocrx_word' id='word_1_232' title='bbox 1817 964 1903 995; x_wconf 68' lang='lat' dir='ltr'>Sedis</span> <span class='ocrx_word' id='word_1_233' title='bbox 1924 962 2090 1004; x_wconf 81' lang='lat' dir='ltr'>Apostoltcae</span> <span class='ocrx_word' id='word_1_234' title='bbox 2103 985 2114 1001; x_wconf 88' lang='lat'><strong>,</strong></span> 
     </span>
     <span class='ocr_line' id='line_1_18' title="bbox 277 1007 2111 1056; baseline -0.001 -10"><span class='ocrx_word' id='word_1_235' title='bbox 277 1011 408 1055; x_wconf 79' lang='lat' dir='ltr'>pefinum</span> <span class='ocrx_word' id='word_1_236' title='bbox 420 1010 599 1056; x_wconf 81' lang='lat' dir='ltr'><em>Episcopum</em></span> <span class='ocrx_word' id='word_1_237' title='bbox 612 1038 621 1054; x_wconf 92' lang='lat'><strong>,</strong></span> <span class='ocrx_word' id='word_1_238' title='bbox 648 1025 732 1056; x_wconf 85' lang='lat' dir='ltr'>quem</span> <span class='ocrx_word' id='word_1_239' title='bbox 739 1013 935 1055; x_wconf 78' lang='lat' dir='ltr'>procaciffima</span> <span class='ocrx_word' id='word_1_240' title='bbox 951 1010 1078 1053; x_wconf 78' lang='lat' dir='ltr'>falsitas</span> <span class='ocrx_word' id='word_1_241' title='bbox 1085 1007 1164 1052; x_wconf 82' lang='lat' dir='ltr'>sere·</span> <span class='ocrx_word' id='word_1_242' title='bbox 1230 1011 1314 1050; x_wconf 85' lang='lat' dir='ltr'>cujus</span> <span class='ocrx_word' id='word_1_243' title='bbox 1334 1007 1530 1052; x_wconf 79' lang='lat' dir='ltr'>praescientiae</span> <span class='ocrx_word' id='word_1_244' title='bbox 1537 1007 1722 1052; x_wconf 72' lang='lat' dir='ltr'>solicitudine</span> <span class='ocrx_word' id='word_1_245' title='bbox 1743 1012 1896 1052; x_wconf 85' lang='lat' dir='ltr'>exemplar</span> <span class='ocrx_word' id='word_1_246' title='bbox 1906 1012 2017 1054; x_wconf 80' lang='lat' dir='ltr'>amtffae</span> <span class='ocrx_word' id='word_1_247' title='bbox 2029 1015 2111 1051; x_wconf 70' lang='lat' dir='ltr'>syno-</span> 
     </span>
     <span class='ocr_line' id='line_1_19' title="bbox 280 1062 1167 1107; baseline -0.005 -12"><span class='ocrx_word' id='word_1_248' title='bbox 280 1064 387 1103; x_wconf 82' lang='lat' dir='ltr'>m&#39;ffimo</span> <span class='ocrx_word' id='word_1_249' title='bbox 409 1065 560 1097; x_wconf 83' lang='lat' dir='ltr'>Ludovico</span> <span class='ocrx_word' id='word_1_250' title='bbox 573 1064 692 1107; x_wconf 80' lang='lat' dir='ltr'>Augusto</span> <span class='ocrx_word' id='word_1_251' title='bbox 731 1062 888 1106; x_wconf 75' lang='lat' dir='ltr'>incusans,</span> <span class='ocrx_word' id='word_1_252' title='bbox 913 1062 1018 1100; x_wconf 78' lang='lat' dir='ltr'>domo,</span> <span class='ocrx_word' id='word_1_253' title='bbox 1046 1062 1167 1093; x_wconf 81' lang='lat' dir='ltr'>Patria-</span> 
     </span>
     <span class='ocr_line' id='line_1_20' title="bbox 281 1110 1163 1156; baseline -0.005 -10"><span class='ocrx_word' id='word_1_254' title='bbox 281 1124 338 1155; x_wconf 84' lang='lat' dir='ltr'>que</span> <span class='ocrx_word' id='word_1_255' title='bbox 344 1111 560 1156; x_wconf 67' lang='lat' dir='ltr'>proscripserat</span> <span class='ocrx_word' id='word_1_256' title='bbox 572 1138 582 1154; x_wconf 92' lang='lat'>‚</span> <span class='ocrx_word' id='word_1_257' title='bbox 610 1113 647 1146; x_wconf 85' lang='lat' dir='ltr'>ab</span> <span class='ocrx_word' id='word_1_258' title='bbox 661 1113 788 1156; x_wconf 78' lang='lat' dir='ltr'>Augusta</span> <span class='ocrx_word' id='word_1_259' title='bbox 809 1110 1035 1154; x_wconf 76' lang='lat' dir='ltr'>mansuetudine</span> <span class='ocrx_word' id='word_1_260' title='bbox 1062 1112 1163 1142; x_wconf 80' lang='lat' dir='ltr'>multis</span> 
     </span>
     <span class='ocr_line' id='line_1_21' title="bbox 281 1158 1166 1205; baseline 0 -11"><span class='ocrx_word' id='word_1_261' title='bbox 281 1164 480 1205; x_wconf 72' lang='lat' dir='ltr'>Epistolarum</span> <span class='ocrx_word' id='word_1_262' title='bbox 503 1164 683 1196; x_wconf 77' lang='lat' dir='ltr'><em>documentis</em></span> <span class='ocrx_word' id='word_1_263' title='bbox 703 1167 853 1204; x_wconf 82' lang='lat' dir='ltr'>requirere</span> <span class='ocrx_word' id='word_1_264' title='bbox 857 1161 994 1202; x_wconf 71' lang='lat' dir='ltr'>studuit,</span> <span class='ocrx_word' id='word_1_265' title='bbox 1020 1158 1166 1194; x_wconf 85' lang='lat' dir='ltr'>tandem-</span> 
     </span>
     <span class='ocr_line' id='line_1_22' title="bbox 282 1211 1167 1257; baseline -0.003 -11"><span class='ocrx_word' id='word_1_266' title='bbox 282 1225 346 1257; x_wconf 86' lang='lat' dir='ltr'>que</span> <span class='ocrx_word' id='word_1_267' title='bbox 368 1212 514 1246; x_wconf 81' lang='lat' dir='ltr'>obtinuit</span> <span class='ocrx_word' id='word_1_268' title='bbox 530 1236 537 1244; x_wconf 88' lang='lat'><strong>.</strong></span> <span class='ocrx_word' id='word_1_269' title='bbox 582 1211 765 1256; x_wconf 86' lang='lat' dir='ltr'>Stephanus</span> <span class='ocrx_word' id='word_1_270' title='bbox 789 1212 847 1246; x_wconf 88' lang='lat' dir='ltr'>ille</span> <span class='ocrx_word' id='word_1_271' title='bbox 870 1221 939 1246; x_wconf 78' lang='lat' dir='ltr'>erat</span> <span class='ocrx_word' id='word_1_272' title='bbox 965 1212 1167 1255; x_wconf 85' lang='lat' dir='ltr'>Legatorum</span> 
     </span>
    </p>
   </div>
   <div class='ocr_carea' id='block_1_3' title="bbox 1206 329 1243 3514">
    <p class='ocr_par' dir='ltr' id='par_1_4' title="bbox 1206 329 1243 3514">
     <span class='ocr_line' id='line_1_23' title="bbox 1206 329 1221 431; baseline 0 -2"><span class='ocrx_word' id='word_1_273' title='bbox 1206 329 1221 431; x_wconf 95' lang='lat' dir='ltr'>   </span> 
     </span>
     <span class='ocr_line' id='line_1_24' title="bbox 1206 431 1221 628; baseline 0 -105"><span class='ocrx_word' id='word_1_274' title='bbox 1206 431 1221 628; x_wconf 95' lang='lat' dir='ltr'>   </span> 
     </span>
     <span class='ocr_line' id='line_1_25' title="bbox 1206 628 1221 728; baseline 0 0"><span class='ocrx_word' id='word_1_275' title='bbox 1206 628 1221 728; x_wconf 95' lang='lat' dir='ltr'>  </span> 
     </span>
     <span class='ocr_line' id='line_1_26' title="bbox 1207 728 1221 826; baseline 0 0"><span class='ocrx_word' id='word_1_276' title='bbox 1207 728 1221 826; x_wconf 95' lang='lat' dir='ltr'>  </span> 
     </span>
     <span class='ocr_line' id='line_1_27' title="bbox 1207 826 1222 929; baseline 0 0"><span class='ocrx_word' id='word_1_277' title='bbox 1207 826 1222 929; x_wconf 95' lang='lat' dir='ltr'>  </span> 
     </span>
     <span class='ocr_line' id='line_1_28' title="bbox 1207 929 1224 1026; baseline 0 0"><span class='ocrx_word' id='word_1_278' title='bbox 1207 929 1224 1026; x_wconf 95' lang='lat' dir='ltr'>  </span> 
     </span>
     <span class='ocr_line' id='line_1_29' title="bbox 1208 1026 1224 1084; baseline 0 -7"><span class='ocrx_word' id='word_1_279' title='bbox 1208 1026 1224 1084; x_wconf 95' lang='lat' dir='ltr'>  </span> 
     </span>
     <span class='ocr_line' id='line_1_30' title="bbox 1207 1084 1223 1278; baseline 0 -50"><span class='ocrx_word' id='word_1_280' title='bbox 1207 1084 1223 1278; x_wconf 95' lang='lat' dir='ltr'>   </span> 
     </span>
     <span class='ocr_line' id='line_1_31' title="bbox 1207 1287 1222 1481; baseline 0 -52"><span class='ocrx_word' id='word_1_281' title='bbox 1207 1287 1222 1481; x_wconf 95' lang='lat' dir='ltr'>   </span> 
     </span>
     <span class='ocr_line' id='line_1_32' title="bbox 1208 1485 1226 1675; baseline 0 -48"><span class='ocrx_word' id='word_1_282' title='bbox 1208 1485 1226 1675; x_wconf 95' lang='lat' dir='ltr'>   </span> 
     </span>
     <span class='ocr_line' id='line_1_33' title="bbox 1210 1685 1226 1928; baseline 0 -49"><span class='ocrx_word' id='word_1_283' title='bbox 1210 1685 1226 1928; x_wconf 95' lang='lat' dir='ltr'>    </span> 
     </span>
     <span class='ocr_line' id='line_1_34' title="bbox 1211 1928 1228 2077; baseline 0 -102"><span class='ocrx_word' id='word_1_284' title='bbox 1211 1928 1228 2077; x_wconf 95' lang='lat' dir='ltr'>    </span> 
     </span>
     <span class='ocr_line' id='line_1_35' title="bbox 1211 2077 1230 2275; baseline 0 -52"><span class='ocrx_word' id='word_1_285' title='bbox 1211 2077 1230 2275; x_wconf 95' lang='lat' dir='ltr'>   </span> 
     </span>
     <span class='ocr_line' id='line_1_36' title="bbox 1214 2277 1231 2475; baseline 0 -48"><span class='ocrx_word' id='word_1_286' title='bbox 1214 2277 1231 2475; x_wconf 95' lang='lat' dir='ltr'>   </span> 
     </span>
     <span class='ocr_line' id='line_1_37' title="bbox 1215 2575 1236 2778; baseline 0 -153"><span class='ocrx_word' id='word_1_287' title='bbox 1215 2575 1236 2778; x_wconf 95' lang='lat' dir='ltr'>    </span> 
     </span>
     <span class='ocr_line' id='line_1_38' title="bbox 1216 2778 1236 2973; baseline 0 -96"><span class='ocrx_word' id='word_1_288' title='bbox 1216 2778 1236 2973; x_wconf 95' lang='lat' dir='ltr'>   </span> 
     </span>
     <span class='ocr_line' id='line_1_39' title="bbox 1216 2973 1236 3128; baseline 0 0"><span class='ocrx_word' id='word_1_289' title='bbox 1216 2973 1236 3128; x_wconf 95' lang='lat' dir='ltr'>   </span> 
     </span>
     <span class='ocr_line' id='line_1_40' title="bbox 1228 3431 1243 3514; baseline 0 248"><span class='ocrx_word' id='word_1_290' title='bbox 1228 3431 1243 3514; x_wconf 95' lang='lat' dir='ltr'> </span> 
     </span>
    </p>
   </div>
   <div class='ocr_carea' id='block_1_4' title="bbox 1230 1058 2116 2044">
    <p class='ocr_par' dir='ltr' id='par_1_5' title="bbox 1230 1058 2116 2044">
     <span class='ocr_line' id='line_1_41' title="bbox 1232 1058 2115 1102; baseline 0.001 -10"><span class='ocrx_word' id='word_1_291' title='bbox 1232 1060 1263 1092; x_wconf 73' lang='lat' dir='ltr'>dt</span> <span class='ocrx_word' id='word_1_292' title='bbox 1274 1085 1285 1100; x_wconf 93' lang='lat'>‚</span> <span class='ocrx_word' id='word_1_293' title='bbox 1311 1061 1391 1102; x_wconf 85' lang='lat' dir='ltr'>quod</span> <span class='ocrx_word' id='word_1_294' title='bbox 1391 1058 1448 1102; x_wconf 82' lang='lat' dir='ltr'>fibi</span> <span class='ocrx_word' id='word_1_295' title='bbox 1452 1058 1642 1102; x_wconf 81' lang='lat' dir='ltr'>scribendum</span> <span class='ocrx_word' id='word_1_296' title='bbox 1652 1065 1870 1101; x_wconf 82' lang='lat' dir='ltr'>impetraverat</span> <span class='ocrx_word' id='word_1_297' title='bbox 1879 1085 1890 1101; x_wconf 93' lang='lat'>‚</span> <span class='ocrx_word' id='word_1_298' title='bbox 1916 1060 2043 1102; x_wconf 82' lang='lat' dir='ltr'>Ecclefia</span> <span class='ocrx_word' id='word_1_299' title='bbox 2053 1065 2115 1094; x_wconf 67' lang='lat' dir='ltr'>Roa,</span> 
     </span>
     <span class='ocr_line' id='line_1_42' title="bbox 1232 1107 2113 1153; baseline 0.002 -12"><span class='ocrx_word' id='word_1_300' title='bbox 1232 1121 1320 1142; x_wconf 87' lang='lat' dir='ltr'>mana</span> <span class='ocrx_word' id='word_1_301' title='bbox 1336 1107 1463 1153; x_wconf 83' lang='lat' dir='ltr'>suscepit</span> <span class='ocrx_word' id='word_1_302' title='bbox 1483 1133 1494 1150; x_wconf 92' lang='lat'>,</span> <span class='ocrx_word' id='word_1_303' title='bbox 1520 1111 1632 1142; x_wconf 81' lang='lat' dir='ltr'>dudum</span> <span class='ocrx_word' id='word_1_304' title='bbox 1655 1108 1905 1152; x_wconf 73' lang='lat' dir='ltr'>constantinopoli</span> <span class='ocrx_word' id='word_1_305' title='bbox 1927 1112 2113 1144; x_wconf 82' lang='lat' dir='ltr'>commenda-</span> 
     </span>
     <span class='ocr_line' id='line_1_43' title="bbox 1232 1159 2115 1205; baseline 0.003 -13"><span class='ocrx_word' id='word_1_306' title='bbox 1232 1168 1362 1200; x_wconf 84' lang='lat' dir='ltr'>verant,</span> <span class='ocrx_word' id='word_1_307' title='bbox 1387 1159 1530 1200; x_wconf 84' lang='lat' dir='ltr'>ostendere</span> <span class='ocrx_word' id='word_1_308' title='bbox 1534 1168 1693 1202; x_wconf 83' lang='lat' dir='ltr'>potuerunt</span> <span class='ocrx_word' id='word_1_309' title='bbox 1705 1185 1713 1192; x_wconf 92' lang='lat'><strong>.</strong></span> <span class='ocrx_word' id='word_1_310' title='bbox 1741 1159 1955 1203; x_wconf 87' lang='lat' dir='ltr'>Apostolicos</span> <span class='ocrx_word' id='word_1_311' title='bbox 1967 1160 2115 1205; x_wconf 86' lang='lat' dir='ltr'>Legatos</span> 
     </span>
     <span class='ocr_line' id='line_1_44' title="bbox 1231 1209 2114 1255; baseline 0.002 -12"><span class='ocrx_word' id='word_1_312' title='bbox 1231 1209 1417 1255; x_wconf 63' lang='lat' dir='ltr'>&amp;generalis</span> <span class='ocrx_word' id='word_1_313' title='bbox 1426 1211 1556 1252; x_wconf 87' lang='lat' dir='ltr'>Synodi</span> <span class='ocrx_word' id='word_1_314' title='bbox 1579 1210 1654 1244; x_wconf 91' lang='lat' dir='ltr'>loco</span> <span class='ocrx_word' id='word_1_315' title='bbox 1668 1211 1812 1244; x_wconf 88' lang='lat' dir='ltr'>Romam</span> <span class='ocrx_word' id='word_1_316' title='bbox 1835 1211 1961 1245; x_wconf 89' lang='lat' dir='ltr'>solenni</span> <span class='ocrx_word' id='word_1_317' title='bbox 1973 1211 2114 1245; x_wconf 74' lang='lat' dir='ltr'>evestio-</span> 
     </span>
     <span class='ocr_line' id='line_1_45' title="bbox 1231 1258 2110 1305; baseline 0.002 -11"><span class='ocrx_word' id='word_1_318' title='bbox 1231 1272 1272 1295; x_wconf 90' lang='lat' dir='ltr'>ne</span> <span class='ocrx_word' id='word_1_319' title='bbox 1282 1268 1338 1295; x_wconf 85' lang='lat' dir='ltr'>aut</span> <span class='ocrx_word' id='word_1_320' title='bbox 1350 1261 1469 1305; x_wconf 87' lang='lat' dir='ltr'>Regali</span> <span class='ocrx_word' id='word_1_321' title='bbox 1480 1260 1643 1295; x_wconf 88' lang='lat' dir='ltr'>dromone</span> <span class='ocrx_word' id='word_1_322' title='bbox 1662 1258 1814 1295; x_wconf 86' lang='lat' dir='ltr'>reducere</span> <span class='ocrx_word' id='word_1_323' title='bbox 1835 1260 1882 1295; x_wconf 87' lang='lat' dir='ltr'>est</span> <span class='ocrx_word' id='word_1_324' title='bbox 1892 1260 2028 1304; x_wconf 83' lang='lat' dir='ltr'>antiqua</span> <span class='ocrx_word' id='word_1_325' title='bbox 2039 1260 2110 1296; x_wconf 83' lang='lat' dir='ltr'>Ro·</span> 
     </span>
     <span class='ocr_line' id='line_1_46' title="bbox 1230 1309 2115 1354; baseline 0 -10"><span class='ocrx_word' id='word_1_326' title='bbox 1230 1311 1320 1345; x_wconf 85' lang='lat' dir='ltr'>mani</span> <span class='ocrx_word' id='word_1_327' title='bbox 1330 1309 1460 1354; x_wconf 87' lang='lat' dir='ltr'>Imperii</span> <span class='ocrx_word' id='word_1_328' title='bbox 1473 1311 1575 1354; x_wconf 85' lang='lat' dir='ltr'>pietas</span> <span class='ocrx_word' id='word_1_329' title='bbox 1585 1337 1595 1352; x_wconf 91' lang='lat'>,</span> <span class='ocrx_word' id='word_1_330' title='bbox 1623 1312 1677 1346; x_wconf 86' lang='lat' dir='ltr'>cui</span> <span class='ocrx_word' id='word_1_331' title='bbox 1689 1312 1788 1345; x_wconf 87' lang='lat' dir='ltr'>etiam</span> <span class='ocrx_word' id='word_1_332' title='bbox 1802 1311 1837 1345; x_wconf 87' lang='lat' dir='ltr'>in</span> <span class='ocrx_word' id='word_1_333' title='bbox 1850 1310 1886 1344; x_wconf 95' lang='lat' dir='ltr'>N</span> <span class='ocrx_word' id='word_1_334' title='bbox 1889 1310 1987 1344; x_wconf 86' lang='lat' dir='ltr'>icolai</span> <span class='ocrx_word' id='word_1_335' title='bbox 1996 1310 2115 1346; x_wconf 67' lang='lat' dir='ltr'>Ponti-v</span> 
     </span>
     <span class='ocr_line' id='line_1_47' title="bbox 1231 1359 2115 1406; baseline -0.001 -10"><span class='ocrx_word' id='word_1_336' title='bbox 1231 1362 1300 1396; x_wconf 84' lang='lat' dir='ltr'>ficis</span> <span class='ocrx_word' id='word_1_337' title='bbox 1311 1361 1454 1406; x_wconf 85' lang='lat' dir='ltr'>Legatos</span> <span class='ocrx_word' id='word_1_338' title='bbox 1476 1360 1581 1395; x_wconf 82' lang='lat' dir='ltr'>deeffe</span> <span class='ocrx_word' id='word_1_339' title='bbox 1598 1373 1667 1396; x_wconf 92' lang='lat' dir='ltr'>non</span> <span class='ocrx_word' id='word_1_340' title='bbox 1681 1359 2030 1405; x_wconf 80' lang='lat' dir='ltr'>praesumpfitMichael</span> <span class='ocrx_word' id='word_1_341' title='bbox 2042 1360 2115 1395; x_wconf 85' lang='lat' dir='ltr'>Au-</span> 
     </span>
     <span class='ocr_line' id='line_1_48' title="bbox 1231 1409 2114 1457; baseline -0.001 -11"><span class='ocrx_word' id='word_1_342' title='bbox 1231 1411 1361 1457; x_wconf 88' lang='lat' dir='ltr'>gustus:</span> <span class='ocrx_word' id='word_1_343' title='bbox 1389 1411 1518 1446; x_wconf 85' lang='lat' dir='ltr'>Primus</span> <span class='ocrx_word' id='word_1_344' title='bbox 1540 1411 1586 1446; x_wconf 92' lang='lat' dir='ltr'>ob</span> <span class='ocrx_word' id='word_1_345' title='bbox 1597 1409 1751 1455; x_wconf 82' lang='lat' dir='ltr'>repetitos</span> <span class='ocrx_word' id='word_1_346' title='bbox 1772 1413 1931 1447; x_wconf 80' lang='lat' dir='ltr'>Romanae</span> <span class='ocrx_word' id='word_1_347' title='bbox 1943 1410 2114 1446; x_wconf 87' lang='lat' dir='ltr'>Profeffio-</span> 
     </span>
     <span class='ocr_line' id='line_1_49' title="bbox 1233 1461 2112 1507; baseline 0.001 -12"><span class='ocrx_word' id='word_1_348' title='bbox 1233 1463 1283 1496; x_wconf 86' lang='lat' dir='ltr'>nis</span> <span class='ocrx_word' id='word_1_349' title='bbox 1295 1461 1425 1496; x_wconf 83' lang='lat' dir='ltr'>libellos</span> <span class='ocrx_word' id='word_1_350' title='bbox 1440 1485 1451 1500; x_wconf 95' lang='lat'>,</span> <span class='ocrx_word' id='word_1_351' title='bbox 1477 1461 1648 1503; x_wconf 83' lang='lat' dir='ltr'>repetitam</span> <span class='ocrx_word' id='word_1_352' title='bbox 1661 1462 1815 1497; x_wconf 85' lang='lat' dir='ltr'>dioecefin</span> <span class='ocrx_word' id='word_1_353' title='bbox 1828 1462 2037 1507; x_wconf 77' lang='lat' dir='ltr'>Bulgaricam</span> <span class='ocrx_word' id='word_1_354' title='bbox 2048 1485 2060 1503; x_wconf 90' lang='lat'><strong>,</strong></span> <span class='ocrx_word' id='word_1_355' title='bbox 2072 1471 2112 1496; x_wconf 76' lang='lat' dir='ltr'>ac</span> 
     </span>
     <span class='ocr_line' id='line_1_50' title="bbox 1231 1504 2116 1554; baseline -0.002 -8"><span class='ocrx_word' id='word_1_356' title='bbox 1231 1511 1399 1546; x_wconf 89' lang='lat' dir='ltr'>defensum</span> <span class='ocrx_word' id='word_1_357' title='bbox 1422 1508 1585 1544; x_wconf 89' lang='lat' dir='ltr'>Ludovici</span> <span class='ocrx_word' id='word_1_358' title='bbox 1607 1511 1749 1554; x_wconf 88' lang='lat' dir='ltr'>Augusti</span> <span class='ocrx_word' id='word_1_359' title='bbox 1763 1511 1981 1545; x_wconf 78' lang='lat' dir='ltr'>Occidentale</span> <span class='ocrx_word' id='word_1_360' title='bbox 2007 1504 2116 1554; x_wconf 54' lang='lat' dir='ltr'>imp&amp;</span> 
     </span>
     <span class='ocr_line' id='line_1_51' title="bbox 1232 1558 2113 1604; baseline -0.001 -10"><span class='ocrx_word' id='word_1_361' title='bbox 1232 1561 1315 1594; x_wconf 84' lang='lat' dir='ltr'>rium</span> <span class='ocrx_word' id='word_1_362' title='bbox 1325 1559 1430 1594; x_wconf 89' lang='lat' dir='ltr'>defuit</span> <span class='ocrx_word' id='word_1_363' title='bbox 1441 1559 1541 1593; x_wconf 85' lang='lat' dir='ltr'>iratus</span> <span class='ocrx_word' id='word_1_364' title='bbox 1553 1559 1690 1594; x_wconf 74' lang='lat' dir='ltr'>Basilius</span> <span class='ocrx_word' id='word_1_365' title='bbox 1700 1558 1889 1604; x_wconf 84' lang='lat' dir='ltr'>Augustus:</span> <span class='ocrx_word' id='word_1_366' title='bbox 1911 1560 1956 1594; x_wconf 86' lang='lat' dir='ltr'>Et</span> <span class='ocrx_word' id='word_1_367' title='bbox 1977 1558 2113 1604; x_wconf 86' lang='lat' dir='ltr'>quidem</span> 
     </span>
     <span class='ocr_line' id='line_1_52' title="bbox 1232 1608 2114 1653; baseline -0.003 -10"><span class='ocrx_word' id='word_1_368' title='bbox 1232 1609 1273 1643; x_wconf 82' lang='lat' dir='ltr'>de</span> <span class='ocrx_word' id='word_1_369' title='bbox 1293 1608 1476 1643; x_wconf 81' lang='lat' dir='ltr'>collusione</span> <span class='ocrx_word' id='word_1_370' title='bbox 1495 1618 1571 1642; x_wconf 85' lang='lat' dir='ltr'>cum</span> <span class='ocrx_word' id='word_1_371' title='bbox 1601 1608 1742 1643; x_wconf 87' lang='lat' dir='ltr'>barbaris</span> <span class='ocrx_word' id='word_1_372' title='bbox 1768 1610 1803 1643; x_wconf 88' lang='lat'>&amp;</span> <span class='ocrx_word' id='word_1_373' title='bbox 1827 1609 1963 1653; x_wconf 79' lang='lat' dir='ltr'>paganis</span> <span class='ocrx_word' id='word_1_374' title='bbox 1985 1608 2114 1643; x_wconf 71' lang='lat' dir='ltr'>Sclavie</span> 
     </span>
     <span class='ocr_line' id='line_1_53' title="bbox 1234 1657 2114 1706; baseline -0.003 -12"><span class='ocrx_word' id='word_1_375' title='bbox 1234 1659 1389 1703; x_wconf 67' lang='lat' dir='ltr'>suspectus</span> <span class='ocrx_word' id='word_1_376' title='bbox 1414 1683 1421 1690; x_wconf 91' lang='lat'><strong><em>.</em></strong></span> <span class='ocrx_word' id='word_1_377' title='bbox 1448 1657 1577 1706; x_wconf 84' lang='lat' dir='ltr'>Qavis</span> <span class='ocrx_word' id='word_1_378' title='bbox 1598 1659 1688 1693; x_wconf 89' lang='lat' dir='ltr'>enim</span> <span class='ocrx_word' id='word_1_379' title='bbox 1711 1659 1764 1693; x_wconf 89' lang='lat' dir='ltr'>via</span> <span class='ocrx_word' id='word_1_380' title='bbox 1787 1658 1961 1693; x_wconf 88' lang='lat' dir='ltr'>Romanos</span> <span class='ocrx_word' id='word_1_381' title='bbox 1981 1657 2114 1692; x_wconf 83' lang='lat' dir='ltr'>libellos</span> 
     </span>
     <span class='ocr_line' id='line_1_54' title="bbox 1233 1708 2113 1754; baseline -0.003 -10"><span class='ocrx_word' id='word_1_382' title='bbox 1233 1709 1323 1754; x_wconf 88' lang='lat' dir='ltr'>perdi</span> <span class='ocrx_word' id='word_1_383' title='bbox 1348 1708 1454 1743; x_wconf 87' lang='lat' dir='ltr'>voluit</span> <span class='ocrx_word' id='word_1_384' title='bbox 1474 1732 1486 1748; x_wconf 86' lang='lat'>‚</span> <span class='ocrx_word' id='word_1_385' title='bbox 1511 1709 1546 1743; x_wconf 69' lang='grc' dir='ltr'>ὅ(</span> <span class='ocrx_word' id='word_1_386' title='bbox 1572 1708 1741 1752; x_wconf 85' lang='lat' dir='ltr'>Episcopis</span> <span class='ocrx_word' id='word_1_387' title='bbox 1759 1709 1825 1743; x_wconf 77' lang='lat' dir='ltr'>suis</span> <span class='ocrx_word' id='word_1_388' title='bbox 1850 1709 1920 1743; x_wconf 85' lang='lat' dir='ltr'>fieri</span> <span class='ocrx_word' id='word_1_389' title='bbox 1941 1708 2113 1752; x_wconf 84' lang='lat' dir='ltr'>impunem</span> 
     </span>
     <span class='ocr_line' id='line_1_55' title="bbox 1235 1757 2115 1802; baseline -0.001 -9"><span class='ocrx_word' id='word_1_390' title='bbox 1235 1758 1417 1794; x_wconf 83' lang='lat' dir='ltr'>libertatem</span> <span class='ocrx_word' id='word_1_391' title='bbox 1441 1757 1524 1795; x_wconf 69' lang='lat' dir='ltr'>Ac&#39;ta</span> <span class='ocrx_word' id='word_1_392' title='bbox 1545 1758 1717 1801; x_wconf 81' lang='lat' dir='ltr'>synodalia</span> <span class='ocrx_word' id='word_1_393' title='bbox 1737 1770 1792 1802; x_wconf 88' lang='lat' dir='ltr'>per</span> <span class='ocrx_word' id='word_1_394' title='bbox 1814 1757 2037 1794; x_wconf 85' lang='lat' dir='ltr'>additamenta</span> <span class='ocrx_word' id='word_1_395' title='bbox 2054 1766 2115 1792; x_wconf 89' lang='lat' dir='ltr'>aut</span> 
     </span>
     <span class='ocr_line' id='line_1_56' title="bbox 1233 1806 2115 1855; baseline -0.005 -10"><span class='ocrx_word' id='word_1_396' title='bbox 1233 1810 1473 1845; x_wconf 83' lang='lat' dir='ltr'>truncationem</span> <span class='ocrx_word' id='word_1_397' title='bbox 1501 1809 1661 1843; x_wconf 81' lang='lat' dir='ltr'>vitiandi.</span> <span class='ocrx_word' id='word_1_398' title='bbox 1689 1809 1733 1844; x_wconf 91' lang='lat' dir='ltr'>Et</span> <span class='ocrx_word' id='word_1_399' title='bbox 1753 1808 1831 1843; x_wconf 84' lang='lat' dir='ltr'>hinc</span> <span class='ocrx_word' id='word_1_400' title='bbox 1853 1819 1988 1855; x_wconf 85' lang='lat' dir='ltr'>purgare</span> <span class='ocrx_word' id='word_1_401' title='bbox 2007 1809 2040 1843; x_wconf 86' lang='lat' dir='ltr'>se</span> <span class='ocrx_word' id='word_1_402' title='bbox 2050 1806 2115 1841; x_wconf 85' lang='lat' dir='ltr'>stu·-</span> 
     </span>
     <span class='ocr_line' id='line_1_57' title="bbox 1233 1853 2112 1903; baseline -0.003 -10"><span class='ocrx_word' id='word_1_403' title='bbox 1233 1860 1313 1893; x_wconf 87' lang='lat' dir='ltr'>dens</span> <span class='ocrx_word' id='word_1_404' title='bbox 1340 1861 1374 1892; x_wconf 91' lang='lat' dir='ltr'>in</span> <span class='ocrx_word' id='word_1_405' title='bbox 1400 1859 1520 1893; x_wconf 87' lang='lat' dir='ltr'>litteris</span> <span class='ocrx_word' id='word_1_406' title='bbox 1538 1859 1580 1893; x_wconf 88' lang='lat' dir='ltr'>de</span> <span class='ocrx_word' id='word_1_407' title='bbox 1607 1859 1712 1895; x_wconf 85' lang='lat' dir='ltr'>tribus</span> <span class='ocrx_word' id='word_1_408' title='bbox 1735 1860 1889 1903; x_wconf 85' lang='lat' dir='ltr'>capitulis</span> <span class='ocrx_word' id='word_1_409' title='bbox 1908 1883 1920 1900; x_wconf 90' lang='lat'><strong>,</strong></span> <span class='ocrx_word' id='word_1_410' title='bbox 1945 1858 2044 1892; x_wconf 85' lang='lat' dir='ltr'>miffis</span> <span class='ocrx_word' id='word_1_411' title='bbox 2069 1853 2112 1890; x_wconf 79' lang='lat' dir='ltr'>ad</span> 
     </span>
     <span class='ocr_line' id='line_1_58' title="bbox 1235 1906 2113 1952; baseline -0.005 -10"><span class='ocrx_word' id='word_1_412' title='bbox 1235 1907 1419 1943; x_wconf 83' lang='lat' dir='ltr'>Adrianum</span> <span class='ocrx_word' id='word_1_413' title='bbox 1453 1908 1630 1944; x_wconf 85' lang='lat' dir='ltr'>secundum</span> <span class='ocrx_word' id='word_1_414' title='bbox 1659 1921 1712 1952; x_wconf 87' lang='lat' dir='ltr'>per</span> <span class='ocrx_word' id='word_1_415' title='bbox 1737 1909 1899 1943; x_wconf 87' lang='lat' dir='ltr'>Abbatem</span> <span class='ocrx_word' id='word_1_416' title='bbox 1926 1906 2113 1951; x_wconf 86' lang='lat' dir='ltr'>Theogno-</span> 
     </span>
     <span class='ocr_line' id='line_1_59' title="bbox 1234 1954 2113 2002; baseline -0.003 -10"><span class='ocrx_word' id='word_1_417' title='bbox 1234 1959 1338 1998; x_wconf 88' lang='lat' dir='ltr'>stum,</span> <span class='ocrx_word' id='word_1_418' title='bbox 1367 1958 1543 1992; x_wconf 81' lang='lat' dir='ltr'>admiratur</span> <span class='ocrx_word' id='word_1_419' title='bbox 1564 1961 1597 1991; x_wconf 91' lang='lat'>&amp;</span> <span class='ocrx_word' id='word_1_420' title='bbox 1620 1958 1712 1992; x_wconf 87' lang='lat' dir='ltr'>dolet</span> <span class='ocrx_word' id='word_1_421' title='bbox 1733 1958 1774 1991; x_wconf 93' lang='lat' dir='ltr'>de</span> <span class='ocrx_word' id='word_1_422' title='bbox 1794 1958 1996 2002; x_wconf 82' lang='lat' dir='ltr'>Legatorum</span> <span class='ocrx_word' id='word_1_423' title='bbox 2020 1954 2113 1990; x_wconf 83' lang='lat' dir='ltr'>felici</span> 
     </span>
     <span class='ocr_line' id='line_1_60' title="bbox 1235 2005 2114 2044; baseline -0.007 -2"><span class='ocrx_word' id='word_1_424' title='bbox 1235 2009 1268 2042; x_wconf 91' lang='lat' dir='ltr'>in</span> <span class='ocrx_word' id='word_1_425' title='bbox 1290 2007 1402 2044; x_wconf 66' lang='lat' dir='ltr'>usbem</span> <span class='ocrx_word' id='word_1_426' title='bbox 1414 2007 1604 2043; x_wconf 78' lang='lat' dir='ltr'>Romanam</span> <span class='ocrx_word' id='word_1_427' title='bbox 1626 2007 1773 2041; x_wconf 89' lang='lat' dir='ltr'>adventu</span> <span class='ocrx_word' id='word_1_428' title='bbox 1794 2005 1880 2039; x_wconf 87' lang='lat' dir='ltr'>nihil</span> <span class='ocrx_word' id='word_1_429' title='bbox 1900 2005 2114 2039; x_wconf 70' lang='lat' dir='ltr'>intellexisse.</span> 
     </span>
    </p>
   </div>
   <div class='ocr_carea' id='block_1_5' title="bbox 268 1261 1181 3059">
    <p class='ocr_par' dir='ltr' id='par_1_6' title="bbox 268 1261 1181 3059">
     <span class='ocr_line' id='line_1_61' title="bbox 282 1261 1165 1306; baseline -0.002 -10"><span class='ocrx_word' id='word_1_430' title='bbox 282 1274 368 1296; x_wconf 88' lang='lat' dir='ltr'>unus</span> <span class='ocrx_word' id='word_1_431' title='bbox 380 1283 394 1302; x_wconf 27' lang='grc' dir='ltr'>,Δ</span> <span class='ocrx_word' id='word_1_432' title='bbox 417 1261 557 1305; x_wconf 76' lang='lat' dir='ltr'>ideoque</span> <span class='ocrx_word' id='word_1_433' title='bbox 569 1262 708 1306; x_wconf 84' lang='lat' dir='ltr'>priorem</span> <span class='ocrx_word' id='word_1_434' title='bbox 729 1262 949 1306; x_wconf 88' lang='lat' dir='ltr'>suspicionem</span> <span class='ocrx_word' id='word_1_435' title='bbox 971 1261 1091 1306; x_wconf 82' lang='lat' dir='ltr'>insigni</span> <span class='ocrx_word' id='word_1_436' title='bbox 1107 1272 1165 1304; x_wconf 90' lang='lat' dir='ltr'>pro</span> 
     </span>
     <span class='ocr_line' id='line_1_62' title="bbox 282 1312 1165 1357; baseline -0.003 -10"><span class='ocrx_word' id='word_1_437' title='bbox 282 1312 620 1357; x_wconf 86' lang='lat' dir='ltr'>Ludovicidignitate</span> <span class='ocrx_word' id='word_1_438' title='bbox 630 1312 702 1348; x_wconf 90' lang='lat' dir='ltr'>zelo</span> <span class='ocrx_word' id='word_1_439' title='bbox 712 1322 851 1348; x_wconf 89' lang='lat' dir='ltr'>conatus</span> <span class='ocrx_word' id='word_1_440' title='bbox 870 1314 916 1347; x_wconf 90' lang='lat' dir='ltr'>est</span> <span class='ocrx_word' id='word_1_441' title='bbox 940 1312 1094 1347; x_wconf 78' lang='lat' dir='ltr'>radicitus</span> <span class='ocrx_word' id='word_1_442' title='bbox 1116 1323 1165 1345; x_wconf 83' lang='lat' dir='ltr'>cx·</span> 
     </span>
     <span class='ocr_line' id='line_1_63' title="bbox 283 1361 1167 1409; baseline -0.005 -11"><span class='ocrx_word' id='word_1_443' title='bbox 283 1375 445 1409; x_wconf 82' lang='lat' dir='ltr'>pungere.</span> <span class='ocrx_word' id='word_1_444' title='bbox 480 1363 638 1398; x_wconf 83' lang='lat' dir='ltr'>Attamen</span> <span class='ocrx_word' id='word_1_445' title='bbox 659 1374 719 1398; x_wconf 82' lang='lat' dir='ltr'>nee</span> <span class='ocrx_word' id='word_1_446' title='bbox 739 1363 807 1407; x_wconf 84' lang='lat' dir='ltr'>ipse</span> <span class='ocrx_word' id='word_1_447' title='bbox 820 1388 830 1403; x_wconf 95' lang='lat'>,</span> <span class='ocrx_word' id='word_1_448' title='bbox 857 1374 917 1398; x_wconf 87' lang='lat' dir='ltr'>nec</span> <span class='ocrx_word' id='word_1_449' title='bbox 937 1363 1005 1406; x_wconf 79' lang='lat' dir='ltr'>ejus</span> <span class='ocrx_word' id='word_1_450' title='bbox 1022 1361 1167 1406; x_wconf 82' lang='lat' dir='ltr'>Collegae</span> 
     </span>
     <span class='ocr_line' id='line_1_64' title="bbox 282 1413 1168 1459; baseline -0.005 -10"><span class='ocrx_word' id='word_1_451' title='bbox 282 1424 460 1458; x_wconf 86' lang='lat' dir='ltr'>potuerunt</span> <span class='ocrx_word' id='word_1_452' title='bbox 474 1414 493 1447; x_wconf 69' lang='lat' dir='ltr'>a</span> <span class='ocrx_word' id='word_1_453' title='bbox 506 1413 625 1448; x_wconf 79' lang='lat' dir='ltr'>Graecis</span> <span class='ocrx_word' id='word_1_454' title='bbox 638 1413 782 1459; x_wconf 83' lang='lat' dir='ltr'>Augusti</span> <span class='ocrx_word' id='word_1_455' title='bbox 795 1414 929 1448; x_wconf 87' lang='lat' dir='ltr'>titulum</span> <span class='ocrx_word' id='word_1_456' title='bbox 951 1420 1142 1456; x_wconf 84' lang='lat' dir='ltr'>extorquere</span> <span class='ocrx_word' id='word_1_457' title='bbox 1157 1433 1168 1450; x_wconf 88' lang='lat'>,</span> 
     </span>
     <span class='ocr_line' id='line_1_65' title="bbox 283 1461 1167 1509; baseline -0.005 -10"><span class='ocrx_word' id='word_1_458' title='bbox 283 1476 382 1509; x_wconf 80' lang='lat' dir='ltr'>atque</span> <span class='ocrx_word' id='word_1_459' title='bbox 395 1464 439 1498; x_wconf 51' lang='lat' dir='ltr'>it&amp;</span> <span class='ocrx_word' id='word_1_460' title='bbox 451 1461 589 1505; x_wconf 84' lang='lat' dir='ltr'>synodo</span> <span class='ocrx_word' id='word_1_461' title='bbox 599 1464 713 1498; x_wconf 78' lang='lat' dir='ltr'>nostrae</span> <span class='ocrx_word' id='word_1_462' title='bbox 729 1464 981 1506; x_wconf 88' lang='lat' dir='ltr'>subscripserunt</span> <span class='ocrx_word' id='word_1_463' title='bbox 993 1485 1003 1502; x_wconf 89' lang='lat'>,</span> <span class='ocrx_word' id='word_1_464' title='bbox 1033 1474 1101 1496; x_wconf 90' lang='lat' dir='ltr'>non</span> <span class='ocrx_word' id='word_1_465' title='bbox 1114 1461 1167 1495; x_wconf 86' lang='lat' dir='ltr'>ab·</span> 
     </span>
     <span class='ocr_line' id='line_1_66' title="bbox 282 1512 1166 1556; baseline -0.005 -8"><span class='ocrx_word' id='word_1_466' title='bbox 282 1516 389 1549; x_wconf 75' lang='lat' dir='ltr'>solute</span> <span class='ocrx_word' id='word_1_467' title='bbox 399 1539 410 1554; x_wconf 91' lang='lat'>‚</span> <span class='ocrx_word' id='word_1_468' title='bbox 438 1513 492 1547; x_wconf 92' lang='lat' dir='ltr'>sed</span> <span class='ocrx_word' id='word_1_469' title='bbox 504 1512 562 1546; x_wconf 84' lang='lat' dir='ltr'>sub</span> <span class='ocrx_word' id='word_1_470' title='bbox 572 1513 771 1548; x_wconf 86' lang='lat' dir='ltr'>condicione</span> <span class='ocrx_word' id='word_1_471' title='bbox 783 1527 794 1547; x_wconf 88' lang='lat'>.·</span> <span class='ocrx_word' id='word_1_472' title='bbox 821 1512 969 1556; x_wconf 74' lang='lat' dir='ltr'>Usquead</span> <span class='ocrx_word' id='word_1_473' title='bbox 982 1514 1166 1546; x_wconf 84' lang='lat' dir='ltr'>voluntatem</span> 
     </span>
     <span class='ocr_line' id='line_1_67' title="bbox 283 1560 1167 1608; baseline -0.005 -10"><span class='ocrx_word' id='word_1_474' title='bbox 283 1567 404 1598; x_wconf 68' lang='lat' dir='ltr'>Extmti</span> <span class='ocrx_word' id='word_1_475' title='bbox 427 1560 567 1605; x_wconf 77' lang='lat' dir='ltr'>Praesults</span> <span class='ocrx_word' id='word_1_476' title='bbox 589 1563 731 1595; x_wconf 76' lang='lat' dir='ltr'>Adriani.</span> <span class='ocrx_word' id='word_1_477' title='bbox 757 1563 827 1608; x_wconf 82' lang='lat' dir='ltr'>Qi</span> <span class='ocrx_word' id='word_1_478' title='bbox 850 1561 1073 1595; x_wconf 84' lang='lat' dir='ltr'>subscribendi</span> <span class='ocrx_word' id='word_1_479' title='bbox 1095 1571 1167 1593; x_wconf 72' lang='lat' dir='ltr'>mos</span> 
     </span>
     <span class='ocr_line' id='line_1_68' title="bbox 285 1609 1164 1650; baseline -0.006 -2"><span class='ocrx_word' id='word_1_480' title='bbox 285 1627 354 1650; x_wconf 89' lang='lat' dir='ltr'>non</span> <span class='ocrx_word' id='word_1_481' title='bbox 377 1612 424 1646; x_wconf 82' lang='lat' dir='ltr'>est</span> <span class='ocrx_word' id='word_1_482' title='bbox 449 1622 571 1646; x_wconf 86' lang='lat' dir='ltr'>novus.</span> <span class='ocrx_word' id='word_1_483' title='bbox 597 1612 732 1646; x_wconf 86' lang='lat' dir='ltr'>Etenim</span> <span class='ocrx_word' id='word_1_484' title='bbox 751 1613 852 1647; x_wconf 86' lang='lat' dir='ltr'>etiam</span> <span class='ocrx_word' id='word_1_485' title='bbox 873 1609 1016 1645; x_wconf 89' lang='lat' dir='ltr'>secundo</span> <span class='ocrx_word' id='word_1_486' title='bbox 1028 1609 1164 1645; x_wconf 82' lang='lat' dir='ltr'>Vasenfi</span> 
     </span>
     <span class='ocr_line' id='line_1_69' title="bbox 282 1660 1167 1706; baseline -0.006 -7"><span class='ocrx_word' id='word_1_487' title='bbox 282 1663 444 1699; x_wconf 82' lang='lat' dir='ltr'>Concilio</span> <span class='ocrx_word' id='word_1_488' title='bbox 456 1661 500 1697; x_wconf 67' lang='lat' dir='ltr'>ita</span> <span class='ocrx_word' id='word_1_489' title='bbox 513 1661 692 1706; x_wconf 85' lang='lat' dir='ltr'>subscriplit</span> <span class='ocrx_word' id='word_1_490' title='bbox 704 1660 976 1696; x_wconf 84' lang='lat' dir='ltr'>Contumeliosus</span> <span class='ocrx_word' id='word_1_491' title='bbox 988 1661 1167 1704; x_wconf 86' lang='lat' dir='ltr'>Episcopus</span> 
     </span>
     <span class='ocr_line' id='line_1_70' title="bbox 285 1710 1168 1759; baseline -0.008 -8"><span class='ocrx_word' id='word_1_492' title='bbox 285 1714 440 1759; x_wconf 77' lang='lat' dir='ltr'>Regenfis</span> <span class='ocrx_word' id='word_1_493' title='bbox 462 1739 469 1746; x_wconf 92' lang='lat'>.</span> <span class='ocrx_word' id='word_1_494' title='bbox 507 1713 648 1748; x_wconf 78' lang='lat' dir='ltr'>Metenli</span> <span class='ocrx_word' id='word_1_495' title='bbox 672 1713 751 1746; x_wconf 89' lang='lat' dir='ltr'>item</span> <span class='ocrx_word' id='word_1_496' title='bbox 774 1736 785 1753; x_wconf 92' lang='lat'>‚</span> <span class='ocrx_word' id='word_1_497' title='bbox 812 1713 847 1746; x_wconf 87' lang='lat' dir='ltr'>in</span> <span class='ocrx_word' id='word_1_498' title='bbox 869 1722 932 1756; x_wconf 84' lang='lat' dir='ltr'>qua</span> <span class='ocrx_word' id='word_1_499' title='bbox 964 1710 1168 1745; x_wconf 86' lang='lat' dir='ltr'>Guntharius</span> 
     </span>
     <span class='ocr_line' id='line_1_71' title="bbox 285 1761 1170 1806; baseline -0.005 -7"><span class='ocrx_word' id='word_1_500' title='bbox 285 1764 491 1800; x_wconf 87' lang='lat' dir='ltr'>Colonienfis</span> <span class='ocrx_word' id='word_1_501' title='bbox 516 1763 550 1795; x_wconf 72' lang='grc' dir='ltr'>ὅ(</span> <span class='ocrx_word' id='word_1_502' title='bbox 561 1762 806 1806; x_wconf 85' lang='lat' dir='ltr'>Theutgandus</span> <span class='ocrx_word' id='word_1_503' title='bbox 819 1762 1028 1797; x_wconf 82' lang='lat' dir='ltr'>Treverenfis</span> <span class='ocrx_word' id='word_1_504' title='bbox 1044 1761 1170 1796; x_wconf 84' lang='lat' dir='ltr'>Metro·</span> 
     </span>
     <span class='ocr_line' id='line_1_72' title="bbox 283 1811 1169 1861; baseline -0.008 -11"><span class='ocrx_word' id='word_1_505' title='bbox 283 1816 390 1861; x_wconf 80' lang='lat' dir='ltr'>polita</span> <span class='ocrx_word' id='word_1_506' title='bbox 412 1811 563 1851; x_wconf 78' lang='lat' dir='ltr'>Lotharii</span> <span class='ocrx_word' id='word_1_507' title='bbox 587 1813 786 1847; x_wconf 83' lang='lat' dir='ltr'>Francorum</span> <span class='ocrx_word' id='word_1_508' title='bbox 810 1812 912 1856; x_wconf 86' lang='lat' dir='ltr'>Regis</span> <span class='ocrx_word' id='word_1_509' title='bbox 933 1812 1098 1855; x_wconf 82' lang='lat' dir='ltr'>legitimas</span> <span class='ocrx_word' id='word_1_510' title='bbox 1109 1822 1169 1843; x_wconf 88' lang='lat' dir='ltr'>nu·</span> 
     </span>
     <span class='ocr_line' id='line_1_73' title="bbox 268 1858 1169 1910; baseline -0.009 -10"><span class='ocrx_word' id='word_1_511' title='bbox 268 1867 369 1910; x_wconf 9' lang='lat' dir='ltr'>optias</span> <span class='ocrx_word' id='word_1_512' title='bbox 386 1862 516 1908; x_wconf 64' lang='lat' dir='ltr'>peffim&amp;</span> <span class='ocrx_word' id='word_1_513' title='bbox 525 1862 738 1897; x_wconf 68' lang='lat' dir='ltr'>exsufflatum</span> <span class='ocrx_word' id='word_1_514' title='bbox 751 1886 762 1902; x_wconf 92' lang='lat'>‚</span> <span class='ocrx_word' id='word_1_515' title='bbox 788 1860 926 1903; x_wconf 85' lang='lat' dir='ltr'>Synodo</span> <span class='ocrx_word' id='word_1_516' title='bbox 947 1858 1081 1905; x_wconf 89' lang='lat' dir='ltr'>quidam</span> <span class='ocrx_word' id='word_1_517' title='bbox 1094 1860 1169 1902; x_wconf 86' lang='lat' dir='ltr'>Epi·</span> 
     </span>
     <span class='ocr_line' id='line_1_74' title="bbox 285 1909 1167 1959; baseline -0.015 -7"><span class='ocrx_word' id='word_1_518' title='bbox 285 1918 402 1959; x_wconf 75' lang='lat' dir='ltr'>scopus</span> <span class='ocrx_word' id='word_1_519' title='bbox 414 1912 613 1948; x_wconf 84' lang='lat' dir='ltr'>subscribens</span> <span class='ocrx_word' id='word_1_520' title='bbox 624 1912 751 1953; x_wconf 70' lang='lat' dir='ltr'>addidit</span> <span class='ocrx_word' id='word_1_521' title='bbox 763 1924 771 1942; x_wconf 88' lang='lat'>:</span> <span class='ocrx_word' id='word_1_522' title='bbox 798 1909 892 1952; x_wconf 80' lang='lat' dir='ltr'>Usque</span> <span class='ocrx_word' id='word_1_523' title='bbox 903 1911 949 1941; x_wconf 82' lang='lat' dir='ltr'>ad</span> <span class='ocrx_word' id='word_1_524' title='bbox 963 1910 1046 1941; x_wconf 77' lang='lat' dir='ltr'>Sedis</span> <span class='ocrx_word' id='word_1_525' title='bbox 1058 1909 1167 1949; x_wconf 71' lang='lat' dir='ltr'>Aposto-</span> 
     </span>
     <span class='ocr_line' id='line_1_75' title="bbox 286 1956 1170 2007; baseline -0.012 -6"><span class='ocrx_word' id='word_1_526' title='bbox 286 1968 350 2001; x_wconf 74' lang='lat' dir='ltr'>licae</span> <span class='ocrx_word' id='word_1_527' title='bbox 373 1956 633 1997; x_wconf 63' lang='lat' dir='ltr'>deliberationtml</span> <span class='ocrx_word' id='word_1_528' title='bbox 659 1961 772 2007; x_wconf 86' lang='lat' dir='ltr'>Qam</span> <span class='ocrx_word' id='word_1_529' title='bbox 787 1956 1001 2001; x_wconf 80' lang='lat' dir='ltr'>appendicem</span> <span class='ocrx_word' id='word_1_530' title='bbox 1025 1958 1100 2001; x_wconf 84' lang='lat' dir='ltr'>quia</span> <span class='ocrx_word' id='word_1_531' title='bbox 1122 1957 1170 1991; x_wconf 84' lang='lat' dir='ltr'>di-</span> 
     </span>
     <span class='ocr_line' id='line_1_76' title="bbox 286 2006 1165 2052; baseline -0.011 -1"><span class='ocrx_word' id='word_1_532' title='bbox 286 2019 355 2051; x_wconf 67' lang='lat' dir='ltr'>etus</span> <span class='ocrx_word' id='word_1_533' title='bbox 375 2011 577 2047; x_wconf 81' lang='lat' dir='ltr'>Guntharius</span> <span class='ocrx_word' id='word_1_534' title='bbox 598 2017 716 2052; x_wconf 82' lang='lat' dir='ltr'>arrepto</span> <span class='ocrx_word' id='word_1_535' title='bbox 740 2008 853 2042; x_wconf 83' lang='lat' dir='ltr'>cultello</span> <span class='ocrx_word' id='word_1_536' title='bbox 878 2006 994 2052; x_wconf 85' lang='lat' dir='ltr'>raserat</span> <span class='ocrx_word' id='word_1_537' title='bbox 1018 2032 1029 2049; x_wconf 92' lang='lat'>‚</span> <span class='ocrx_word' id='word_1_538' title='bbox 1051 2007 1165 2044; x_wconf 68' lang='lat' dir='ltr'>-Sansti</span> 
     </span>
     <span class='ocr_line' id='line_1_77' title="bbox 286 2059 1168 2104; baseline -0.009 -5"><span class='ocrx_word' id='word_1_539' title='bbox 286 2064 422 2104; x_wconf 86' lang='lat' dir='ltr'>Nicolai</span> <span class='ocrx_word' id='word_1_540' title='bbox 436 2061 610 2097; x_wconf 76' lang='lat' dir='ltr'>pontificis</span> <span class='ocrx_word' id='word_1_541' title='bbox 623 2062 702 2094; x_wconf 83' lang='lat' dir='ltr'>iram</span> <span class='ocrx_word' id='word_1_542' title='bbox 716 2059 858 2103; x_wconf 84' lang='lat' dir='ltr'>graviter</span> <span class='ocrx_word' id='word_1_543' title='bbox 869 2059 1021 2093; x_wconf 87' lang='lat' dir='ltr'>accendit</span> <span class='ocrx_word' id='word_1_544' title='bbox 1032 2084 1040 2092; x_wconf 86' lang='lat'><em>.</em></span> <span class='ocrx_word' id='word_1_545' title='bbox 1069 2059 1168 2102; x_wconf 83' lang='lat' dir='ltr'>Supra</span> 
     </span>
     <span class='ocr_line' id='line_1_78' title="bbox 286 2107 1170 2155; baseline -0.011 -3"><span class='ocrx_word' id='word_1_546' title='bbox 286 2124 483 2152; x_wconf 86' lang='lat' dir='ltr'>memoratas</span> <span class='ocrx_word' id='word_1_547' title='bbox 494 2110 600 2147; x_wconf 78' lang='lat' dir='ltr'>Bafilii</span> <span class='ocrx_word' id='word_1_548' title='bbox 619 2109 762 2155; x_wconf 81' lang='lat' dir='ltr'>Augusti</span> <span class='ocrx_word' id='word_1_549' title='bbox 784 2107 824 2142; x_wconf 86' lang='lat' dir='ltr'>ad</span> <span class='ocrx_word' id='word_1_550' title='bbox 835 2108 1045 2144; x_wconf 89' lang='lat' dir='ltr'>Ludovicum</span> <span class='ocrx_word' id='word_1_551' title='bbox 1057 2107 1170 2153; x_wconf 87' lang='lat' dir='ltr'>Augu-</span> 
     </span>
     <span class='ocr_line' id='line_1_79' title="bbox 285 2156 1168 2204; baseline -0.01 -3"><span class='ocrx_word' id='word_1_552' title='bbox 285 2167 372 2202; x_wconf 78' lang='lat' dir='ltr'>stum</span> <span class='ocrx_word' id='word_1_553' title='bbox 400 2164 523 2198; x_wconf 85' lang='lat' dir='ltr'>litteras</span> <span class='ocrx_word' id='word_1_554' title='bbox 548 2160 701 2196; x_wconf 83' lang='lat' dir='ltr'>existimo</span> <span class='ocrx_word' id='word_1_555' title='bbox 713 2159 811 2203; x_wconf 77' lang='lat' dir='ltr'>hujus</span> <span class='ocrx_word' id='word_1_556' title='bbox 822 2158 1005 2203; x_wconf 80' lang='lat' dir='ltr'>quaestionis</span> <span class='ocrx_word' id='word_1_557' title='bbox 1024 2158 1103 2204; x_wconf 76' lang='lat' dir='ltr'>ergo</span> <span class='ocrx_word' id='word_1_558' title='bbox 1129 2156 1168 2192; x_wconf 88' lang='lat' dir='ltr'>ad</span> 
     </span>
     <span class='ocr_line' id='line_1_80' title="bbox 290 2209 1171 2256; baseline -0.009 -6"><span class='ocrx_word' id='word_1_559' title='bbox 290 2218 524 2254; x_wconf 81' lang='lat' dir='ltr'>Romanorum</span> <span class='ocrx_word' id='word_1_560' title='bbox 537 2213 736 2256; x_wconf 83' lang='lat' dir='ltr'>Legatorum</span> <span class='ocrx_word' id='word_1_561' title='bbox 749 2235 759 2250; x_wconf 94' lang='lat'>,</span> <span class='ocrx_word' id='word_1_562' title='bbox 786 2210 851 2243; x_wconf 88' lang='lat' dir='ltr'>sese</span> <span class='ocrx_word' id='word_1_563' title='bbox 876 2210 910 2243; x_wconf 74' lang='grc' dir='ltr'>ἀ</span> <span class='ocrx_word' id='word_1_564' title='bbox 935 2209 1020 2253; x_wconf 86' lang='lat' dir='ltr'>apud</span> <span class='ocrx_word' id='word_1_565' title='bbox 1033 2209 1171 2243; x_wconf 88' lang='lat' dir='ltr'>Pontifi-</span> 
     </span>
     <span class='ocr_line' id='line_1_81' title="bbox 286 2259 1171 2308; baseline -0.01 -7"><span class='ocrx_word' id='word_1_566' title='bbox 286 2278 360 2301; x_wconf 78' lang='lat' dir='ltr'>cem</span> <span class='ocrx_word' id='word_1_567' title='bbox 388 2266 422 2299; x_wconf 72' lang='grc' dir='ltr'>ἅς</span> <span class='ocrx_word' id='word_1_568' title='bbox 434 2263 519 2308; x_wconf 85' lang='lat' dir='ltr'>apud</span> <span class='ocrx_word' id='word_1_569' title='bbox 532 2261 718 2307; x_wconf 81' lang='lat' dir='ltr'>Augustum</span> <span class='ocrx_word' id='word_1_570' title='bbox 729 2261 824 2294; x_wconf 89' lang='lat' dir='ltr'>suum</span> <span class='ocrx_word' id='word_1_571' title='bbox 833 2270 970 2304; x_wconf 83' lang='lat' dir='ltr'>purgare</span> <span class='ocrx_word' id='word_1_572' title='bbox 993 2260 1026 2292; x_wconf 87' lang='lat'>&amp;</span> <span class='ocrx_word' id='word_1_573' title='bbox 1050 2259 1091 2293; x_wconf 89' lang='lat' dir='ltr'>de</span> <span class='ocrx_word' id='word_1_574' title='bbox 1101 2270 1171 2293; x_wconf 89' lang='lat' dir='ltr'>om-</span> 
     </span>
     <span class='ocr_line' id='line_1_82' title="bbox 285 2308 1169 2355; baseline -0.011 -4"><span class='ocrx_word' id='word_1_575' title='bbox 285 2318 325 2351; x_wconf 69' lang='lat' dir='ltr'>ni</span> <span class='ocrx_word' id='word_1_576' title='bbox 338 2326 459 2350; x_wconf 85' lang='lat' dir='ltr'>conatu</span> <span class='ocrx_word' id='word_1_577' title='bbox 471 2310 700 2350; x_wconf 79' lang='lat' dir='ltr'>commendare</span> <span class='ocrx_word' id='word_1_578' title='bbox 711 2309 926 2355; x_wconf 81' lang='lat' dir='ltr'>satagentium</span> <span class='ocrx_word' id='word_1_579' title='bbox 938 2335 949 2351; x_wconf 94' lang='lat'>‚</span> <span class='ocrx_word' id='word_1_580' title='bbox 977 2320 1083 2354; x_wconf 85' lang='lat' dir='ltr'>preces</span> <span class='ocrx_word' id='word_1_581' title='bbox 1096 2308 1169 2342; x_wconf 80' lang='lat' dir='ltr'>fuis-</span> 
     </span>
     <span class='ocr_line' id='line_1_83' title="bbox 288 2366 562 2408; baseline -0.011 -7"><span class='ocrx_word' id='word_1_582' title='bbox 288 2370 322 2405; x_wconf 77' lang='lat' dir='ltr'>se</span> <span class='ocrx_word' id='word_1_583' title='bbox 347 2366 562 2408; x_wconf 83' lang='lat' dir='ltr'>conscriptas.</span> 
     </span>
     <span class='ocr_line' id='line_1_84' title="bbox 340 2409 1170 2460; baseline -0.01 -9"><span class='ocrx_word' id='word_1_584' title='bbox 340 2417 459 2451; x_wconf 85' lang='lat' dir='ltr'>Tertia</span> <span class='ocrx_word' id='word_1_585' title='bbox 470 2416 672 2460; x_wconf 78' lang='lat' dir='ltr'>Legatorum</span> <span class='ocrx_word' id='word_1_586' title='bbox 696 2413 765 2457; x_wconf 84' lang='lat' dir='ltr'>post</span> <span class='ocrx_word' id='word_1_587' title='bbox 778 2411 950 2456; x_wconf 81' lang='lat' dir='ltr'>synodum</span> <span class='ocrx_word' id='word_1_588' title='bbox 962 2412 1045 2447; x_wconf 72' lang='lat' dir='ltr'>afflo</span> <span class='ocrx_word' id='word_1_589' title='bbox 1058 2411 1119 2446; x_wconf 89' lang='lat' dir='ltr'>fuit</span> <span class='ocrx_word' id='word_1_590' title='bbox 1129 2409 1170 2443; x_wconf 91' lang='lat' dir='ltr'>ad</span> 
     </span>
     <span class='ocr_line' id='line_1_85' title="bbox 291 2462 1171 2505; baseline -0.009 -3"><span class='ocrx_word' id='word_1_591' title='bbox 291 2468 406 2503; x_wconf 83' lang='lat' dir='ltr'>urbem</span> <span class='ocrx_word' id='word_1_592' title='bbox 429 2468 618 2501; x_wconf 88' lang='lat' dir='ltr'>Romanam</span> <span class='ocrx_word' id='word_1_593' title='bbox 644 2463 764 2498; x_wconf 89' lang='lat' dir='ltr'>reditus</span> <span class='ocrx_word' id='word_1_594' title='bbox 784 2488 795 2504; x_wconf 92' lang='lat'>‚</span> <span class='ocrx_word' id='word_1_595' title='bbox 821 2464 854 2497; x_wconf 91' lang='lat'>&amp;</span> <span class='ocrx_word' id='word_1_596' title='bbox 877 2463 984 2497; x_wconf 84' lang='lat' dir='ltr'>salvus</span> <span class='ocrx_word' id='word_1_597' title='bbox 1007 2473 1063 2505; x_wconf 87' lang='lat' dir='ltr'>per</span> <span class='ocrx_word' id='word_1_598' title='bbox 1085 2462 1171 2495; x_wconf 85' lang='lat' dir='ltr'>viam</span> 
     </span>
     <span class='ocr_line' id='line_1_86' title="bbox 292 2512 1169 2558; baseline -0.008 -7"><span class='ocrx_word' id='word_1_599' title='bbox 292 2517 475 2552; x_wconf 56' lang='lat' dir='ltr'>conductus</span> <span class='ocrx_word' id='word_1_600' title='bbox 502 2540 513 2554; x_wconf 89' lang='lat'>,</span> <span class='ocrx_word' id='word_1_601' title='bbox 538 2516 579 2549; x_wconf 89' lang='lat' dir='ltr'>de</span> <span class='ocrx_word' id='word_1_602' title='bbox 606 2526 673 2558; x_wconf 91' lang='lat' dir='ltr'>quo</span> <span class='ocrx_word' id='word_1_603' title='bbox 701 2514 736 2548; x_wconf 89' lang='lat' dir='ltr'>in</span> <span class='ocrx_word' id='word_1_604' title='bbox 762 2512 937 2558; x_wconf 80' lang='lat' dir='ltr'>marginali</span> <span class='ocrx_word' id='word_1_605' title='bbox 963 2512 1003 2546; x_wconf 90' lang='lat' dir='ltr'>ad</span> <span class='ocrx_word' id='word_1_606' title='bbox 1031 2512 1169 2555; x_wconf 87' lang='lat' dir='ltr'>primam</span> 
     </span>
     <span class='ocr_line' id='line_1_87' title="bbox 295 2562 1171 2605; baseline -0.008 -5"><span class='ocrx_word' id='word_1_607' title='bbox 295 2567 473 2605; x_wconf 70' lang='lat' dir='ltr'>Astionem</span> <span class='ocrx_word' id='word_1_608' title='bbox 482 2565 607 2598; x_wconf 83' lang='lat' dir='ltr'>scholio</span> <span class='ocrx_word' id='word_1_609' title='bbox 621 2564 804 2598; x_wconf 77' lang='lat' dir='ltr'>Anastasius</span> <span class='ocrx_word' id='word_1_610' title='bbox 817 2562 1091 2597; x_wconf 85' lang='lat' dir='ltr'>Bibliothecarius</span> <span class='ocrx_word' id='word_1_611' title='bbox 1103 2573 1110 2592; x_wconf 73' lang='grc' dir='ltr'>ι</span> <span class='ocrx_word' id='word_1_612' title='bbox 1124 2565 1171 2594; x_wconf 79' lang='lat' dir='ltr'>Vi·</span> 
     </span>
     <span class='ocr_line' id='line_1_88' title="bbox 295 2612 1174 2659; baseline -0.009 -7"><span class='ocrx_word' id='word_1_613' title='bbox 295 2622 368 2652; x_wconf 75' lang='lat' dir='ltr'>carii</span> <span class='ocrx_word' id='word_1_614' title='bbox 388 2614 575 2659; x_wconf 82' lang='lat' dir='ltr'>Apostolici</span> <span class='ocrx_word' id='word_1_615' title='bbox 610 2613 711 2657; x_wconf 74' lang='lat' dir='ltr'>gavisi</span> <span class='ocrx_word' id='word_1_616' title='bbox 742 2615 913 2648; x_wconf 85' lang='lat' dir='ltr'>Romanos</span> <span class='ocrx_word' id='word_1_617' title='bbox 939 2612 1174 2656; x_wconf 88' lang='lat' dir='ltr'>Episcoporum</span> 
     </span>
     <span class='ocr_line' id='line_1_89' title="bbox 296 2661 1173 2708; baseline -0.008 -8"><span class='ocrx_word' id='word_1_618' title='bbox 296 2666 407 2706; x_wconf 72' lang='lat' dir='ltr'>libellos</span> <span class='ocrx_word' id='word_1_619' title='bbox 417 2665 435 2698; x_wconf 73' lang='lat' dir='ltr'>a</span> <span class='ocrx_word' id='word_1_620' title='bbox 447 2664 565 2698; x_wconf 79' lang='lat' dir='ltr'>Basilio</span> <span class='ocrx_word' id='word_1_621' title='bbox 580 2662 733 2708; x_wconf 89' lang='lat' dir='ltr'>Augusto</span> <span class='ocrx_word' id='word_1_622' title='bbox 751 2671 878 2705; x_wconf 77' lang='lat' dir='ltr'>receptos</span> <span class='ocrx_word' id='word_1_623' title='bbox 895 2663 978 2696; x_wconf 83' lang='lat' dir='ltr'>nobis</span> <span class='ocrx_word' id='word_1_624' title='bbox 998 2661 1173 2703; x_wconf 71' lang='lat' dir='ltr'>deferendos</span> 
     </span>
     <span class='ocr_line' id='line_1_90' title="bbox 296 2712 1177 2756; baseline -0.009 -5"><span class='ocrx_word' id='word_1_625' title='bbox 296 2718 488 2752; x_wconf 71' lang='lat' dir='ltr'>tradiderunt</span> <span class='ocrx_word' id='word_1_626' title='bbox 511 2739 522 2754; x_wconf 91' lang='lat'>‚</span> <span class='ocrx_word' id='word_1_627' title='bbox 548 2720 599 2756; x_wconf 77' lang='lat' dir='ltr'>qut</span> <span class='ocrx_word' id='word_1_628' title='bbox 620 2714 757 2747; x_wconf 67' lang='lat' dir='ltr'>vtdelice‘t</span> <span class='ocrx_word' id='word_1_629' title='bbox 782 2722 939 2755; x_wconf 84' lang='lat' dir='ltr'>antequam</span> <span class='ocrx_word' id='word_1_630' title='bbox 959 2713 1112 2746; x_wconf 80' lang='lat' dir='ltr'>remeandi</span> <span class='ocrx_word' id='word_1_631' title='bbox 1133 2712 1177 2743; x_wconf 86' lang='lat' dir='ltr'>ad</span> 
     </span>
     <span class='ocr_line' id='line_1_91' title="bbox 302 2761 1176 2807; baseline -0.009 -6"><span class='ocrx_word' id='word_1_632' title='bbox 302 2772 441 2803; x_wconf 81' lang='lat' dir='ltr'>Patriam</span> <span class='ocrx_word' id='word_1_633' title='bbox 451 2771 506 2798; x_wconf 82' lang='lat' dir='ltr'>iter</span> <span class='ocrx_word' id='word_1_634' title='bbox 517 2764 702 2807; x_wconf 72' lang='lat' dir='ltr'>arripuiffent</span> <span class='ocrx_word' id='word_1_635' title='bbox 717 2787 728 2803; x_wconf 88' lang='lat'>‚</span> <span class='ocrx_word' id='word_1_636' title='bbox 748 2761 883 2806; x_wconf 73' lang='lat' dir='ltr'>separati</span> <span class='ocrx_word' id='word_1_637' title='bbox 903 2762 1008 2805; x_wconf 75' lang='lat' dir='ltr'>fiamus</span> <span class='ocrx_word' id='word_1_638' title='bbox 1019 2784 1030 2800; x_wconf 90' lang='lat'>‚</span> <span class='ocrx_word' id='word_1_639' title='bbox 1044 2767 1095 2804; x_wconf 82' lang='lat' dir='ltr'>qui</span> <span class='ocrx_word' id='word_1_640' title='bbox 1106 2764 1176 2800; x_wconf 82' lang='lat' dir='ltr'>Dyr-</span> 
     </span>
     <span class='ocr_line' id='line_1_92' title="bbox 301 2813 1175 2856; baseline -0.008 -5"><span class='ocrx_word' id='word_1_641' title='bbox 301 2817 401 2854; x_wconf 74' lang='lat' dir='ltr'>racbto</span> <span class='ocrx_word' id='word_1_642' title='bbox 415 2822 550 2851; x_wconf 75' lang='lat' dir='ltr'>venimus</span> <span class='ocrx_word' id='word_1_643' title='bbox 562 2816 714 2856; x_wconf 77' lang='lat' dir='ltr'>sipontum</span> <span class='ocrx_word' id='word_1_644' title='bbox 727 2837 738 2853; x_wconf 93' lang='lat'>‚</span> <span class='ocrx_word' id='word_1_645' title='bbox 765 2814 869 2845; x_wconf 66' lang='lat' dir='ltr'>det&#39;ndi³</span> <span class='ocrx_word' id='word_1_646' title='bbox 880 2822 993 2846; x_wconf 86' lang='lat' dir='ltr'>terreno</span> <span class='ocrx_word' id='word_1_647' title='bbox 1002 2817 1109 2845; x_wconf 75' lang='lat' dir='ltr'>itinere</span> <span class='ocrx_word' id='word_1_648' title='bbox 1119 2813 1175 2844; x_wconf 86' lang='lat' dir='ltr'>Be-</span> 
     </span>
     <span class='ocr_line' id='line_1_93' title="bbox 306 2861 1177 2907; baseline -0.011 -5"><span class='ocrx_word' id='word_1_649' title='bbox 306 2876 466 2903; x_wconf 82' lang='lat' dir='ltr'>neventum</span> <span class='ocrx_word' id='word_1_650' title='bbox 480 2890 490 2906; x_wconf 92' lang='lat'>,</span> <span class='ocrx_word' id='word_1_651' title='bbox 511 2864 574 2907; x_wconf 85' lang='lat' dir='ltr'>post</span> <span class='ocrx_word' id='word_1_652' title='bbox 585 2864 648 2897; x_wconf 83' lang='lat' dir='ltr'>haec</span> <span class='ocrx_word' id='word_1_653' title='bbox 658 2867 780 2896; x_wconf 84' lang='lat' dir='ltr'>Romam</span> <span class='ocrx_word' id='word_1_654' title='bbox 791 2887 801 2903; x_wconf 92' lang='lat'><strong>,</strong></span> <span class='ocrx_word' id='word_1_655' title='bbox 820 2861 931 2905; x_wconf 83' lang='lat' dir='ltr'>eosdem</span> <span class='ocrx_word' id='word_1_656' title='bbox 941 2863 1049 2896; x_wconf 68' lang='lat' dir='ltr'>libellos</span> <span class='ocrx_word' id='word_1_657' title='bbox 1054 2869 1177 2903; x_wconf 86' lang='lat' dir='ltr'>portan-</span> 
     </span>
     <span class='ocr_line' id='line_1_94' title="bbox 306 2910 1178 2956; baseline -0.01 -4"><span class='ocrx_word' id='word_1_658' title='bbox 306 2928 351 2953; x_wconf 82' lang='lat' dir='ltr'>tes</span> <span class='ocrx_word' id='word_1_659' title='bbox 363 2944 370 2950; x_wconf 89' lang='lat'><strong>.</strong></span> <span class='ocrx_word' id='word_1_660' title='bbox 399 2917 472 2956; x_wconf 80' lang='lat' dir='ltr'>M¹ffi</span> <span class='ocrx_word' id='word_1_661' title='bbox 494 2917 565 2949; x_wconf 75' lang='lat' dir='ltr'>vero</span> <span class='ocrx_word' id='word_1_662' title='bbox 588 2915 673 2947; x_wconf 78' lang='lat' dir='ltr'>Sedis</span> <span class='ocrx_word' id='word_1_663' title='bbox 697 2913 859 2955; x_wconf 71' lang='lat' dir='ltr'>Apostoltcae</span> <span class='ocrx_word' id='word_1_664' title='bbox 879 2915 901 2945; x_wconf 70' lang='lat' dir='ltr'>a</span> <span class='ocrx_word' id='word_1_665' title='bbox 921 2911 1078 2951; x_wconf 70' lang='lat' dir='ltr'>Dyrrachio</span> <span class='ocrx_word' id='word_1_666' title='bbox 1090 2910 1178 2952; x_wconf 78' lang='lat' dir='ltr'>fimili</span> 
     </span>
     <span class='ocr_line' id='line_1_95' title="bbox 307 2960 1181 3008; baseline -0.009 -8"><span class='ocrx_word' id='word_1_667' title='bbox 307 2970 390 3003; x_wconf 82' lang='lat' dir='ltr'>modo</span> <span class='ocrx_word' id='word_1_668' title='bbox 401 2978 511 3000; x_wconf 79' lang='lat' dir='ltr'>navem</span> <span class='ocrx_word' id='word_1_669' title='bbox 520 2965 631 3008; x_wconf 82' lang='lat' dir='ltr'>ingreffi</span> <span class='ocrx_word' id='word_1_670' title='bbox 644 2967 791 2997; x_wconf 81' lang='lat' dir='ltr'>Anconam</span> <span class='ocrx_word' id='word_1_671' title='bbox 797 2962 941 3005; x_wconf 76' lang='lat' dir='ltr'>petebant</span> <span class='ocrx_word' id='word_1_672' title='bbox 954 2974 963 3004; x_wconf 85' lang='lat'>;</span> <span class='ocrx_word' id='word_1_673' title='bbox 986 2960 1043 3004; x_wconf 73' lang='lat' dir='ltr'>sed</span> <span class='ocrx_word' id='word_1_674' title='bbox 1050 2962 1181 2993; x_wconf 80' lang='lat' dir='ltr'>Exada-</span> 
     </span>
     <span class='ocr_line' id='line_1_96' title="bbox 309 3011 1181 3059; baseline -0.008 -9"><span class='ocrx_word' id='word_1_675' title='bbox 309 3030 447 3051; x_wconf 75' lang='lat' dir='ltr'>venerum</span> <span class='ocrx_word' id='word_1_676' title='bbox 463 3022 584 3059; x_wconf 75' lang='lat' dir='ltr'>piratas</span> <span class='ocrx_word' id='word_1_677' title='bbox 607 3020 785 3047; x_wconf 83' lang='lat' dir='ltr'>incurrentes</span> <span class='ocrx_word' id='word_1_678' title='bbox 806 3019 904 3046; x_wconf 80' lang='lat' dir='ltr'>omnia</span> <span class='ocrx_word' id='word_1_679' title='bbox 927 3037 939 3052; x_wconf 88' lang='lat'>,</span> <span class='ocrx_word' id='word_1_680' title='bbox 963 3022 1030 3053; x_wconf 76' lang='lat' dir='ltr'>quae</span> <span class='ocrx_word' id='word_1_681' title='bbox 1045 3011 1181 3053; x_wconf 81' lang='lat' dir='ltr'>poffldere</span> 
     </span>
    </p>
   </div>
   <div class='ocr_carea' id='block_1_6' title="bbox 310 2051 2122 3403">
    <p class='ocr_par' dir='ltr' id='par_1_7' title="bbox 310 2051 2122 3403">
     <span class='ocr_line' id='line_1_97' title="bbox 1237 2051 2119 2098; baseline -0.008 -5"><span class='ocrx_word' id='word_1_682' title='bbox 1237 2057 1283 2093; x_wconf 82' lang='lat' dir='ltr'>At</span> <span class='ocrx_word' id='word_1_683' title='bbox 1305 2057 1463 2093; x_wconf 81' lang='lat' dir='ltr'>Pontifex</span> <span class='ocrx_word' id='word_1_684' title='bbox 1484 2054 1606 2090; x_wconf 73' lang='lat' dir='ltr'>metito</span> <span class='ocrx_word' id='word_1_685' title='bbox 1627 2053 1816 2098; x_wconf 84' lang='lat' dir='ltr'>respondit:</span> <span class='ocrx_word' id='word_1_686' title='bbox 1846 2051 2043 2097; x_wconf 67' lang='lat' dir='ltr'>apocrisarios</span> <span class='ocrx_word' id='word_1_687' title='bbox 2067 2065 2119 2090; x_wconf 59' lang='lat' dir='ltr'>noy</span> 
     </span>
     <span class='ocr_line' id='line_1_98' title="bbox 1229 2101 2116 2150; baseline -0.006 -9"><span class='ocrx_word' id='word_1_688' title='bbox 1229 2108 1305 2150; x_wconf 85' lang='lat' dir='ltr'>stros</span> <span class='ocrx_word' id='word_1_689' title='bbox 1317 2132 1327 2149; x_wconf 91' lang='lat'><strong>,</strong></span> <span class='ocrx_word' id='word_1_690' title='bbox 1350 2105 1441 2150; x_wconf 88' lang='lat' dir='ltr'>super</span> <span class='ocrx_word' id='word_1_691' title='bbox 1453 2117 1576 2149; x_wconf 84' lang='lat' dir='ltr'>quorum</span> <span class='ocrx_word' id='word_1_692' title='bbox 1587 2105 1746 2147; x_wconf 74' lang='lat' dir='ltr'>reversione</span> <span class='ocrx_word' id='word_1_693' title='bbox 1753 2102 1904 2148; x_wconf 62' lang='lat' dir='ltr'>scrspfistis</span> <span class='ocrx_word' id='word_1_694' title='bbox 1915 2128 1927 2145; x_wconf 92' lang='lat'>‚</span> <span class='ocrx_word' id='word_1_695' title='bbox 1951 2101 2090 2146; x_wconf 67' lang='lat' dir='ltr'>licetsero</span> <span class='ocrx_word' id='word_1_696' title='bbox 2102 2126 2116 2142; x_wconf 79' lang='lat'><strong><em>‚</em></strong></span> 
     </span>
     <span class='ocr_line' id='line_1_99' title="bbox 1233 2156 2115 2201; baseline -0.006 -10"><span class='ocrx_word' id='word_1_697' title='bbox 1233 2157 1294 2201; x_wconf 72' lang='lat' dir='ltr'>pest</span> <span class='ocrx_word' id='word_1_698' title='bbox 1316 2159 1413 2191; x_wconf 87' lang='lat' dir='ltr'>multa</span> <span class='ocrx_word' id='word_1_699' title='bbox 1437 2166 1536 2190; x_wconf 85' lang='lat' dir='ltr'>tamen</span> <span class='ocrx_word' id='word_1_700' title='bbox 1547 2157 1705 2198; x_wconf 86' lang='lat' dir='ltr'>pericula,</span> <span class='ocrx_word' id='word_1_701' title='bbox 1731 2156 1971 2196; x_wconf 65' lang='lat' dir='ltr'>depraedationes</span> <span class='ocrx_word' id='word_1_702' title='bbox 1984 2177 1997 2195; x_wconf 88' lang='lat'><strong><em>,</em></strong></span> <span class='ocrx_word' id='word_1_703' title='bbox 2020 2162 2115 2196; x_wconf 79' lang='lat' dir='ltr'>atque</span> 
     </span>
     <span class='ocr_line' id='line_1_100' title="bbox 1232 2205 2117 2252; baseline -0.007 -11"><span class='ocrx_word' id='word_1_704' title='bbox 1232 2213 1416 2252; x_wconf 79' lang='lat' dir='ltr'>propriorum</span> <span class='ocrx_word' id='word_1_705' title='bbox 1443 2206 1593 2240; x_wconf 72' lang='lat' dir='ltr'>hominum</span> <span class='ocrx_word' id='word_1_706' title='bbox 1615 2206 1862 2245; x_wconf 78' lang='lat' dir='ltr'>trucidationem,</span> <span class='ocrx_word' id='word_1_707' title='bbox 1887 2205 1983 2238; x_wconf 85' lang='lat' dir='ltr'>nudos</span> <span class='ocrx_word' id='word_1_708' title='bbox 2006 2207 2117 2246; x_wconf 79' lang='lat' dir='ltr'>recept-</span> 
     </span>
     <span class='ocr_line' id='line_1_101' title="bbox 1237 2248 2117 2299; baseline -0.008 -6"><span class='ocrx_word' id='word_1_709' title='bbox 1237 2271 1302 2293; x_wconf 80' lang='lat' dir='ltr'>mus</span> <span class='ocrx_word' id='word_1_710' title='bbox 1315 2282 1325 2297; x_wconf 92' lang='lat'>‚</span> <span class='ocrx_word' id='word_1_711' title='bbox 1350 2269 1406 2292; x_wconf 87' lang='lat' dir='ltr'>non</span> <span class='ocrx_word' id='word_1_712' title='bbox 1417 2257 1571 2299; x_wconf 79' lang='lat' dir='ltr'>cujuslibet</span> <span class='ocrx_word' id='word_1_713' title='bbox 1581 2254 1707 2289; x_wconf 78' lang='lat' dir='ltr'>hominis</span> <span class='ocrx_word' id='word_1_714' title='bbox 1722 2255 1819 2297; x_wconf 77' lang='lat' dir='ltr'>fretos</span> <span class='ocrx_word' id='word_1_715' title='bbox 1830 2256 1942 2289; x_wconf 71' lang='lat' dir='ltr'>auxilio</span> <span class='ocrx_word' id='word_1_716' title='bbox 1953 2278 1965 2295; x_wconf 92' lang='lat'>‚</span> <span class='ocrx_word' id='word_1_717' title='bbox 1986 2251 2044 2297; x_wconf 67' lang='lat' dir='ltr'>sed</span> <span class='ocrx_word' id='word_1_718' title='bbox 2054 2248 2117 2288; x_wconf 67' lang='lat' dir='ltr'>Del&#39;</span> 
     </span>
     <span class='ocr_line' id='line_1_102' title="bbox 1232 2302 2116 2353; baseline -0.008 -10"><span class='ocrx_word' id='word_1_719' title='bbox 1232 2308 1324 2353; x_wconf 81' lang='lat' dir='ltr'>soltus</span> <span class='ocrx_word' id='word_1_720' title='bbox 1344 2310 1489 2351; x_wconf 65' lang='lat' dir='ltr'>praeditos</span> <span class='ocrx_word' id='word_1_721' title='bbox 1515 2307 1693 2339; x_wconf 79' lang='lat' dir='ltr'>adminiculo</span> <span class='ocrx_word' id='word_1_722' title='bbox 1719 2331 1727 2337; x_wconf 86' lang='grc'>,</span> <span class='ocrx_word' id='word_1_723' title='bbox 1753 2306 1838 2339; x_wconf 70' lang='lat' dir='ltr'>Unde³</span> <span class='ocrx_word' id='word_1_724' title='bbox 1870 2306 2024 2339; x_wconf 72' lang='lat' dir='ltr'>audientes</span> <span class='ocrx_word' id='word_1_725' title='bbox 2050 2302 2116 2337; x_wconf 81' lang='lat' dir='ltr'>baec</span> 
     </span>
     <span class='ocr_line' id='line_1_103' title="bbox 1237 2351 2115 2402; baseline -0.007 -10"><span class='ocrx_word' id='word_1_726' title='bbox 1237 2358 1368 2399; x_wconf 71' lang='lat' dir='ltr'>universi</span> <span class='ocrx_word' id='word_1_727' title='bbox 1380 2366 1526 2402; x_wconf 82' lang='lat' dir='ltr'>gemunt,</span> <span class='ocrx_word' id='word_1_728' title='bbox 1551 2357 1664 2398; x_wconf 77' lang='lat' dir='ltr'>&amp;quia</span> <span class='ocrx_word' id='word_1_729' title='bbox 1687 2354 1731 2396; x_wconf 72' lang='lat' dir='ltr'>usti</span> <span class='ocrx_word' id='word_1_730' title='bbox 1748 2355 1960 2397; x_wconf 80' lang='lat' dir='ltr'>pertulerunt,</span> <span class='ocrx_word' id='word_1_731' title='bbox 1986 2351 2115 2396; x_wconf 76' lang='lat' dir='ltr'>quaesub</span> 
     </span>
     <span class='ocr_line' id='line_1_104' title="bbox 1239 2402 2114 2451; baseline -0.009 -8"><span class='ocrx_word' id='word_1_732' title='bbox 1239 2411 1317 2443; x_wconf 85' lang='lat' dir='ltr'>nullo</span> <span class='ocrx_word' id='word_1_733' title='bbox 1330 2415 1465 2451; x_wconf 73' lang='lat' dir='ltr'>priorum</span> <span class='ocrx_word' id='word_1_734' title='bbox 1476 2411 1648 2449; x_wconf 77' lang='lat' dir='ltr'>Principum</span> <span class='ocrx_word' id='word_1_735' title='bbox 1657 2417 1833 2449; x_wconf 85' lang='lat' dir='ltr'>quemquam</span> <span class='ocrx_word' id='word_1_736' title='bbox 1852 2405 1935 2437; x_wconf 70' lang='lat' dir='ltr'>5ed1s</span> <span class='ocrx_word' id='word_1_737' title='bbox 1947 2402 2114 2446; x_wconf 71' lang='lat' dir='ltr'>Apostolicae</span> 
     </span>
     <span class='ocr_line' id='line_1_105' title="bbox 1238 2454 2118 2503; baseline -0.008 -11"><span class='ocrx_word' id='word_1_738' title='bbox 1238 2459 1354 2503; x_wconf 76' lang='lat' dir='ltr'>Miffum</span> <span class='ocrx_word' id='word_1_739' title='bbox 1371 2458 1520 2501; x_wconf 74' lang='lat' dir='ltr'>pertuliffe</span> <span class='ocrx_word' id='word_1_740' title='bbox 1533 2458 1660 2491; x_wconf 88' lang='lat' dir='ltr'>recolunt</span> <span class='ocrx_word' id='word_1_741' title='bbox 1673 2480 1684 2496; x_wconf 93' lang='lat'>,</span> <span class='ocrx_word' id='word_1_742' title='bbox 1708 2467 1808 2488; x_wconf 85' lang='lat' dir='ltr'>omnes</span> <span class='ocrx_word' id='word_1_743' title='bbox 1819 2454 1980 2496; x_wconf 66' lang='lat' dir='ltr'>stupefaffl</span> <span class='ocrx_word' id='word_1_744' title='bbox 2002 2458 2118 2487; x_wconf 73' lang='lat' dir='ltr'>miran-</span> 
     </span>
     <span class='ocr_line' id='line_1_106' title="bbox 1237 2503 2116 2551; baseline -0.007 -9"><span class='ocrx_word' id='word_1_745' title='bbox 1237 2518 1287 2542; x_wconf 89' lang='lat' dir='ltr'>tur</span> <span class='ocrx_word' id='word_1_746' title='bbox 1299 2534 1310 2550; x_wconf 91' lang='lat'>,</span> <span class='ocrx_word' id='word_1_747' title='bbox 1332 2508 1429 2551; x_wconf 83' lang='lat' dir='ltr'>fitque</span> <span class='ocrx_word' id='word_1_748' title='bbox 1451 2512 1580 2541; x_wconf 72' lang='lat' dir='ltr'>continui</span> <span class='ocrx_word' id='word_1_749' title='bbox 1591 2507 1729 2540; x_wconf 64' lang='lat' dir='ltr'>clamoris</span> <span class='ocrx_word' id='word_1_750' title='bbox 1740 2504 1778 2537; x_wconf 84' lang='lat' dir='ltr'>ab</span> <span class='ocrx_word' id='word_1_751' title='bbox 1791 2504 1916 2546; x_wconf 70' lang='lat' dir='ltr'>Ecclefia</span> <span class='ocrx_word' id='word_1_752' title='bbox 1927 2503 2023 2545; x_wconf 87' lang='lat' dir='ltr'>nostra</span> <span class='ocrx_word' id='word_1_753' title='bbox 2033 2513 2116 2536; x_wconf 79' lang='lat' dir='ltr'>mur-</span> 
     </span>
     <span class='ocr_line' id='line_1_107' title="bbox 1238 2553 2119 2601; baseline -0.009 -8"><span class='ocrx_word' id='word_1_754' title='bbox 1238 2571 1329 2599; x_wconf 81' lang='lat' dir='ltr'>mur,</span> <span class='ocrx_word' id='word_1_755' title='bbox 1354 2559 1431 2601; x_wconf 80' lang='lat' dir='ltr'>quod</span> <span class='ocrx_word' id='word_1_756' title='bbox 1441 2561 1486 2590; x_wconf 74' lang='lat' dir='ltr'>ita</span> <span class='ocrx_word' id='word_1_757' title='bbox 1508 2555 1698 2600; x_wconf 66' lang='lat' dir='ltr'>dffptfitionis</span> <span class='ocrx_word' id='word_1_758' title='bbox 1712 2555 1814 2596; x_wconf 79' lang='lat' dir='ltr'>vcstrae</span> <span class='ocrx_word' id='word_1_759' title='bbox 1836 2553 1998 2595; x_wconf 80' lang='lat' dir='ltr'>constitutio</span> <span class='ocrx_word' id='word_1_760' title='bbox 2007 2558 2119 2595; x_wconf 71' lang='lat' dir='ltr'>impro-</span> 
     </span>
     <span class='ocr_line' id='line_1_108' title="bbox 1238 2603 2119 2651; baseline -0.009 -8"><span class='ocrx_word' id='word_1_761' title='bbox 1238 2611 1312 2643; x_wconf 70' lang='lat' dir='ltr'>vide</span> <span class='ocrx_word' id='word_1_762' title='bbox 1318 2611 1439 2651; x_wconf 86' lang='lat' dir='ltr'>prodire</span> <span class='ocrx_word' id='word_1_763' title='bbox 1444 2613 1573 2650; x_wconf 74' lang='lat' dir='ltr'>potuerit</span> <span class='ocrx_word' id='word_1_764' title='bbox 1585 2632 1596 2647; x_wconf 90' lang='lat'><strong>‚</strong></span> <span class='ocrx_word' id='word_1_765' title='bbox 1622 2612 1696 2640; x_wconf 77' lang='lat' dir='ltr'>utin</span> <span class='ocrx_word' id='word_1_766' title='bbox 1706 2605 1897 2638; x_wconf 80' lang='lat' dir='ltr'>barbarorum</span> <span class='ocrx_word' id='word_1_767' title='bbox 1903 2604 2023 2649; x_wconf 81' lang='lat' dir='ltr'>gladios</span> <span class='ocrx_word' id='word_1_768' title='bbox 2036 2603 2119 2636; x_wconf 79' lang='lat' dir='ltr'>nullo</span> 
     </span>
     <span class='ocr_line' id='line_1_109' title="bbox 1239 2652 2116 2701; baseline -0.009 -8"><span class='ocrx_word' id='word_1_769' title='bbox 1239 2664 1355 2701; x_wconf 79' lang='lat' dir='ltr'>imperii</span> <span class='ocrx_word' id='word_1_770' title='bbox 1379 2658 1465 2699; x_wconf 75' lang='lat' dir='ltr'>vestri</span> <span class='ocrx_word' id='word_1_771' title='bbox 1479 2656 1617 2700; x_wconf 75' lang='lat' dir='ltr'>praefidio</span> <span class='ocrx_word' id='word_1_772' title='bbox 1636 2657 1797 2692; x_wconf 80' lang='lat' dir='ltr'>inciderint</span> <span class='ocrx_word' id='word_1_773' title='bbox 1810 2680 1818 2688; x_wconf 91' lang='lat'>.</span> <span class='ocrx_word' id='word_1_774' title='bbox 1847 2655 1954 2689; x_wconf 89' lang='lat' dir='ltr'>Addit</span> <span class='ocrx_word' id='word_1_775' title='bbox 1971 2653 2023 2687; x_wconf 87' lang='lat' dir='ltr'>vel</span> <span class='ocrx_word' id='word_1_776' title='bbox 2048 2652 2116 2685; x_wconf 80' lang='lat' dir='ltr'>Mi-</span> 
     </span>
     <span class='ocr_line' id='line_1_110' title="bbox 1240 2702 2115 2753; baseline -0.01 -10"><span class='ocrx_word' id='word_1_777' title='bbox 1240 2708 1385 2744; x_wconf 87' lang='lat' dir='ltr'>chaelem</span> <span class='ocrx_word' id='word_1_778' title='bbox 1412 2707 1598 2753; x_wconf 87' lang='lat' dir='ltr'>Augustum</span> <span class='ocrx_word' id='word_1_779' title='bbox 1622 2707 1714 2743; x_wconf 83' lang='lat' dir='ltr'>fuisse</span> <span class='ocrx_word' id='word_1_780' title='bbox 1738 2705 1779 2740; x_wconf 91' lang='lat' dir='ltr'>ab</span> <span class='ocrx_word' id='word_1_781' title='bbox 1805 2706 1876 2748; x_wconf 89' lang='lat' dir='ltr'>ipso</span> <span class='ocrx_word' id='word_1_782' title='bbox 1898 2702 2115 2738; x_wconf 79' lang='lat' dir='ltr'>imitandum.</span> 
     </span>
     <span class='ocr_line' id='line_1_111' title="bbox 1240 2750 2117 2802; baseline -0.014 -7"><span class='ocrx_word' id='word_1_783' title='bbox 1240 2760 1342 2795; x_wconf 79' lang='lat' dir='ltr'>Porro</span> <span class='ocrx_word' id='word_1_784' title='bbox 1353 2759 1391 2794; x_wconf 92' lang='lat' dir='ltr'>de</span> <span class='ocrx_word' id='word_1_785' title='bbox 1402 2757 1530 2802; x_wconf 88' lang='lat' dir='ltr'>Synodi</span> <span class='ocrx_word' id='word_1_786' title='bbox 1543 2758 1657 2792; x_wconf 87' lang='lat' dir='ltr'>codice</span> <span class='ocrx_word' id='word_1_787' title='bbox 1667 2767 1720 2799; x_wconf 86' lang='lat' dir='ltr'>per</span> <span class='ocrx_word' id='word_1_788' title='bbox 1733 2758 1764 2790; x_wconf 85' lang='lat' dir='ltr'>se</span> <span class='ocrx_word' id='word_1_789' title='bbox 1776 2756 1919 2791; x_wconf 84' lang='lat' dir='ltr'>Romam</span> <span class='ocrx_word' id='word_1_790' title='bbox 1931 2753 2030 2787; x_wconf 85' lang='lat' dir='ltr'>allato</span> <span class='ocrx_word' id='word_1_791' title='bbox 2043 2750 2117 2785; x_wconf 90' lang='lat' dir='ltr'>scri·</span> 
     </span>
     <span class='ocr_line' id='line_1_112' title="bbox 1241 2798 2118 2851; baseline -0.013 -7"><span class='ocrx_word' id='word_1_792' title='bbox 1241 2810 1287 2845; x_wconf 91' lang='lat' dir='ltr'>bit</span> <span class='ocrx_word' id='word_1_793' title='bbox 1300 2810 1334 2843; x_wconf 90' lang='lat' dir='ltr'>in</span> <span class='ocrx_word' id='word_1_794' title='bbox 1346 2809 1484 2851; x_wconf 85' lang='lat' dir='ltr'>ejusdem</span> <span class='ocrx_word' id='word_1_795' title='bbox 1502 2806 1688 2849; x_wconf 70' lang='lat' dir='ltr'>praefatione</span> <span class='ocrx_word' id='word_1_796' title='bbox 1700 2804 1886 2838; x_wconf 74' lang='lat' dir='ltr'>Anastanus</span> <span class='ocrx_word' id='word_1_797' title='bbox 1897 2798 2118 2837; x_wconf 79' lang='lat' dir='ltr'>Bibliotheca-</span> 
     </span>
     <span class='ocr_line' id='line_1_113' title="bbox 1241 2851 2117 2901; baseline -0.013 -8"><span class='ocrx_word' id='word_1_798' title='bbox 1241 2860 1324 2893; x_wconf 87' lang='lat' dir='ltr'>rius:</span> <span class='ocrx_word' id='word_1_799' title='bbox 1354 2857 1517 2901; x_wconf 72' lang='lat' dir='ltr'>‚Quidquid</span> <span class='ocrx_word' id='word_1_800' title='bbox 1535 2861 1568 2887; x_wconf 80' lang='lat' dir='ltr'>in</span> <span class='ocrx_word' id='word_1_801' title='bbox 1588 2859 1692 2890; x_wconf 75' lang='lat' dir='ltr'>Latino</span> <span class='ocrx_word' id='word_1_802' title='bbox 1714 2853 1863 2887; x_wconf 69' lang='lat' dir='ltr'>Ac‘lionum</span> <span class='ocrx_word' id='word_1_803' title='bbox 1883 2852 1999 2886; x_wconf 65' lang='lat' dir='ltr'>oetavae</span> <span class='ocrx_word' id='word_1_804' title='bbox 2011 2851 2117 2888; x_wconf 63' lang='lat' dir='ltr'>synode</span> 
     </span>
     <span class='ocr_line' id='line_1_114' title="bbox 1240 2901 2119 2949; baseline -0.013 -6"><span class='ocrx_word' id='word_1_805' title='bbox 1240 2910 1334 2943; x_wconf 83' lang='lat' dir='ltr'>codice</span> <span class='ocrx_word' id='word_1_806' title='bbox 1361 2912 1529 2949; x_wconf 83' lang='lat' dir='ltr'>reperitur,</span> <span class='ocrx_word' id='word_1_807' title='bbox 1555 2905 1595 2938; x_wconf 82' lang='lat' dir='ltr'>ab</span> <span class='ocrx_word' id='word_1_808' title='bbox 1617 2909 1698 2937; x_wconf 82' lang='lat' dir='ltr'>omni</span> <span class='ocrx_word' id='word_1_809' title='bbox 1717 2902 1829 2944; x_wconf 83' lang='lat' dir='ltr'>estfuco</span> <span class='ocrx_word' id='word_1_810' title='bbox 1843 2901 1990 2944; x_wconf 76' lang='lat' dir='ltr'>falfitatts</span> <span class='ocrx_word' id='word_1_811' title='bbox 2013 2909 2119 2934; x_wconf 77' lang='lat' dir='ltr'>extra-</span> 
     </span>
     <span class='ocr_line' id='line_1_115' title="bbox 1243 2949 2119 3000; baseline -0.013 -7"><span class='ocrx_word' id='word_1_812' title='bbox 1243 2970 1330 2993; x_wconf 90' lang='lat' dir='ltr'>neum</span> <span class='ocrx_word' id='word_1_813' title='bbox 1343 2970 1357 2999; x_wconf 90' lang='lat'><em>;</em></span> <span class='ocrx_word' id='word_1_814' title='bbox 1384 2956 1535 3000; x_wconf 81' lang='lat' dir='ltr'>quidquid</span> <span class='ocrx_word' id='word_1_815' title='bbox 1545 2957 1614 2988; x_wconf 76' lang='lat' dir='ltr'>vero</span> <span class='ocrx_word' id='word_1_816' title='bbox 1624 2953 1750 2995; x_wconf 72' lang='lat' dir='ltr'>amplius</span> <span class='ocrx_word' id='word_1_817' title='bbox 1775 2954 1827 2986; x_wconf 86' lang='lat' dir='ltr'>vel</span> <span class='ocrx_word' id='word_1_818' title='bbox 1836 2953 1872 2986; x_wconf 82' lang='lat' dir='ltr'>de</span> <span class='ocrx_word' id='word_1_819' title='bbox 1885 2949 2119 2993; x_wconf 79' lang='lat' dir='ltr'>dioeccfiBulga-</span> 
     </span>
     <span class='ocr_line' id='line_1_116' title="bbox 1242 2996 2120 3050; baseline -0.016 -6"><span class='ocrx_word' id='word_1_820' title='bbox 1242 3016 1326 3049; x_wconf 66' lang='lat' dir='ltr'>rica,</span> <span class='ocrx_word' id='word_1_821' title='bbox 1344 3007 1409 3050; x_wconf 82' lang='lat' dir='ltr'>five</span> <span class='ocrx_word' id='word_1_822' title='bbox 1429 3006 1548 3040; x_wconf 64' lang='lat' dir='ltr'>aliunde</span> <span class='ocrx_word' id='word_1_823' title='bbox 1571 3011 1603 3038; x_wconf 78' lang='lat' dir='ltr'>in</span> <span class='ocrx_word' id='word_1_824' title='bbox 1619 3003 1749 3046; x_wconf 83' lang='lat' dir='ltr'>ejusdem</span> <span class='ocrx_word' id='word_1_825' title='bbox 1769 3003 1873 3041; x_wconf 67' lang='lat' dir='ltr'>synodi</span> <span class='ocrx_word' id='word_1_826' title='bbox 1897 3002 1989 3035; x_wconf 79' lang='lat' dir='ltr'>codice</span> <span class='ocrx_word' id='word_1_827' title='bbox 2010 2996 2120 3043; x_wconf 62' lang='lat' dir='ltr'>forsan</span> 
     </span>
     <span class='ocr_line' id='line_1_117' title="bbox 310 3049 2115 3107; baseline -0.01 -7"><span class='ocrx_word' id='word_1_828' title='bbox 310 3067 490 3100; x_wconf 73' lang='lat' dir='ltr'>*videbantur</span> <span class='ocrx_word' id='word_1_829' title='bbox 511 3091 521 3106; x_wconf 83' lang='lat'>‚</span> <span class='ocrx_word' id='word_1_830' title='bbox 544 3066 664 3107; x_wconf 75' lang='lat' dir='ltr'>penitus</span> <span class='ocrx_word' id='word_1_831' title='bbox 683 3062 844 3106; x_wconf 76' lang='lat' dir='ltr'>amiserunt</span> <span class='ocrx_word' id='word_1_832' title='bbox 865 3088 876 3103; x_wconf 93' lang='lat'>,</span> <span class='ocrx_word' id='word_1_833' title='bbox 902 3063 936 3096; x_wconf 69' lang='lat'>(9⁹</span> <span class='ocrx_word' id='word_1_834' title='bbox 950 3061 1040 3103; x_wconf 83' lang='lat' dir='ltr'>fimul</span> <span class='ocrx_word' id='word_1_835' title='bbox 1057 3062 1180 3095; x_wconf 76' lang='lat' dir='ltr'>codicem</span> <span class='ocrx_word' id='word_1_836' title='bbox 1242 3064 1415 3093; x_wconf 80' lang='lat' dir='ltr'>Invenietur</span> <span class='ocrx_word' id='word_1_837' title='bbox 1437 3081 1448 3097; x_wconf 93' lang='lat'><strong>,</strong></span> <span class='ocrx_word' id='word_1_838' title='bbox 1473 3065 1566 3091; x_wconf 85' lang='lat' dir='ltr'>totum</span> <span class='ocrx_word' id='word_1_839' title='bbox 1581 3054 1618 3095; x_wconf 65' lang='lat' dir='ltr'>cst</span> <span class='ocrx_word' id='word_1_840' title='bbox 1637 3054 1783 3087; x_wconf 80' lang='lat' dir='ltr'>mendacii</span> <span class='ocrx_word' id='word_1_841' title='bbox 1808 3049 2115 3106; x_wconf 48' lang='lat' dir='ltr'>venenisjnfec‘lum.</span> 
     </span>
     <span class='ocr_line' id='line_1_118' title="bbox 310 3099 2120 3158; baseline -0.009 -9"><span class='ocrx_word' id='word_1_842' title='bbox 310 3115 627 3158; x_wconf 67' lang='lat' dir='ltr'>Ac‘iionumpraesemis</span> <span class='ocrx_word' id='word_1_843' title='bbox 647 3115 770 3153; x_wconf 73' lang='lat' dir='ltr'>synodi.</span> <span class='ocrx_word' id='word_1_844' title='bbox 795 3115 903 3146; x_wconf 69' lang='lat' dir='ltr'>Verum</span> <span class='ocrx_word' id='word_1_845' title='bbox 912 3124 961 3155; x_wconf 86' lang='lat' dir='ltr'>ego</span> <span class='ocrx_word' id='word_1_846' title='bbox 973 3136 983 3151; x_wconf 92' lang='lat'>‚</span> <span class='ocrx_word' id='word_1_847' title='bbox 1011 3118 1062 3154; x_wconf 84' lang='lat' dir='ltr'>qut</span> <span class='ocrx_word' id='word_1_848' title='bbox 1075 3115 1182 3143; x_wconf 84' lang='lat' dir='ltr'>Roma·</span> <span class='ocrx_word' id='word_1_849' title='bbox 1241 3107 1334 3144; x_wconf 79' lang='lat' dir='ltr'>Serio</span> <span class='ocrx_word' id='word_1_850' title='bbox 1356 3115 1492 3145; x_wconf 87' lang='lat' dir='ltr'>monet,</span> <span class='ocrx_word' id='word_1_851' title='bbox 1522 3116 1564 3138; x_wconf 89' lang='lat' dir='ltr'>ne</span> <span class='ocrx_word' id='word_1_852' title='bbox 1584 3104 1684 3146; x_wconf 75' lang='lat' dir='ltr'>quisa</span> <span class='ocrx_word' id='word_1_853' title='bbox 1698 3102 1818 3138; x_wconf 84' lang='lat' dir='ltr'>vitiatis</span> <span class='ocrx_word' id='word_1_854' title='bbox 1839 3100 2008 3138; x_wconf 71' lang='lat' dir='ltr'>codicibus</span> <span class='ocrx_word' id='word_1_855' title='bbox 2022 3099 2054 3134; x_wconf 83' lang='lat' dir='ltr'>se</span> <span class='ocrx_word' id='word_1_856' title='bbox 2064 3109 2120 3143; x_wconf 83' lang='lat' dir='ltr'>pa·</span> 
     </span>
     <span class='ocr_line' id='line_1_119' title="bbox 310 3154 2119 3207; baseline -0.008 -9"><span class='ocrx_word' id='word_1_857' title='bbox 310 3177 361 3206; x_wconf 78' lang='lat' dir='ltr'>71ae</span> <span class='ocrx_word' id='word_1_858' title='bbox 383 3166 570 3198; x_wconf 71' lang='lat' dir='ltr'>Bibliothecae</span> <span class='ocrx_word' id='word_1_859' title='bbox 590 3175 691 3197; x_wconf 85' lang='lat' dir='ltr'>curam</span> <span class='ocrx_word' id='word_1_860' title='bbox 707 3162 846 3207; x_wconf 81' lang='lat' dir='ltr'>gerebam</span> <span class='ocrx_word' id='word_1_861' title='bbox 866 3188 878 3204; x_wconf 94' lang='lat'>,</span> <span class='ocrx_word' id='word_1_862' title='bbox 896 3162 1028 3203; x_wconf 79' lang='lat' dir='ltr'>studium</span> <span class='ocrx_word' id='word_1_863' title='bbox 1048 3160 1139 3193; x_wconf 77' lang='lat' dir='ltr'>habui</span> <span class='ocrx_word' id='word_1_864' title='bbox 1161 3162 1183 3193; x_wconf 75' lang='grc' dir='ltr'><em>ἄ</em></span> <span class='ocrx_word' id='word_1_865' title='bbox 1245 3161 1342 3195; x_wconf 87' lang='lat' dir='ltr'>tiatur</span> <span class='ocrx_word' id='word_1_866' title='bbox 1352 3154 1588 3191; x_wconf 76' lang='lat' dir='ltr'>circumscribi.</span> <span class='ocrx_word' id='word_1_867' title='bbox 2093 3190 2119 3206; x_wconf 31' lang='lat'>.-</span> 
     </span>
     <span class='ocr_line' id='line_1_120' title="bbox 314 3198 2120 3256; baseline -0.008 -9"><span class='ocrx_word' id='word_1_868' title='bbox 314 3214 563 3256; x_wconf 73' lang='lat' dir='ltr'>constaminopelt</span> <span class='ocrx_word' id='word_1_869' title='bbox 581 3225 688 3247; x_wconf 83' lang='lat' dir='ltr'>mecum</span> <span class='ocrx_word' id='word_1_870' title='bbox 699 3213 784 3255; x_wconf 70' lang='lat' dir='ltr'>ipfius</span> <span class='ocrx_word' id='word_1_871' title='bbox 796 3214 900 3251; x_wconf 70' lang='lat' dir='ltr'>synodi</span> <span class='ocrx_word' id='word_1_872' title='bbox 918 3213 1042 3246; x_wconf 78' lang='lat' dir='ltr'>codicem</span> <span class='ocrx_word' id='word_1_873' title='bbox 1051 3209 1183 3252; x_wconf 83' lang='lat' dir='ltr'>deferen·</span> <span class='ocrx_word' id='word_1_874' title='bbox 1294 3206 1457 3254; x_wconf 73' lang='lat' dir='ltr'>roirca</span> <span class='ocrx_word' id='word_1_875' title='bbox 1478 3204 1675 3240; x_wconf 85' lang='lat' dir='ltr'>Guilielmus</span> <span class='ocrx_word' id='word_1_876' title='bbox 1697 3201 1968 3239; x_wconf 72' lang='lat' dir='ltr'>Bibliothecarius</span> <span class='ocrx_word' id='word_1_877' title='bbox 1989 3198 2063 3235; x_wconf 65' lang='lat' dir='ltr'>vere</span> <span class='ocrx_word' id='word_1_878' title='bbox 2073 3205 2120 3234; x_wconf 68' lang='lat' dir='ltr'>sut</span> 
     </span>
     <span class='ocr_line' id='line_1_121' title="bbox 314 3250 2119 3305; baseline -0.01 -7"><span class='ocrx_word' id='word_1_879' title='bbox 314 3267 372 3305; x_wconf 72' lang='lat' dir='ltr'>dt,</span> <span class='ocrx_word' id='word_1_880' title='bbox 397 3265 528 3297; x_wconf 84' lang='lat' dir='ltr'>delatum</span> <span class='ocrx_word' id='word_1_881' title='bbox 545 3263 656 3304; x_wconf 85' lang='lat' dir='ltr'>summo</span> <span class='ocrx_word' id='word_1_882' title='bbox 678 3264 812 3305; x_wconf 73' lang='lat' dir='ltr'>Pontifici</span> <span class='ocrx_word' id='word_1_883' title='bbox 828 3261 1017 3305; x_wconf 75' lang='lat' dir='ltr'>praesentavt</span> <span class='ocrx_word' id='word_1_884' title='bbox 1039 3284 1052 3302; x_wconf 89' lang='lat'>‚</span> <span class='ocrx_word' id='word_1_885' title='bbox 1075 3272 1110 3294; x_wconf 83' lang='lat' dir='ltr'>ac</span> <span class='ocrx_word' id='word_1_886' title='bbox 1127 3268 1185 3302; x_wconf 82' lang='lat' dir='ltr'>per</span> <span class='ocrx_word' id='word_1_887' title='bbox 1246 3258 1348 3293; x_wconf 86' lang='lat' dir='ltr'>hocce</span> <span class='ocrx_word' id='word_1_888' title='bbox 1358 3267 1503 3300; x_wconf 83' lang='lat' dir='ltr'>tempore</span> <span class='ocrx_word' id='word_1_889' title='bbox 1523 3255 1727 3289; x_wconf 81' lang='lat' dir='ltr'>Anastafium</span> <span class='ocrx_word' id='word_1_890' title='bbox 1747 3252 1872 3288; x_wconf 86' lang='lat' dir='ltr'>Divina</span> <span class='ocrx_word' id='word_1_891' title='bbox 1881 3250 2119 3295; x_wconf 81' lang='lat' dir='ltr'>dispensatione</span> 
     </span>
     <span class='ocr_line' id='line_1_122' title="bbox 316 3297 2119 3356; baseline -0.011 -6"><span class='ocrx_word' id='word_1_892' title='bbox 316 3316 379 3350; x_wconf 84' lang='lat' dir='ltr'>baec</span> <span class='ocrx_word' id='word_1_893' title='bbox 396 3313 516 3356; x_wconf 69' lang='lat' dir='ltr'>saelum</span> <span class='ocrx_word' id='word_1_894' title='bbox 533 3312 589 3350; x_wconf 84' lang='lat' dir='ltr'>est,</span> <span class='ocrx_word' id='word_1_895' title='bbox 616 3322 648 3345; x_wconf 82' lang='lat' dir='ltr'>ut</span> <span class='ocrx_word' id='word_1_896' title='bbox 660 3315 749 3345; x_wconf 81' lang='lat' dir='ltr'>Sedes</span> <span class='ocrx_word' id='word_1_897' title='bbox 761 3313 939 3353; x_wconf 65' lang='lat' dir='ltr'>apostolica,</span> <span class='ocrx_word' id='word_1_898' title='bbox 967 3315 1029 3344; x_wconf 83' lang='lat' dir='ltr'>Deo</span> <span class='ocrx_word' id='word_1_899' title='bbox 1041 3309 1185 3350; x_wconf 81' lang='lat' dir='ltr'>authore,</span> <span class='ocrx_word' id='word_1_900' title='bbox 1202 3323 1205 3339; x_wconf 90' lang='grc' dir='ltr'>ι</span> <span class='ocrx_word' id='word_1_901' title='bbox 1247 3305 1576 3350; x_wconf 81' lang='lat' dir='ltr'>Constantinopolim</span> <span class='ocrx_word' id='word_1_902' title='bbox 1596 3304 1776 3340; x_wconf 84' lang='lat' dir='ltr'>advenisse.</span> <span class='ocrx_word' id='word_1_903' title='bbox 1804 3303 1882 3338; x_wconf 87' lang='lat' dir='ltr'>Erat</span> <span class='ocrx_word' id='word_1_904' title='bbox 1908 3297 2045 3337; x_wconf 70' lang='lat' dir='ltr'>omnino</span> <span class='ocrx_word' id='word_1_905' title='bbox 2066 3307 2119 3330; x_wconf 85' lang='lat' dir='ltr'>ne·-</span> 
     </span>
     <span class='ocr_line' id='line_1_123' title="bbox 316 3346 2122 3403; baseline -0.011 -2"><span class='ocrx_word' id='word_1_906' title='bbox 316 3366 441 3401; x_wconf 73' lang='lat' dir='ltr'>codicem</span> <span class='ocrx_word' id='word_1_907' title='bbox 459 3361 560 3403; x_wconf 62' lang='lat' dir='ltr'>smodi</span> <span class='ocrx_word' id='word_1_908' title='bbox 574 3367 631 3399; x_wconf 79' lang='lat' dir='ltr'>per</span> <span class='ocrx_word' id='word_1_909' title='bbox 644 3372 694 3391; x_wconf 82' lang='lat' dir='ltr'>nos</span> <span class='ocrx_word' id='word_1_910' title='bbox 713 3361 870 3402; x_wconf 77' lang='lat' dir='ltr'>fiesctperet</span> <span class='ocrx_word' id='word_1_911' title='bbox 883 3386 893 3401; x_wconf 90' lang='lat'>‚</span> <span class='ocrx_word' id='word_1_912' title='bbox 919 3363 953 3395; x_wconf 58' lang='grc' dir='ltr'>δ’</span> <span class='ocrx_word' id='word_1_913' title='bbox 971 3360 1082 3394; x_wconf 77' lang='lat' dir='ltr'>libellos</span> <span class='ocrx_word' id='word_1_914' title='bbox 1094 3361 1185 3400; x_wconf 77' lang='lat' dir='ltr'>Mtffis</span> <span class='ocrx_word' id='word_1_915' title='bbox 1203 3346 1206 3383; x_wconf 70' lang='lat' dir='ltr'>l</span> <span class='ocrx_word' id='word_1_916' title='bbox 1247 3359 1412 3393; x_wconf 83' lang='lat' dir='ltr'>cessarius.</span> <span class='ocrx_word' id='word_1_917' title='bbox 1440 3357 1599 3390; x_wconf 86' lang='lat' dir='ltr'>Attamen</span> <span class='ocrx_word' id='word_1_918' title='bbox 1631 3352 1758 3397; x_wconf 82' lang='lat' dir='ltr'>&amp;quid</span> <span class='ocrx_word' id='word_1_919' title='bbox 1777 3351 1918 3390; x_wconf 77' lang='lat' dir='ltr'>humani</span> <span class='ocrx_word' id='word_1_920' title='bbox 1935 3350 2004 3384; x_wconf 79' lang='lat' dir='ltr'>mic</span> <span class='ocrx_word' id='word_1_921' title='bbox 2015 3346 2059 3380; x_wconf 88' lang='lat' dir='ltr'>est</span> <span class='ocrx_word' id='word_1_922' title='bbox 2072 3346 2122 3381; x_wconf 64' lang='lat' dir='ltr'>inv</span> 
     </span>
    </p>
   </div>
   <div class='ocr_carea' id='block_1_7' title="bbox 317 3395 2122 3491">
    <p class='ocr_par' dir='ltr' id='par_1_8' title="bbox 317 3395 2122 3491">
     <span class='ocr_line' id='line_1_124' title="bbox 317 3395 2122 3491; baseline -0.006 -43"><span class='ocrx_word' id='word_1_923' title='bbox 317 3415 436 3466; x_wconf 68' lang='lat' dir='ltr'>quidem</span> <span class='ocrx_word' id='word_1_924' title='bbox 451 3408 705 3450; x_wconf 69' lang='lat' dir='ltr'>anobtrtedditos</span> <span class='ocrx_word' id='word_1_925' title='bbox 723 3431 733 3448; x_wconf 88' lang='lat'><em>,</em></span> <span class='ocrx_word' id='word_1_926' title='bbox 755 3409 870 3455; x_wconf 66' lang='lat' dir='ltr'>[capot</span> <span class='ocrx_word' id='word_1_927' title='bbox 880 3423 933 3444; x_wconf 83' lang='lat' dir='ltr'>nos</span> <span class='ocrx_word' id='word_1_928' title='bbox 951 3410 1088 3457; x_wconf 68' lang='lat' dir='ltr'>fislvatos</span> <span class='ocrx_word' id='word_1_929' title='bbox 1099 3410 1194 3466; x_wconf 38' lang='lat' dir='ltr'>habe(</span> <span class='ocrx_word' id='word_1_930' title='bbox 1250 3409 1386 3445; x_wconf 77' lang='lat' dir='ltr'>feliciter</span> <span class='ocrx_word' id='word_1_931' title='bbox 1410 3416 1561 3456; x_wconf 77' lang='lat' dir='ltr'>operatus</span> <span class='ocrx_word' id='word_1_932' title='bbox 1586 3428 1595 3442; x_wconf 52' lang='grc' dir='ltr'>ν</span> <span class='ocrx_word' id='word_1_933' title='bbox 1627 3404 1743 3452; x_wconf 69' lang='lat' dir='ltr'>Exstat</span> <span class='ocrx_word' id='word_1_934' title='bbox 1767 3395 2122 3491; x_wconf 49' lang='grc' dir='ltr'>ὀρφακίΡξὶέϊῑὲιίηὸᾱ</span> 
     </span>
    </p>
   </div>
  </div>
 </body>
</html>
