2340 3762
223 906 227 908 “
285 904 444 940 erationis
464 903 635 941 licentiam
661 903 680 937 a
700 902 864 936 Mauritio
888 900 1043 947 Augusto
1064 911 1172 946 petere

104 1268 158 1301 L}
163 1285 173 1303 ι
179 1266 266 1308 Epist.

108 1310 137 1348 ὅ,

131 2679 219 2710 Elem.
238 2680 270 2709 K-

131 2728 209 2761 :232-

254 253 508 297 ,dilaceratores
529 251 688 295 Barbari,
715 264 783 298 quo
802 258 936 284 omnem
959 244 1109 283 invasaea
1133 246 1166 282 se

283 1702 593 1741 ·Eccles1asticarum
606 1700 838 1744 poffeffionum
849 1700 1023 1736 accedebat
1046 1700 1176 1736 investi-

358 120 455 179 308

280 202 394 243 manui
412 225 424 244 ,
451 199 558 246 Angli
577 225 590 243 ,
615 201 736 248 aliique
760 202 923 238 Romanae
959 195 1166 240 Reipublicae

281 302 421 340 ditionis
439 303 538 342 etiam
559 315 638 339 cum
660 301 783 347 populo
796 298 930 333 Clerum
950 294 1008 334 fibi
1032 295 1167 333 firmiter

281 342 509 395 devincirent‘,
533 350 770 388 Ecclefiasticas
789 346 999 390 possessiones
1020 345 1168 381 transerir

281 405 414 450 pserunt
424 404 461 440 in
480 404 535 442 fita
561 398 716 436 beneficia
731 421 744 438 ,
770 395 960 432 earumdem
980 396 1167 442 Episcopali

282 455 366 492 Sede
378 451 701 490 vacantestatuerunt
725 449 757 483 se
777 446 928 486 custodes
954 448 989 482 ἀ
1010 448 1168 492 protecto-

282 516 334 547 ‘es
343 530 356 548 ,
380 506 422 540 de
433 503 505 546 ipsis
516 510 623 535 novos
634 499 817 545 Episcopos
830 497 919 543 quafi
929 497 971 534 de
984 499 1047 532 suis
1063 497 1169 533 feudis

284 555 499 593 investierunt
518 571 530 592 2
560 547 747 596 horumque
783 549 962 587 canonicas
994 548 1169 583 electiones

283 615 342 642 aut
352 602 566 638 extinxerunt
590 613 628 636 ac
639 600 866 636 verteruntin
888 600 960 638 suas
970 598 1169 634 nominatio·

284 665 366 693 nes,
390 659 448 686 aut
468 649 545 686 sane
563 650 583 688 a
606 652 666 687 suo
688 649 824 686 arbitrio
833 650 981 685 fecerunt
991 648 1169 694 pendulas,

282 700 397 748 utpote
408 702 476 736 sine
484 701 541 736 sua
553 702 669 745 praevia
683 701 816 736 licentia
838 711 907 735 non
920 699 1083 738 faciendas
1097 723 1109 740 ‚
1135 699 1170 733 ὅ(

282 752 350 799 jam
362 754 460 787 factas
471 754 530 787 suo
553 752 707 797 suffragio
728 750 990 789 confirmandas.
1018 751 1111 789 Nam
1135 750 1170 788 ὅ(

282 803 421 839 'Sanetus
444 802 629 847 Gregorius
648 802 796 847 Magnus
820 800 977 841 Pontifex
999 801 1170 850 electionis

283 853 327 893 de
340 854 373 889 se
392 853 478 890 fadlae
489 852 800 897 confirmationem,
825 852 859 892 &
883 851 1041 886 faciendae
1062 851 1170 887 conse-

284 955 415 989 coadtus
426 953 509 992 fuit,
535 953 757 1001 quodznempe
780 951 900 987 Heruli
927 953 962 987 δε
986 950 1094 987 Gothi
1115 952 1172 984 ser·

285 1004 425 1038 vitutem
437 1003 531 1037 istam
543 999 706 1045 Romanae
728 1002 1000 1048 etiamEcclefiae,
1009 1000 1170 1046 impreffis·

285 1054 358 1088 seut
370 1077 382 1094 ‚
407 1053 621 1095 eamdemque
637 1050 830 1092 Gothorum
840 1053 943 1087 vidior
967 1051 1064 1086 ac‘ex
1077 1050 1170 1087 ltalia

281 1103 406 1147 τοῇεᾶοι·
417 1103 620 1148 Iustinianus
631 1100 820 1146 Augustus,
845 1103 882 1135 iu
895 1101 1008 1138 omnia
1025 1101 1170 1144 ipsorum

287 1154 376 1196 quafi
389 1153 459 1197 jura
471 1153 640 1187 succedere
653 1152 767 1189 volens
778 1175 789 1195 ,
815 1151 966 1191 firmasset
978 1175 990 1194 ‚
1015 1162 1054 1185 ac
1074 1150 1170 1185 multi

287 1203 361 1249 post
377 1203 473 1242 illum
484 1202 673 1239 Graecorum
686 1201 900 1244 Imperatores
910 1226 918 1234 .
944 1200 1045 1237 Hanc
1056 1200 1172 1238 confir-

288 1253 474 1293 mationem
484 1251 621 1286 Sanstus
631 1247 812 1301 Gregorius
829 1249 977 1297 Magnus
988 1250 1031 1295 „in
1052 1250 1171 1287 litteris

288 1302 330 1340 ad
339 1299 571 1338 Theostistam
581 1300 736 1336 Mauritii
748 1302 891 1347 Augusti
906 1302 1051 1339 sororem
1071 1301 1171 1337 adnu-

289 1363 394 1390 merat
415 1350 747 1397 sacr15''juffionibus;
774 1352 908 1390 Sanetus
929 1363 1038 1394 autem
1050 1354 1111 1387 lvo
1136 1352 1170 1386 &

289 1403 348 1444 alii
359 1404 496 1438 istorum
505 1412 693 1447 temporum
703 1402 816 1438 Patres
828 1403 941 1446 paffitn
956 1414 1076 1440 vocant
1096 1398 1173 1446 Epi-

289 1457 441 1498 scopatus
466 1453 683 1488 donationem
709 1453 765 1489 seu
790 1452 1061 1488 conceffionem.
1097 1452 1175 1495 Epi-

287 1504 475 1548 scopalium
485 1502 605 1547 quippe
615 1502 825 1540 Electionum
841 1513 910 1539 non
930 1502 1034 1538 solam
1055 1502 1173 1537 confir-

291 1554 477 1593 mationem
497 1576 509 1593 ,
533 1552 587 1587 sed
612 1554 648 1592 δε
668 1553 880 1588 cassationem
907 1561 1005 1595 atque
1024 1551 1172 1587 exsuffla·

289 1604 420 1641 tionem
444 1601 501 1636 fibi
524 1600 685 1635 violenter
705 1601 907 1644 adrogabant
928 1600 1060 1646 Reges,
1086 1601 1176 1635 ideo·

289 1664 358 1698 que
376 1652 453 1687 data
478 1661 534 1695 per
555 1651 643 1696 ipsos
663 1650 897 1691 confirmatio,
923 1652 980 1685 cui
1002 1652 1174 1694 praesertim

292 1763 391 1794 tura,
416 1762 485 1789 non
497 1752 561 1785 fine
573 1752 789 1786 fundamento
809 1752 919 1796 potuit
943 1751 1052 1786 vocari
1075 1752 1176 1786 dona-

293 1803 347 1839 tio
373 1803 428 1837 seu
449 1800 613 1835 conceffio
637 1801 851 1844 Episcopatus
868 1825 881 1842 ,
905 1801 1040 1835 Deinde
1065 1800 1175 1835 barba-

294 1864 367 1891 ram
386 1851 518 1896 Regum
545 1851 682 1887 istorum
709 1850 917 1894 Majestatem
943 1849 1177 1895 dispensatorio

296 1905 358 1940 alti
367 1888 515 1941 ‘hominis
527 1899 657 1940 honore
667 1900 901 1938 emolliendam
922 1900 1087 1938 duxerunt
1109 1898 1177 1935 san·

297 1955 340 1989 ai
352 1963 431 1988 tunc
444 1951 621 1996 Episcopi,
645 1960 749 1995 atque
764 1950 809 1985 ita
821 1949 1025 1994 pedetentim
1047 1951 1089 1986 ad
1111 1950 1181 1988 Ro-

297 2014 416 2041 manos
428 2013 536 2036 mores
547 1999 782 2037 deducendam.

347 2053 483 2089 Sanctus
504 2053 615 2097 itaque
634 2050 694 2086 lvo
715 2050 752 2084 in
772 2048 920 2086 adductis
940 2050 982 2087 ad
993 2052 1178 2097 Hugonern

300 2104 481 2141 Primatem
501 2102 618 2137 litteris
638 2101 747 2147 Reges
760 2112 816 2145 per
829 2101 1005 2137 Canonem
1033 2103 1178 2137 nostrum

301 2153 437 2190 excludi
448 2152 610 2187 existimat
636 2151 655 2186 ὲ
676 2152 743 2186 sola
755 2153 994 2197 Episcoporum
1020 2153 1180 2188 eleetione

299 2204 357 2242 seu
367 2204 474 2239 activo
485 2202 662 2248 suffragio,
687 2212 756 2236 non
775 2202 794 2236 a
810 2202 875 2247 jam
898 2203 992 2247 distaR
1008 2202 1182 2251 Fqiscopa·

301 2263 396 2289 tuum
412 2253 614 2288 donatione.
640 2252 847 2288 Graffantem
859 2250 966 2289 adhuc
987 2254 1046 2288 suo
1057 2265 1181 2297 tempo-

299 2305 380 2339 rein
396 2304 461 2338 suis
472 2303 620 2349 Regibus
646 2301 815 2338 barbaram
826 2303 1018 2338 violentiam
1045 2314 1184 2339 conatus

301 2355 348 2388 cst
361 2354 474 2389 saltem
490 2354 639 2398 palliare.
665 2352 790 2394 Verum
805 2365 909 2388 errare
934 2355 1091 2389 evincunt
1115 2353 1183 2388 haec

303 2404 454 2440 Canonis
465 2404 563 2443 verba
577 2418 584 2437 ε
610 2406 706 2441 Semet
716 2403 834 2447 miscere
846 2415 914 2438 non
926 2404 1057 2448 possunt
1077 2403 1183 2441 eledia-

304 2459 339 2488 πὶ
364 2456 417 2489 vel
438 2460 616 2496 promotioni
641 2454 795 2496 cujuslibet
820 2453 961 2498 Epiftopi
981 2467 989 2487 ι
1028 2454 1072 2489 Et
1098 2452 1184 2491 haec:

306 2506 436 2539 Nullam
461 2510 494 2537 in
524 2505 634 2541 talibus
656 2504 767 2541 babent
787 2505 978 2547 potestatem.
1016 2505 1072 2542 Ne
1096 2506 1185 2548 loqui

305 2554 443 2600 quidem
456 2555 543 2598 poffe
554 2555 589 2587 in
601 2553 661 2587 hac
674 2565 705 2587 re
717 2553 792 2588 illos
811 2556 882 2590 vult
893 2555 1015 2592 Canon
1028 2579 1039 2595 ,
1065 2556 1117 2589 sed
1132 2554 1187 2597 fibi

309 2605 466 2641 attendere
490 2615 528 2641 ac
555 2602 682 2647 penitus
700 2603 783 2645 filere
801 2630 808 2637 .
846 2603 988 2640 Pulchre
1011 2603 1187 2642 Matthzus

309 2654 472 2689 Blastares
483 2667 494 2687 :
523 2656 659 2690 canones
671 2652 829 2696 reservant
841 2655 995 2699 Episcopis
1020 2658 1187 2691 Provinctae

307 2704 455 2750 suffragia
466 2710 500 2737 tn
512 2702 723 2747 Epzl‘coporum
746 2705 932 2739 elec‘lionibus
944 2730 955 2746 ,
977 2703 1189 2748 prohibentque

311 2767 350 2792 ne
360 2755 479 2802 aliquid
486 2753 630 2798 ejusmodi
637 2765 704 2789 cum
714 2760 819 2797 quovis
842 2758 980 2797 Principe
1002 2762 1189 2791 communice-

312 2816 363 2841 tur
389 2831 397 2838 .
425 2805 538 2840 Etiam
565 2804 873 2840 illavaraecorum
901 2806 1027 2849 praxim
1047 2831 1059 2848 ,
1084 2817 1148 2850 qua
1172 2803 1191 2841 ὲ

312 2856 416 2892 tribus
429 2856 447 2890 a
460 2855 562 2893 Clero
574 2854 692 2889 Electis
715 2855 812 2891 unius
821 2854 966 2901 eligendi
989 2857 1129 2900 potestas
1137 2855 1192 2889 daae

313 2906 408 2941 batur
420 2905 564 2950 Principi
577 2930 588 2946 ‚
615 2903 774 2943 adversari
785 2906 880 2940 sacris
891 2905 1086 2940 Canonibus
1102 2906 1192 2939 testa-

314 2966 368 2994 tur
392 2955 427 2991 in
452 2956 539 2991 libro
564 2956 605 2991 de
631 2955 728 2990 sacris
753 2955 1029 2993 Ordinationibus
1046 2956 1191 2999 Symeon

315 3005 617 3050 Archi-Episcopus
631 3003 926 3043 Thessalonicenfis
936 3031 944 3038 .

365 3056 486 3093 Canon
499 3056 609 3092 noster
618 3055 732 3091 statuit
757 3057 791 3091 ἀ
804 3056 838 3090 in
849 3056 1049 3091 Francorum
1061 3055 1171 3102 Reges
1182 3080 1193 3096 ‚

318 3104 399 3139 &in
413 3107 600 3143 Graecorum
612 3105 802 3152 Augustos,
828 3106 945 3151 quibus
966 3106 1128 3142 ambobus
1146 3106 1194 3140 so-

319 3155 451 3189 lennem
476 3167 555 3191 tunc
581 3157 673 3191 fuiffe
685 3156 779 3191 istam
806 3156 1014 3192 insolentiam
1029 3158 1075 3192 est
1103 3156 1195 3201 supra

321 3201 452 3238 abunde
476 3207 655 3246 ostensum.
683 3206 803 3251 Neque
823 3209 945 3249 refert,
970 3206 1062 3252 quod
1086 3208 1194 3242 Sanffl

322 3252 471 3288 Romani
481 3255 660 3291 Pontifices
684 3257 883 3301 quandoque
907 3260 993 3302 apud
1004 3259 1112 3304 Reges
1137 3267 1195 3302 pro

322 3303 431 3342 tleffis
442 3301 630 3346 Episcopis,
656 3316 693 3340 ut
719 3308 766 3341 eis
785 3307 1023 3352 Episcopum,
1048 3308 1090 3345 ad
1116 3318 1197 3352 quos

322 3350 585 3387 erantcanonice
604 3353 719 3393 eleni,
745 3356 1023 3400 concederentur,
1049 3359 1198 3395 interces-

323 3403 440 3445 serint,
466 3400 707 3441 aceorumdem
718 3406 994 3443 consecrationem
1004 3431 1015 3448 ,
1031 3409 1197 3455 quousque

596 118 876 178 cenonas
909 120 1138 168 Srnonr
1172 129 1408 162 ocrAvAE
1442 116 1807 172 Garamans.

1229 196 1454 240 impetraretur
1464 196 1525 231 ista
1536 199 1722 241 conceffio,
1746 201 1944 240 distulerint.
1970 204 2106 242 Etenim

1227 246 1458 290 dispensatoria
1469 248 1534 283 fuit
1546 248 1604 283 ista
1618 250 1796 293 patientia,
1821 254 1954 295 sequens
1961 254 2106 300 Prophe·

1227 296 1526 344 ticamRegulam;
1552 299 1630 333 cm
1640 309 1773 343 accepero
1791 309 1929 345 rmus,
1953 315 2004 352 ego
2019 305 2106 348 Juftff·

1227 353 1292 381 tias
1299 348 1463 390 judicabo.
1489 349 1535 384 Et
1546 347 1626 385 hinc
1636 349 1748 397 Reges
1758 352 1997 388 conceflionem
2012 355 2108 391 istam

1229 399 1334 433 facere
1351 399 1562 447 pertinaciter
1581 403 1763 437 recusantes
1783 402 1968 448 frequenter
1977 413 2109 440 excom-

1229 448 1413 485 municavit
1427 473 1440 491 ,
1462 461 1643 496 eorumque
1660 452 1778 499 Regna
1804 452 2031 489 Ecclesiastico
2052 464 2116 499 pen

1232 498 1358 539 multos
1381 500 1454 536 dies
1477 501 1654 538 interdicto
1673 503 1807 548 subjecit
1832 504 1945 540 eadem
1956 504 2115 540 Romana·

1231 548 1372 587 Ecclesia
1385 575 1397 592 ,
1421 550 1522 598 idque
1537 565 1579 588 ex
1591 554 1784 589 auctoritate
1807 555 1911 591 nostri
1934 553 2082 590 Canonis
2095 578 2108 596 ,

1231 610 1367 636 omnem
1376 601 1520 644 laicum,
1546 603 1624 638 licet
1634 603 1821 648 Principem
1847 614 1904 641 aut
1921 613 2114 651 potentem,

1233 651 1267 684 in
1278 651 1471 688 canonicam
1484 652 1676 689 electionem
1687 654 1767 698 quid
1779 665 1872 700 agere
1881 665 2112 694 attentantem,

1233 701 1420 737 mandantis
1428 702 1635 741 anathemate
1644 705 1747 739 feriri.
1773 706 1886 753 Qare
1897 706 1937 742 de
1949 707 2017 750 ipso
2029 703 2113 739 reste

1235 751 1274 785 ad
1301 751 1487 790 Manaffem
1518 753 1715 790 Remensem
1755 755 1956 799 Episcopum
1992 754 2117 799 scripsit

1234 801 1370 837 Sanctus
1394 803 1454 837 lvo
1475 828 1486 844 ,
1511 804 1602 848 quod
1624 805 1799 839 canonicas
1825 805 1999 841 electiones
2025 810 2114 839 vetet

1234 852 1344 895 aliqua
1356 853 1484 888 ratione
1495 853 1513 887 ὲ
1525 854 1672 900 Regibus
1693 856 1844 900 impediri
1854 881 1861 887 .

1283 903 1427 944 Statuit,
1453 902 1613 946 inquam,
1638 906 1761 940 Canon
1776 906 1884 939 noster
1904 903 2115 948 Epifhoporum

1230 958 1427 995 promotiones
1462 963 1551 996 atque
1575 953 1802 998 consecrationes
1819 955 1889 998 fieri
1911 955 2046 989 electione
2078 964 2113 986 ac

1206 1036 1212 1042 ,
1233 997 1346 1036 decreto
1383 1001 1594 1047 Epzl'coporum
1619 1006 1728 1054 collegii
1751 1029 1764 1046 ,
1801 1005 1899 1047 idgue
1934 1005 2113 1038 concordans

1231 1052 1380 1094 pstor-thus
1395 1053 1564 1087 concaui:
1583 1053 1749 1088 Videlicet
1769 1053 1969 1089 duodecimo
1994 1052 2114 1086 Laodi-

1233 1102 1337 1142 cenfi,
1361 1113 1400 1136 ac
1419 1112 1535 1144 quarto
1560 1103 1596 1141 δε
1618 1104 1709 1137 sexto
1735 1103 1931 1138 Canonibus
1947 1102 2115 1141 Nicaenis,

1233 1150 1466 1186 mandantibus
1487 1152 1689 1197 Episcopum
1713 1152 1756 1188 ab
1776 1152 1932 1188 omnibus
1954 1152 2119 1196 Compro-

1235 1201 1432 1239 vincialibus
1444 1202 1593 1247 Collegis
1604 1203 1685 1249 eligi
1699 1227 1711 1243 ‚
1737 1203 1772 1238 δε
1782 1204 1800 1238 ὲ
1812 1201 2027 1247 Metropolita
2039 1212 2119 1237 con-

1235 1250 1355 1286 firmari
1369 1275 1380 1292 ,
1406 1262 1518 1295 praeter
1528 1263 1627 1297 quarn
1638 1253 1779 1288 formam
1788 1254 1870 1291 faeta
1890 1252 2059 1297 promotio
2078 1251 2119 1286 fit

1237 1301 1365 1349 penitus
1386 1313 1488 1337 vacua
1513 1314 1552 1337 ac
1574 1304 1643 1347 ipso
1655 1304 1742 1340 fasto
1764 1303 1873 1340 nulla.
1900 1300 2120 1341 Idemadvera

1236 1351 1308 1387 sum
1321 1353 1430 1398 Reges
1440 1352 1673 1400 Merovingios
1681 1353 1829 1390 statuunt
1838 1354 1934 1390 tertia
1957 1353 1993 1392 ὅ(
2003 1351 2125 1397 quinta‘
2132 1341 2207 1384 c²²1²·
2223 1344 2251 1373 ⁸·

1237 1401 1365 1446 Synodi
1376 1403 1568 1442 Parifienses
1577 1429 1590 1447 ‚
1616 1404 1762 1440 dicentes
1773 1406 1836 1441 effe
1845 1402 2119 1441 consuetudinem

1237 1452 1272 1485 δε
1283 1453 1458 1488 Canonem
1479 1454 1630 1489 Ecclefiae
1652 1456 1826 1497 antiquum
1838 1481 1847 1489 .
1873 1455 1983 1492 Aliter
1998 1452 2121 1488 'fastam
2133 1459 2206 1499 Cap.
2219 1469 2246 1490 1-

1238 1501 1433 1537 eleetionem
1456 1501 1561 1539 irritat
1580 1504 1685 1547 prima
1707 1505 1938 1540 Cabilonenfis
1951 1529 1959 1537 .
1986 1504 2032 1538 Et
2052 1501 2120 1537 Lu-

1237 1549 1394 1589 dovicum
1417 1554 1551 1587 tertium
1563 1553 1729 1588 Carolinae
1751 1555 1857 1600 stirpis
1877 1555 2004 1599 Regem
2022 1558 2121 1597 rogat
2133 1576 2207 1614 Cap·
2226 1585 2270 1608 ιο.

1238 1612 1280 1634 ex
1299 1602 1404 1637 totius
1423 1602 1464 1636 ad
1485 1603 1638 1637 Sanstam
1661 1603 1812 1638 Macram
1834 1603 1962 1646 synodi
1981 1601 2127 1636 nomine*

1239 1649 1443 1685 Hincmarus
1472 1651 1696 1695 Metropolita.
1726 1652 1893 1686 Remenfis
1912 1677 1924 1693 ,
1959 1648 2130 1695 quatenus

1208 1740 1211 1742 ¹
1240 1699 1477 1744 Episcoporum
1487 1701 1662 1736 electiones
1683 1701 1838 1747 deinceps
1858 1699 2037 1737 secundum
2058 1700 2122 1737 Ni·
2135 1691 2274 1733 Epist-¹²·

1239 1761 1347 1786 caenos
1357 1750 1514 1786 Canones
1536 1751 1555 1784 a
1567 1752 1644 1787 solis
1653 1750 1834 1787 Provinciae
1846 1753 2018 1797 Episcopis
2038 1750 2122 1786 fiant
2134 1735 2254 1766 ‘'¹⁸²⁸‘'

1240 1801 1371 1836 excluso
1382 1802 1495 1845 populi
1508 1803 1663 1845 imperito
1689 1814 1727 1838 ac
1739 1803 1943 1838 tumultuoso
1954 1801 2122 1846 suffragio,

1242 1850 1331 1894 cujus
1359 1850 1493 1886 estiflos
1504 1852 1672 1897 subsequi,
1699 1864 1770 1889 non
1794 1854 1921 1897 praeire.
1948 1851 2053 1889 Et.de
2072 1851 2124 1886 fu·

1242 1910 1314 1938 tura
1334 1901 1517 1938 Hedenulfi
1540 1902 1764 1940 Laudunenfis
1785 1902 1939 1946 Episcopi
1959 1901 2123 1936 elestione

1242 1949 1352 1985 scribit
1368 1950 1408 1986 ad
1421 1951 1572 1986 eumdem
1581 1952 1801 1987 Hincmarum
1813 1952 1970 1987 Pontifex
1978 1952 2126 1996 joannes>

1243 2002 1375 2036 octavus
1387 2015 1398 2036 :
1425 2006 1485 2037 cui
1497 2002 1630 2038 demant
1641 2003 1777 2036 volumus
1787 2008 1880 2035 etiam
1900 2002 2017 2045 Mtffum
2034 2001 2120 2043 ptiffi-
2139 1998 2221 2038 Epist.
2246 2009 2275 2032 z.

1243 2057 1284 2084 mt
1297 2057 1491 2094 Imperatoris
1503 2052 1605 2087 Caroli
1616 2052 1710 2085 Calvi
1722 2052 1875 2094 intereffe,
1899 2060 1935 2085 ut
1952 2050 2015 2093 fine
2030 2049 2129 2093 secu·

1243 2103 1353 2135 larium
1358 2100 1483 2143 strepitu
1494 2102 1565 2134 talis
1575 2107 1653 2134 omni
1675 2102 1766 2135 latere
1787 2102 1932 2145 eligatur,
1957 2105 2010 2144 qul
2033 2108 2123 2143 aptus

1241 2151 1337 2195 sacris
1361 2150 1534 2185 Canontbus
1559 2150 1611 2194 effe
1636 2152 1731 2186 modis
1761 2151 1897 2185 omnibus
1921 2151 2100 2194 app-obem
2113 2174 2122 2183 .

1247 2202 1381 2236 Etenim
1402 2200 1533 2238 Nicaeni
1555 2201 1709 2236 Canones
1744 2201 1871 2236 nullam
1907 2201 1983 2237 laici
2009 2200 2124 2246 populi

1247 2253 1449 2287 mentionem
1471 2250 1618 2293 faciunt,
1644 2252 1679 2287 ἀ
1702 2251 1850 2288 decimus
1872 2252 1983 2286 tertius
2005 2250 2125 2286 Laodi-

1247 2303 1348 2337 cenfis
1371 2300 1489 2337 diserte
1510 2301 1666 2346 exprimit
1692 2302 1931 2347 Episcoporum
1950 2302 2125 2336 electiones

1248 2352 1446 2402 populorum
1467 2351 1571 2387 turbis
1591 2363 1659 2386 non
1674 2351 1921 2396 permittendas.
1947 2346 2041 2385 Hinc
2062 2348 2128 2394 igi-

1249 2415 1299 2438 tur
1311 2403 1513 2438 Hincmarus
1538 2402 1715 2446 &quidam
1727 2403 1826 2436 etiam
1841 2401 2037 2437 recentiores
2053 2400 2124 2434 exi·

1250 2454 1382 2488 stimant
1403 2453 1525 2487 laicum
1547 2452 1703 2497 populum
1725 2464 1766 2486 ex
1787 2463 1866 2487 runc
1887 2451 2028 2496 suffragii
2054 2450 2124 2494 jure

1250 2504 1513 2543 fuiffeexutum‚
1537 2503 1735 2546 &antiquos
1757 2502 1835 2536 istos
1849 2502 2004 2536 Canones
2025 2500 2044 2533 ὲ
2066 2510 2126 2534 no·

1251 2556 1316 2588 stro
1338 2551 1425 2595 hoc,
1451 2563 1521 2587 non
1541 2552 1649 2586 solum
1670 2552 1856 2596 Principem
1876 2576 1888 2593 ,
1913 2551 1967 2586 sed
1989 2560 2125 2586 omnem

1252 2604 1381 2648 penitus
1392 2603 1514 2638 laicum
1522 2602 1564 2637 ab
1579 2601 1794 2638 electionibus
1810 2601 2044 2648 proscribente,
2073 2599 2127 2633 fir-

1253 2655 1334 2689 mari
1360 2665 1396 2688 ac
1406 2653 1581 2688 innovari.

1304 2705 1352 2738 At
1363 2715 1419 2739 eos
1438 2704 1480 2739 de
1492 2701 1684 2740 Laodicenfi
1710 2714 1749 2738 ac
1770 2702 1914 2738 Nicaenis
1933 2697 2127 2736 canonibus

1254 2755 1325 2788 falli
1346 2753 1490 2789 ostendit
1515 2753 1603 2797 apud
1625 2751 1834 2789 Theodoreti
1869 2749 2130 2786 Ecclefiasticam

1254 2803 1423 2839 historiam
1447 2804 1582 2838 Sanetus
1605 2801 1721 2836 Petrus
1732 2801 1939 2838 Alexandriae
1960 2799 2031 2844 post
2051 2799 2129 2833 San·

1253 2856 1340 2891 cium
1354 2852 1569 2888 Athanasium
1579 2848 1763 2889 patriarcha
1773 2853 1808 2886 in
1826 2851 1942 2886 litteris
1962 2850 2003 2885 ad
2013 2859 2130 2884 omnes
2145 2841 2288 2874 L·⁴·⁶·²‘²··5

1230 2934 1234 2940 ,
1253 2904 1376 2949 ubique
1399 2901 1629 2942 orthodoxos,
1655 2900 1766 2936 dicens
1786 2902 1941 2937 mandare
1951 2900 2130 2940 Canones,

1254 2964 1292 2990 ut
1327 2953 1510 2998 Episcopus
1542 2952 1882 2995 Comprovincialium
1917 2950 2131 2995 collegarum

1255 3006 1413 3042 consensu
1427 3027 1438 3044 ,
1465 3002 1672 3037 clericorum
1681 3002 1857 3047 suffragiis,
1881 3002 1915 3036 ὃς
1937 3001 2052 3045 populi
2074 3009 2130 3043 po-

1257 3055 1432 3091 stulatione
1450 3053 1590 3098 eligatur
1608 3078 1616 3085 .
1652 3053 1697 3087 Et
1717 3053 1929 3088 Nicaenorum
1951 3051 2128 3086 Canonum

1257 3105 1379 3140 vindex
1390 3103 1596 3138 zelofiffimus
1606 3102 1676 3141 Leo
1686 3103 1833 3148 Magnus
1843 3102 2000 3138 Pontifex
2019 3097 2131 3134 scribit

1256 3156 1297 3189 ad
1312 3153 1518 3189 Anastafiurn
1530 3151 1848 3198 Archi-Episcopum
1859 3149 2131 3187 Thessalonicen-

1257 3207 1324 3240 sem
1336 3218 1347 3239 ι
1373 3205 1451 3238 ciam
1461 3205 1497 3238 de
1506 3202 1616 3247 summi
1626 3205 1788 3238 sacerdotis
1797 3202 1931 3238 eleaetone
1937 3199 2132 3236 vallabitur,

1257 3258 1304 3290 ille
1312 3254 1446 3289 omnibus
1451 3262 1647 3297 preponatur
1659 3279 1670 3294 ,
1695 3266 1785 3298 quem
1801 3254 1883 3288 Cleri
1898 3248 2046 3295 plebisque
2068 3258 2131 3281 con·

1252 3305 1328 3350 sens
1323 3318 1358 3339 us
1368 3306 1546 3341 concorditer
1556 3304 1728 3348 postulant.
1754 3306 1793 3340 ln
1806 3304 1924 3338 litteris
1942 3301 1983 3334 ad
1995 3298 2131 3332 Provin-

1258 3357 1314 3390 ciae
1331 3356 1523 3390 Viennensis
1534 3355 1715 3400 Episcopos
1726 3355 1773 3389 ait
1783 3352 1902 3397 requiri
1919 3356 1990 3384 vota
1999 3353 2110 3381 civium
2119 3370 2132 3387 ,

1259 3406 1422 3448 testimonia
1452 3407 1626 3452 populorum
1646 3428 1660 3448 ,
1695 3409 1907 3440 Honoratorum
1934 3398 2097 3483 ygitrium
2118 3420 2133 3439 ,
2186 3429 2189 3441 ς

1872 3484 1875 3488 ,
1919 3461 1934 3484 e
1946 3461 1960 3484 e
1990 3454 2084 3484 ionem

2147 3175 2280 3216 Epist-8⁴·

2144 3227 2171 3250 c.
2192 3226 2219 3255 5.
