2340 3762
44 676 103 711 1-3.
113 671 196 712 Epist.

44 724 72 744 2·

39 980 128 1019 Epist.
147 985 194 1017 78.

34 1544 191 1586 L10Episi-

33 2152 93 2182 Li.
114 2159 189 2185 029.

33 2231 64 2259 1..
73 2211 93 2258 ι’.
102 2228 191 2267 Epist.

32 2533 116 2573 Epist.
126 2538 190 2571 236.

31 2725 94 2760 ις.
106 2722 190 2763 Epist.

37 2773 99 2800 104.

596 167 902 223 Senotxts,
939 180 1001 210 ετ
1036 161 1228 210 Νοτιε
1263 175 1646 211 nursi-nnn.

217 255 399 300 Episcopos
420 267 428 288 ι
455 260 596 292 Nicaenae
621 258 726 297 synodi
750 268 809 290 non
833 256 921 290 aliud
938 262 1090 299 precepta

217 305 361 347 testantur
372 330 384 347 ‚
409 308 483 340 ade&
503 316 535 340 ut
556 318 614 344 non
632 307 750 350 aliquid
753 305 844 350 super
855 309 1021 342 Romanam
1033 310 1092 339 Ec·

217 353 327 396 cloiam
343 354 417 398 ausa
433 355 472 398 fit
481 356 668 407 cpnstituere,
691 358 755 391 cum
768 356 885 391 videret
903 355 983 399 ‘nihil
995 355 1092 403 supra

217 409 352 439 nter-itum
367 404 457 449 suum
470 408 549 451 poffe
566 406 691 449 conferri
718 419 726 439 :
753 411 861 444 Omnia
884 405 1010 452 denique
1024 405 1093 439 huic

217 464 345 489 noverat
366 458 486 491 Domini
495 459 498 464 ’
501 455 636 499 sermone
654 458 776 504 conceffa
800 481 807 489 .
835 456 969 490 Etenim
991 457 1093 491 totius

218 503 321 539 vineae
342 530 353 546 ,
379 515 416 541 ut
440 507 475 541 in
501 505 678 542 Relatione
703 508 743 543 ad
766 507 918 544 Sannum
944 506 1091 541 Leonem

216 548 413 590 Pontificem
433 556 602 602 profitetur
625 557 720 601 plena
741 555 1015 593 Chalcedonensis
1034 558 1093 602 Sy-

215 604 343 646 nodus,
369 605 517 641 custodia
527 605 545 639 a
557 605 722 642 Salvatore
731 607 900 641 commissa
911 605 957 641 est
970 607 1092 641 Roma-

216 664 263 687 no
274 653 430 691 Pontifici
443 680 454 696 ‚
480 656 512 691 ἀ
526 657 591 699 ipse
615 657 706 692 omni
718 655 861 702 generali
870 654 1007 699 Synodo
1018 668 1091 700 prae·

214 702 258 736 est
271 713 306 738 ut
316 714 413 748 caput
424 705 596 747 membris,
622 704 764 750 ideoque
785 705 1003 741 damnationis
1023 707 1088 750 sen-

212 753 317 788 tentia
328 765 389 788 nec
400 756 418 788 ὲ
431 755 486 789 tali
500 756 637 799 Synodo
646 756 751 799 potest
764 756 797 790 in
819 757 924 800 ipsum
933 753 1037 790 latrari
1049 780 1057 788 .

262 802 375 846 Objici
401 805 496 849 poffit
520 806 692 841 austeritas,
721 829 732 847 ‚
755 817 853 850 quam
879 806 916 840 iu
942 804 1088 851 Epistola

213 852 365 888 adversus
398 865 551 899 nepotem
585 856 808 890 Hiucmarum
839 852 1088 891 Lauduneusem

213 901 414 946 Episcopum
433 902 566 938 adducit
577 905 779 941 Hincmarus
789 902 1005 947 Metropolita
1026 902 1090 936 Re-

212 951 331 985 mensis
342 975 354 991 ,
379 950 502 987 laudati
513 952 636 987 Leonis
648 952 768 997 Magni
779 951 813 985 in
827 952 942 987 litteris
952 952 993 987 ad
1006 952 1092 986 Leo-

210 1010 288 1034 nem
309 1000 497 1046 Augustum
509 1027 517 1035 .
544 1004 576 1036 Si
590 1001 751 1047 secundum
771 1000 933 1044 Apostolum
952 1014 1022 1046 quae
1041 1003 1091 1037 de-

203 1049 304 1091 struxi
314 1049 378 1085 haec
388 1051 499 1094 aedifico
507 1077 518 1093 ,
542 1059 810 1095 pravaricatorem
821 1063 867 1086 me
877 1051 1010 1094 constituo
1019 1077 1028 1092 ‚
1055 1054 1090 1087 o·

211 1106 257 1132 eis
270 1111 317 1134 me
326 1102 539 1137 condicionibus
549 1104 695 1140 ultionum
703 1101 797 1145 subdo
805 1125 816 1141 ‚
841 1113 919 1145 quas
930 1114 988 1136 non
999 1100 1090 1144 solum

210 1149 373 1184 audericus
395 1151 492 1186 beatae
505 1158 653 1187 memoriae
680 1156 831 1195 Principis
842 1155 990 1186 Martiam·
1001 1177 1012 1193 ‚
1034 1151 1092 1197 sed

209 1205 302 1235 etiam
323 1211 375 1245 ego
393 1213 460 1235 mea
480 1201 654 1246 mnsenfione
670 1202 798 1245 firmavi
811 1227 818 1235 .
842 1198 907 1237 Per
919 1203 1087 1237 ultionum

209 1248 425 1286 condiciones
440 1251 599 1299 intelligit
610 1253 761 1288 statutam
772 1253 791 1287 ὸ,
801 1252 941 1296 synodo
955 1251 1090 1288 Chalce-

208 1296 344 1334 donensi
359 1301 394 1335 in
414 1302 463 1336 sui
484 1302 742 1346 praevaricatores
758 1303 937 1347 Episcopos
958 1314 1089 1348 poenam

209 1347 453 1395 degradationis
462 1377 470 1384 .
498 1353 544 1387 Et
554 1352 596 1387 de
607 1352 773 1398 Gregorio
797 1354 891 1387 sexto
901 1350 1067 1388 Pontifice
1076 1354 1093 1395 ,'

206 1399 263 1433 cui
274 1399 468 1436 Benedistus
479 1413 587 1437 nonus
608 1403 724 1445 sponte
741 1402 800 1436 sssb
810 1403 904 1436 certis
923 1403 1089 1438 condicio-

206 1448 306 1483 nibus
317 1451 448 1485 cesserat
458 1451 694 1485 Pontificatum
703 1475 714 1491 ‚
741 1451 782 1484 ad
793 1450 971 1484 Nicolaum
983 1452 1088 1483 secun-

206 1496 288 1531 dum
299 1499 498 1534 Pontificem
510 1499 621 1534 scribit
633 1499 767 1534 Sanetus
778 1500 891 1533 Petrus
905 1499 1064 1534 Damiani
1075 1513 1086 1534 .-

206 1549 300 1590 Super
320 1549 429 1592 quibus
447 1547 599 1593 praesente
608 1552 732 1583 Hernico
753 1550 897 1585 secundo
908 1553 1088 1592 Imperatore

206 1598 271 1632 clim
282 1597 457 1641 difieptaeret
464 1599 645 1640 postmodum
659 1598 796 1643 sinodale
808 1600 967 1634 Concilium
978 1624 989 1639 ,
1014 1604 1086 1641 quia

207 1648 360 1680 venalitas
381 1653 607 1690 intervenerat,
634 1647 775 1691 depofitus
788 1648 848 1688 est:
872 1648 983 1682 Etiam
993 1648 1089 1690 Ioan-

207 1707 286 1730 nem
306 1694 541 1733 duodecimum
559 1698 604 1732 ob
621 1698 842 1735 scandalosam
867 1698 969 1731 vitam
992 1697 1086 1732 fuisse

208 1746 348 1781 Ottonis
368 1747 572 1791 Imperatoris
599 1748 695 1793 primi
718 1749 801 1793 jumi
819 1747 978 1791 dejestum
989 1747 1007 1781 ὲ
1019 1747 1087 1782 Ro-

207 1805 306 1830 mana
319 1797 457 1841 Synodo
465 1822 476 1839 ‚
503 1798 615 1833 multis
625 1799 719 1834 refert
734 1798 954 1842 Luitprandus
965 1798 1086 1831 Diaco-

207 1855 271 1879 nus
293 1845 500 1881 Ticinensis.
527 1847 629 1896 Qod
657 1849 738 1883 item
758 1849 910 1883 Romana
933 1844 1086 1890 Synodus

205 1905 246 1928 ac
266 1896 376 1930 omnis
392 1895 511 1932 Latina
534 1898 679 1933 Ecclesia
694 1897 885 1932 paschalem
907 1895 1086 1930 secundum

207 1942 407 1981 Pontificem
431 1972 442 1988 ,
469 1946 588 1983 laicam
626 1946 823 1982 Antistitum
858 1945 1084 1980 investituram

206 1993 356 2032 Henrico
378 1998 497 2041 quinto
522 1997 712 2042 Imperatori
733 1997 895 2032 violenter
920 2007 976 2040 per
996 2007 1084 2030 arma

210 2045 419 2088 extorquenti
440 2046 679 2081 concedentem
701 2071 712 2087 ,
736 2046 899 2090 deponere
922 2045 1085 2086 voluerit,

207 2093 358 2128 adfirmat
381 2094 416 2128 in
428 2096 616 2130 Sclavorum
629 2094 788 2130 chronico
798 2094 971 2137 Presbyter
982 2095 1085 2130 Hem-

207 2142 349 2180 boldu‘s„
377 2144 423 2178 Et
443 2145 608 2189 adipsum
622 2144 811 2181 Paschalem
830 2143 942 2179 scribit
961 2143 1085 2178 Goffie-

208 2190 270 2228 dus
282 2193 394 2228 Abbas
405 2194 679 2233 vindocinensis:
707 2197 807 2237 Hujus
815 2197 918 2228 mortis
937 2193 1085 2227 aqurem

209 2245 264 2277 vel
286 2245 464 2285 novtffimum
487 2244 619 2288 Ecclefiae
629 2245 793 2280 membrum
812 2246 929 2278 credere
941 2267 952 2283 ,
975 2242 1089 2285 etiamst

211 2293 314 2334 Pastor
324 2297 467 2329 videatur
478 2319 489 2336 ‚
506 2307 607 2329 errare
615 2295 653 2336 est
664 2322 671 2328 .
700 2296 878 2330 Existimat
890 2293 1084 2328 Pontificem

208 2344 280 2386 ipso
290 2345 376 2378 fatto
388 2346 577 2388 pererimen
586 2344 671 2379 istud
690 2356 759 2379 non
773 2345 843 2380 solo
854 2344 978 2388 Papatu
1000 2344 1085 2378 exci-

208 2393 289 2427 diffe
302 2418 313 2434 ,
339 2393 393 2429 sed
412 2395 525 2438 &ipso
547 2395 683 2430 nomine
696 2394 884 2429 Christiano
896 2418 904 2427 .
933 2393 1087 2436 Ejusdem

209 2443 376 2477 sententiae
395 2444 488 2479 fuiffe
511 2445 672 2489 Ioannem
686 2444 915 2490 Lugdunensis
938 2442 1087 2478 Ecctefiae

207 2490 386 2528 Primatem
405 2493 513 2529 scribit
533 2495 666 2530 Sanctus
689 2495 747 2529 lvo
772 2495 951 2539 Episcopus
962 2493 1088 2527 Carnu·

207 2542 323 2576 tensis.
351 2544 395 2577 Et
406 2543 619 2579 Innocentius
631 2545 743 2580 tertius
763 2544 918 2579 Pontifex
930 2541 1084 2587 Philippo

206 2592 409 2627 Francorum
432 2594 541 2639 Regi,
565 2595 635 2629 suas
655 2607 732 2629 curn
751 2594 934 2639 Ingeburge
956 2594 1085 2637 nuptias

205 2641 354 2677 afferenti
367 2654 546 2688 numquam
558 2644 650 2678 fuisse
661 2646 920 2684 consummatas,
946 2641 1084 2686 ideoque

206 2691 453 2727 dissolutionem
465 2692 644 2738 postulanti
657 2719 668 2735 ,
680 2693 864 2738 respondit:
890 2690 1017 2736 Sisuper
1032 2691 1082 2725 boc

206 2740 315 2785 absque
329 2745 481 2786 generalis
507 2746 634 2778 ConciIil
655 2745 861 2778 deliberatione
881 2744 1081 2777 determinare

208 2792 323 2834 aliquid
340 2800 539 2834 tentaremus,
562 2802 676 2837 praeter
688 2798 838 2827 Divinam
858 2791 997 2836 offensam
1009 2815 1021 2832 ,
1046 2794 1080 2826 &r

208 2842 392 2875 mundanam
404 2843 565 2886 infamiam
577 2869 587 2884 ,
615 2856 706 2888 quam
716 2855 746 2878 eo
754 2844 895 2888 {roffi-mus
915 2848 1059 2876 incurrere
1067 2868 1077 2883 ‚

200 2888 311 2932 forsan
329 2892 449 2926 Ordinis
472 2897 506 2929 o·
519 2895 600 2936 officii
618 2893 702 2934 nostri
710 2893 871 2936 periculum
892 2897 1057 2926 immineres
1068 2917 1078 2933 ,

208 2940 272 2972 cum
289 2949 392 2975 contra
411 2945 601 2987 praemiffam}
617 2950 759 2978 veritatis
780 2943 962 2987 sententiam
982 2941 1081 2986 nosha

207 3001 266 3023 non
273 2991 352 3033 pofflt
364 2991 526 3026 authoritas
546 2992 715 3037 dispensare
727 3020 734 3028 .
762 2994 923 3028 Praemissa
935 2992 1078 3026 veritatis

206 3040 363 3074 sententia
386 3040 469 3075 fuit:
497 3045 589 3085 ,ραοᾰ
606 3046 686 3078 Deus
707 3045 861 3085 conjunxit
876 3067 887 3083 ,
915 3042 997 3076 homo
1020 3052 1078 3074 non

205 3087 336 3132 separet.
369 3090 411 3124 Et
432 3091 450 3124 ὲ
463 3092 605 3135 probatis
624 3094 809 3128 auctoribus
830 3091 978 3128 scribitur
1003 3091 1078 3127 Cle-

207 3150 300 3174 mens
325 3141 477 3182 septimus
488 3152 555 3174 non
577 3142 669 3177 fuisse
680 3145 774 3177 ausus
794 3154 908 3177 contra
922 3139 1078 3177 Luthera-

205 3200 267 3224 nos
293 3189 436 3234 indicere
459 3191 642 3236 generalem
663 3192 836 3235 Synodum
858 3218 868 3233 ,
895 3191 1078 3236 illegitimis

203 3239 269 3273 suis
291 3240 455 3274 natalibus
475 3251 622 3275 metuens
645 3242 886 3286 irregularitatis
897 3240 1076 3284 judicium,

205 3299 242 3322 ac
252 3289 486 3333 depositionem
502 3316 507 3322 .

253 3338 449 3383 Respondeo
460 3352 534 3375 cum
548 3335 663 3376 S'ansto
681 3342 783 3377 lvone
794 3340 987 3375 Carnutensi
1000 3340 1079 3385 Epi-

208 3389 306 3434 scopo
319 3414 329 3430 ,
355 3390 514 3425 scribente
529 3391 569 3426 de
579 3390 743 3426 Paschalis
764 3390 895 3425 secundi
907 3391 1078 3425 Pontificis

205 3437 291 3474 fatto
301 3439 340 3474 ad
355 3440 537 3475 Heni-icum
552 3440 714 3476 Abbatem
726 3440 912 3476 monasterii
925 3439 1078 3486 Angelia-

305 3491 331 3520 C
334 3487 412 3528 brist.
426 3494 503 3533 Lupi
516 3496 601 3535 Oper.
616 3494 694 3525 Tom.
706 3496 758 3525 HL

1863 180 1954 226 305

1153 253 1271 288 censis.
1299 254 1386 296 ,Quia
1405 255 1537 288 verenda
1548 256 1655 288 Patris
1679 254 1814 289 debemus
1820 258 1921 299 potius
1942 260 2022 292 vela-
2084 292 2089 299 ,

1153 315 1184 338 re
1197 328 1208 344 ‚
1231 314 1322 345 quam
1333 304 1447 337 nudare
1458 327 1469 344 ‚
1487 303 1698 344 familiaribus
1716 304 1932 339 &charitatem
1942 308 2024 340 redo·
2041 291 2195 331 EP¹st·²33·

1153 354 1282 387 lentibus
1306 354 1414 386 litteris
1440 354 1642 387 admonendus
1665 351 1741 385 mibi
1776 356 1897 388 videtur
1921 354 2024 391 dic‘tus

1153 402 1310 438 Pontifex
1319 428 1329 444 ‚
1345 412 1378 436 ut
1384 401 1420 445 fi’
1421 405 1540 444 judicet
1552 427 1563 443 ,
1589 410 1640 435 aut
1646 400 1856 446 fae‘i'umsuum
1868 405 2007 439 retradlet
2015 430 2025 439 .

1154 451 1386 496 ,Quodfifccerit
1396 476 1408 492 ,
1433 452 1598 494 referamus
1610 455 1672 487 Deo
1683 457 1804 497 gratias
1814 475 1827 493 ‚
1854 454 2026 496 &gaudeat

1154 501 1300 546 nobiscum
1327 507 1421 536 omnis
1447 501 1574 543 Ecclesia
1600 526 1613 543 ,
1638 514 1704 545 quae
1722 507 1863 546 graviter
1885 503 2030 546 languet,

1154 554 1225 586 dum
1248 561 1337 596 caput
1355 554 1419 593 eius
1446 552 1565 585 laborat
1575 560 1664 585 tanta
1685 551 2028 592 debilitatummolestia.

1154 605 1185 635 51
1193 611 1295 636 autem
1307 608 1340 636 in
1350 602 1400 636 boc
1422 603 1561 646 languore
1587 600 1797 646 insanabiliter
1815 608 2004 646 aegrotaverit
2014 624 2027 641 ,

1154 664 1211 685 non
1221 652 1259 693 est
1280 652 1406 692 nostrum
1409 653 1549 694 judicare
1567 650 1727 694 desummo
1749 652 1905 692 Pontifice.
1933 652 2033 685 Habe-

1152 713 1217 734 mus
1234 708 1313 735 enim
1324 704 1353 733 E
1357 703 1544 746 vangelicam
1550 700 1732 745 sententiam
1742 725 1752 740 ‚
1777 712 1845 742 quae
1851 700 1965 743 securos
1977 712 2031 735 nos

1147 751 1246 793 facit:
1273 751 1432 786 SUPER
1453 750 1773 786 CATHEDRAM
1794 750 1942 784 MOYSI
1965 752 2033 785 SE-

1154 801 1188 833 D
1202 801 1231 834 E
1243 801 1276 834 R
1290 800 1330 836 U
1345 802 1379 834 N
1392 800 1429 833 T
1455 800 1641 835 SCRIBAE
1669 800 1745 834 ET
1763 798 2031 847 ,PHARISAEL

1190 850 1275 883 11AE
1291 850 1492 884 DICUNT
1502 848 1729 885 SERVATE
1743 849 1811 883 ΕΤ
1830 850 1858 882 F
1861 849 2029 890 ACITE,

1153 899 1175 932 S
1208 899 1438 934 CUNDUM
1460 899 1623 935 OPERA
1644 899 1778 936 VERO
1800 899 2033 935 lLLoRUM

1153 946 1340 983 NOLlTE
1361 948 1552 985 FACERE
1573 976 1582 983 .
1610 951 1682 985 Vult
1701 955 1782 984 enim
1802 949 1865 984 baee
1880 947 2032 994 sententia

1149 1004 1305 1040 praecepta
1328 997 1554 1041 Praefidentium
1582 1000 1825 1034 aet-cathedram
1838 1005 2026 1043 pertinentia

1153 1048 1319 1082 obedienter
1333 1050 1474 1091 impleri,
1503 1049 1618 1090 etiamst
1635 1051 1714 1082 tales
1717 1048 1801 1089 fint,
1825 1052 1928 1092 quales
1939 1057 2030 1084 erant

1155 1097 1321 1142 Pharisaei3
1348 1109 1405 1132 non
1415 1109 1462 1132 eos
1476 1097 1610 1142 famosa
1619 1094 1833 1141 conspiratione
1854 1101 1874 1130 ἂ
1882 1097 1945 1141 suis
1952 1097 2033 1141 sedi‹

1154 1148 1208 1181 bus
1218 1153 1381 1183 removeri.
1409 1150 1441 1182 51·
1453 1151 1525 1182 verb
1534 1159 1570 1182 oa
1584 1153 1768 1191 praecipiant
1781 1169 1792 1187 ‚
1819 1158 1887 1190 quae
1899 1147 1960 1190 fint
1971 1149 2038 1182 con⁶>

1157 1207 1208 1232 tra
1217 1199 1382 1233 dominam
1393 1200 1608 1243 Evangelicam
1628 1198 1682 1233 vel
1696 1196 1886 1241 Apostolicam
1897 1222 1908 1238 ‚
1933 1198 1976 1232 ibi
1989 1203 2035 1232 eis

1156 1260 1213 1284 non
1223 1251 1274 1294 ff
1285 1249 1479 1285 obediendum
1491 1250 1625 1293 exemplo
1644 1250 1780 1283 docemur
1791 1249 1879 1282 Pauli
1889 1247 2011 1290 Apostoli
2023 1271 2036 1288 ,

1155 1306 1206 1343 qui
1217 1303 1307 1336 Petro
1314 1301 1372 1344 fibi
1384 1303 1534 1341 Praelato,
1563 1313 1622 1335 non
1631 1299 1710 1334 rene
1731 1298 1910 1343 ingredienti
1933 1299 1978 1332 ad
1986 1308 2037 1331 ve⁴

1154 1356 1275 1385 ritatem
1295 1353 1480 1397 Evangelii,
1506 1357 1540 1385 in
1552 1349 1670 1392 faciem
1689 1348 1795 1391 restitit
1814 1373 1826 1390 ,
1851 1359 1909 1382 non
1931 1357 2037 1382 tamen

1153 1411 1217 1434 eum
1240 1402 1367 1442 abjecit.
1396 1402 1487 1436 Etin
1507 1401 1623 1435 litteris
1644 1400 1686 1434 ad
1707 1400 1867 1443 Ioannem
1889 1398 2040 1432 Ecclesiae
2056 1391 2208 1432 EFlst·23⁶·

1154 1448 1383 1491 Lugdunensis
1395 1450 1593 1484 Primatem.
1622 1453 1695 1482 Non
1717 1450 1840 1482 videtur
1860 1447 1943 1481 nobis
1965 1449 2038 1481 utile

1152 1495 1293 1538 consilium
1303 1500 1348 1531 ad
1366 1500 1419 1532 illa
1441 1499 1575 1532 Conciliae
1584 1503 1761 1538 convenire,
1786 1503 1818 1530 in
1850 1495 1956 1539 quibus
1978 1507 2037 1529 non

1153 1548 1298 1591 poffumus
1308 1549 1379 1581 illas
1395 1548 1542 1591 personas
1557 1573 1569 1589 ,
1594 1557 1696 1583 contra
1719 1559 1793 1590 quas
1813 1553 1913 1590 agitur
1934 1571 1947 1588 ‚
1972 1557 2038 1580 con-

1156 1598 1297 1631 demnare
1307 1600 1359 1631 vel
1358 1599 1503 1637 judicare
1515 1621 1527 1637 ,
1553 1604 1625 1640 quia
1644 1609 1697 1630 nec
1707 1597 1799 1636 mistro
1818 1608 1870 1630 nec
1879 1597 1967 1630 ullius
1987 1608 2038 1630 no-

1152 1645 1247 1686 stram
1262 1647 1430 1688 probantur
1443 1645 1593 1688 subjacere
1605 1647 1719 1689 judicio
1735 1671 1742 1678 .
1768 1647 1853 1680 Unde*
1864 1658 1916 1680 nos
1925 1646 2035 1686 constat

1154 1696 1203 1738 effe
1214 1701 1360 1731 immunes
1372 1721 1383 1737 ,
1402 1696 1523 1739 fifaBa
1534 1707 1631 1730 eorum
1642 1702 1700 1729 otis
1706 1697 1812 1739 gladio
1824 1695 1923 1737 ferire
1926 1696 2036 1737 formi-

1156 1746 1286 1786 damus,
1311 1747 1376 1780 cum
1402 1745 1464 1789 ipse
1482 1748 1628 1779 mediator
1648 1745 1764 1778 obedire
1787 1751 1830 1778 eit
1847 1751 2035 1787 praeciptat,

1154 1793 1352 1834 etiamfitalos
1366 1795 1450 1836 fine,
1475 1797 1576 1837 quales
1596 1802 1683 1828 erant
1706 1793 1872 1838 Pharis-ei.
1900 1794 1945 1828 Et
1960 1797 2033 1839 post

1154 1841 1300 1886 quaedam
1314 1868 1321 1876 .
1350 1848 1422 1877 Haec
1432 1844 1561 1878 dicentes
1584 1855 1642 1878 non
1652 1842 1823 1883 instruimus
1836 1845 2032 1879 Prudentia»,

1154 1891 1304 1935 vestram,
1325 1891 1384 1937 sed
1393 1892 1565 1938 excusamus
1576 1897 1773 1928 innocentiam
1789 1893 1934 1936 nostram,
1960 1904 2036 1938 quia

1154 1942 1375 1986 &principales
1385 1943 1520 1985 Ecclefiae
1544 1946 1647 1978 claves
1666 1945 1799 1978 nolumus
1815 1945 1956 1986 potestate
1973 1945 2035 1989 sua

1150 1998 1282 2034 privare
1294 2016 1306 2032 ,
1332 2003 1523 2035 quaecumque
1539 1993 1668 2038 persona
1692 1997 1777 2027 Petri
1798 2000 1879 2027 vices
1901 1994 2034 2036 babeat,

1155 2041 1211 2083 nifi
1217 2041 1369 2085 manifeste*
1380 2042 1419 2075 ab
1429 2044 1616 2087 Evangelica
1630 2048 1760 2077 veritate
1771 2042 1904 2087 diftedat
1915 2070 1921 2075 .

1203 2090 1368 2127 Paschalis
1381 2092 1539 2127 secundus
1548 2092 1591 2127 ab
1600 2092 1751 2128 Henrico
1764 2094 1883 2139 quinto
1894 2094 2033 2138 Impera-

1154 2152 1225 2177 tore
1235 2153 1346 2187 captus
1358 2153 1433 2178 cum
1445 2142 1571 2188 aliquot
1584 2143 1743 2178 Dominis
1753 2143 1982 2178 Cardinalibus
1996 2146 2031 2179 in

1154 2192 1296 2228 Ecclesia
1308 2193 1491 2232 Vaticana,
1516 2192 1602 2227 &ad
1623 2193 1790 2228 civitatem
1810 2193 2031 2230 Castellanam

1153 2241 1308 2277 abductus
1317 2266 1330 2283 ‚
1354 2241 1421 2287 qud
1432 2244 1463 2278 se
1484 2243 1517 2277 ἀ
1531 2241 1722 2279 Cardinales
1733 2244 1774 2279 ab
1784 2244 1906 2288 iniquis
1918 2244 2032 2279 vincu-

1153 2293 1214 2334 lis,
1240 2293 1274 2327 &
1290 2292 1481 2327 Romanum
1501 2294 1660 2337 populum
1673 2293 1691 2327 ὲ
1711 2294 1902 2328 truculentis
1914 2293 2031 2328 Svevo-
2084 2296 2086 2298 ’

1151 2354 1224 2377 rum
1237 2342 1357 2388 gladiis
1379 2341 1550 2383 liberaret,
1577 2342 1673 2377 laicas
1684 2343 1879 2378 Antistitum
1901 2344 2031 2379 investi-

1152 2402 1260 2432 turas,
1284 2392 1303 2426 ὲ
1317 2392 1478 2437 Gregorio
1505 2392 1642 2436 septimo
1663 2392 1845 2428 &urbano
1865 2394 2031 2436 secundo,

1152 2442 1309 2487 proximis
1320 2443 1381 2476 suis
1391 2441 1658 2477 Antecefforibus
1668 2467 1679 2483 ,
1704 2443 1892 2478 efestucatas
1901 2444 2031 2488 quibus-

1150 2503 1289 2536 cumque
1308 2491 1398 2526 laicis
1407 2491 1640 2536 Principibus,
1667 2494 1701 2527 ἀ
1727 2493 1785 2527 sub
1805 2493 1878 2527 diro
1900 2490 2034 2528 anathe-

1154 2552 1241 2576 mate
1259 2542 1448 2583 damnatas,
1476 2542 1617 2577 reddidit
1629 2568 1639 2583 ,
1666 2552 1763 2587 atque
1783 2542 1826 2577 it&
1836 2543 2029 2588 graviffimis

1150 2592 1184 2626 in
1197 2592 1336 2636 Ecclesia
1350 2592 1619 2627 contentionibus
1630 2592 1720 2627 dedit
1738 2593 1902 2637 originem
1925 2594 1959 2628 δε
1971 2605 2028 2627 an-

1149 2643 1214 2677 sam
1227 2667 1235 2675 .
1262 2641 1333 2676 Alii
1345 2652 1380 2676 ut
1393 2643 1600 2677 manifestum
1613 2643 1789 2677 canonum
1810 2643 2027 2687 praevaricato-

1147 2704 1237 2732 rem,
1263 2691 1409 2726 &totius
1426 2689 1605 2727 Christiani
1626 2693 1740 2736 populi
1761 2703 1908 2735 apertum
1937 2693 2025 2727 scan-

1146 2742 1354 2777 dalizatorem
1377 2741 1508 2777 aversati
1530 2742 1637 2784 fuere;
1663 2754 1694 2777 at
1720 2742 1794 2776 vero
1815 2753 1889 2776 eum
1910 2742 2024 2776 multis

1146 2792 1290 2827 melioris
1318 2792 1421 2827 animi
1459 2793 1492 2828 ἀ
1518 2791 1669 2828 ἀοᾶτῑητ
1696 2791 1865 2836 Episcopis
1891 2793 2024 2829 Sandius

1145 2842 1203 2876 lvo
1217 2843 1599 2887 Carnutensistamquam
1618 2842 1859 2885 dispensatione
1873 2842 1906 2875 in
1930 2850 2022 2877 tanta

1144 2893 1328 2927 necessitate
1350 2893 1444 2927 usum
1464 2893 1616 2928 excusare
1640 2901 1778 2926 conatus
1798 2890 1843 2925 est
1865 2892 2019 2936 exemplo

1146 2940 1300 2987 Apostoli
1327 2941 1449 2984 Pauli,
1476 2943 1593 2988 legalia
1619 2943 1825 2976 Sacramenta
1847 2966 1858 2982 ‚
1886 2952 1957 2986 quae
1983 2943 2018 2976 in

1143 2993 1260 3027 Sancto
1272 2992 1371 3027 Petro
1386 2992 1527 3037 culparat
1540 3016 1551 3030 ,
1578 2989 1764 3026 Timotheo
1789 3002 1830 3025 ex
1843 2993 1936 3027 causa
1960 2991 2019 3026 im-

1144 3042 1326 3085 partientis.
1354 3042 1474 3082 Certe,
1501 3052 1536 3075 ut
1547 3041 1727 3085 deliquisset
1740 3040 1922 3084 Paschalis,
1949 3053 2018 3076 non

1142 3090 1399 3135 deponendum,
1424 3092 1476 3125 sed
1504 3091 1677 3126 Pontificis
1697 3090 1840 3126 Aaronis
1863 3091 1895 3125 in
1921 3091 2016 3125 vituli

1141 3142 1268 3175 cuitum
1281 3166 1291 3182 ‚
1317 3141 1351 3174 &
1363 3142 1470 3176 Sansti
1483 3140 1576 3184 Papae
1587 3142 1772 3176 Marcellini
1788 3141 1821 3175 in
1835 3140 2017 3175 idololatri-

1141 3203 1216 3226 cum
1229 3189 1302 3225 thus
1316 3191 1390 3233 lapsi
1409 3201 1500 3224 more
1511 3191 1713 3226 tractandum
1736 3191 1841 3232 dixit,
1867 3190 2015 3226 constan-

1141 3252 1189 3276 ter
1200 3241 1374 3276 adfirmans
1385 3240 1576 3275 Romanum
1596 3240 1785 3275 Antistitem
1795 3239 1915 3284 deponi
1944 3253 2012 3275 non

1142 3291 1250 3336 posse,
1276 3289 1332 3331 nisi*
1349 3290 1501 3332 manifeste
1521 3292 1559 3326 ab
1572 3293 1757 3336 Evangelica
1778 3296 1905 3324 veritate
1927 3289 2012 3332 difie-

1141 3342 1196 3374 dat
1206 3365 1213 3372 .
1239 3339 1283 3373 Et
1294 3351 1369 3374 ecce
1385 3338 1462 3374 hinc
1473 3352 1561 3374 nova
1580 3340 1619 3374 lis
1630 3353 1704 3375 curn
1719 3341 1885 3385 Episcopis
1896 3352 1932 3373 ac
1945 3341 2011 3371 Do-

1141 3389 1282 3426 &oribus
1303 3389 1459 3424 Pontifici
1484 3391 1726 3425 adversantibus
1748 3404 1755 3423 ε
1793 3391 1904 3425 Laicas
1924 3388 2011 3419 inve-

1144 3440 1267 3475 stituras
1278 3439 1432 3474 dixerunt
1446 3440 1494 3474 illi
1506 3441 1569 3475 effe
1580 3441 1721 3475 omnino
1739 3438 1875 3473 haerefim
1889 3460 1898 3476 ,
1926 3434 2012 3468 ideo·

1572 3491 1626 3537 (ζ
1633 3501 1653 3533 q
1899 3495 1961 3527 qus}
