2340 3762
610 224 912 280 Senoms,
948 237 1009 267 m·
1042 218 1238 267 Nous
1271 218 1644 264 ιιιυετκᾼῗίι.
1894 216 1953 269 εἰ

216 295 555 370 ⁴'benedicentem
589 308 837 379 petentibus
871 307 1090 376 impertire
1124 304 1181 355 ad
1217 303 1426 354 fru&uum
1457 302 1619 354 datoris
1635 300 1887 376 'gratiarum
1900 299 2034 355 aetio]
2104 322 2106 325 ·
2148 309 2152 313 ”
2195 302 2198 305 ’

225 403 351 445 nem,
380 401 462 452 ‘per
485 397 594 449 quos
619 384 800 448 corpora
823 376 965 426 nostra
990 375 1157 425 Divina
1188 373 1463 441 dispositione
1499 389 1707 436 augentur
1757 379 1802 427 &
1840 377 2035 427 aluntur.

228 458 272 504 Si
296 456 396 522 quis
422 467 567 502 autem
590 451 786 500 Clericus
806 462 959 519 praeter
985 446 1074 496 haec
1102 443 1278 496 decreta
1305 444 1457 494 fecerit
1469 480 1483 507 ,
1519 442 1761 515 deponatur
1779 481 1793 493 .
2023 459 2029 470 ²

512 746 1184 844 CANON
1333 745 1746 838 XXIX>

365 952 686 1016 Arthagincnfis
710 949 875 1020 Synodi
901 955 1054 1000 Canon
1079 948 1214 1008 dicit,
1248 963 1298 996 ut
1321 945 1462 996 sancita
1486 948 1635 997 altaris
1669 964 1757 996 non
1794 945 1872 997 nisi
1909 943 1936 994 ἐι
1975 942 2042 993 so-

294 1076 298 1079 ,
398 1023 507 1085 briis
531 1021 779 1072 hominibus
810 1037 1094 1088 peragantur,
1128 1033 1311 1085 excepto
1333 1035 1421 1080 uno
1449 1016 1521 1066 die
1546 1021 1592 1066 in
1621 1034 1742 1070 anno
1759 1054 1772 1077 ‚
1807 1020 1855 1067 in
1869 1033 1960 1084 quo
1972 1021 2042 1075 ce*

227 1112 285 1145 na
311 1095 498 1145 Domini
521 1094 767 1160 peragitur3
804 1106 907 1139 tunc
931 1089 1107 1140 fortasse
1131 1103 1308 1157 propter
1336 1088 1504 1154 aliquas
1529 1088 1576 1136 in
1614 1089 1670 1136 iis
1718 1088 1826 1136 locis
1850 1084 2041 1136 occas10«

228 1182 307 1215 nes
328 1162 524 1214 Ecclesiae
549 1163 674 1212 utiles
698 1160 848 1211 sanclis
871 1161 958 1211 illis
982 1158 1181 1211 Patribus
1215 1160 1297 1207 hac
1322 1156 1635 1225 dispensatione
1659 1156 1769 1205 ufis.
1817 1156 1935 1206 Cum
1975 1154 2044 1200 ni-

228 1235 294 1284 hil
306 1234 408 1298 ergo
421 1250 499 1292 nos
513 1230 689 1282 inducat
703 1268 716 1291 ‚
752 1247 801 1280 ut
828 1247 1072 1281 accuratam
1096 1227 1441 1279 observationem
1465 1228 1780 1294 relinquamus,
1817 1226 2043 1275 statuimus

228 1304 504 1374 Apostolicas
538 1319 589 1350 ac
644 1317 810 1350 aternas
835 1300 1092 1350 traditiones
1120 1297 1343 1365 sequentes
1367 1315 1456 1347 non
1480 1313 1679 1364 oportere
1716 1298 1763 1345 in
1791 1295 2045 1366 Qadragess

229 1374 345 1425 fimae
366 1373 578 1441 postrema
602 1321 838 1437 {ptimana
863 1373 1019 1437 quinta
1054 1369 1159 1420 feria
1194 1370 1403 1434 jejunium
1429 1366 1618 1429 solvere,
1670 1371 1714 1416 &
1755 1384 1896 1419 totam
1922 1372 2043 1433 Qa-

229 1440 510 1504 dragesimam
529 1443 685 1503 injuria
710 1438 877 1487 afficere
908 1470 926 1487 .

412 1603 440 1649 S
474 1616 506 1647 C
537 1617 568 1646 H
603 1616 635 1646 0
669 1616 694 1650 L
727 1615 744 1647 1
778 1616 810 1647 0
845 1617 899 1648 N,
1166 1596 1442 1632 consuetudinum
1473 1594 1676 1631 tenaciffimae
1706 1595 1875 1637 solatium,
1913 1596 1947 1630 in
1975 1595 2045 1631 sola

1167 1647 1307 1681 Domini
1318 1657 1411 1680 coena
1422 1645 1636 1689 reliquerunt.
1662 1646 1755 1680 Errat
1766 1646 1844 1681 vero
1864 1645 2044 1681 Tertullia-¹

1167 1707 1227 1730 nus
1238 1695 1436 1730 Sacramenti
1446 1693 1541 1739 hujus
1550 1696 1792 1740 perceptionem
1814 1701 1848 1728 in
1858 1703 1984 1737 tempore
1997 1701 2045 1729 vi-

317 1745 630 1792 Archaginenfisine
652 1747 772 1783 Canon
793 1747 837 1782 est
858 1747 985 1792 Synodi
1002 1747 1101 1783 tertiae
1165 1746 1252 1785 aas,
1277 1746 1341 1780 five
1353 1745 1423 1790 post
1436 1745 1580 1789 pastum,
1608 1756 1646 1779 ac
1666 1745 1733 1788 ejus
1755 1744 1960 1779 oblationem
1979 1746 2044 1780 effe

341 1798 511 1841 vigesimus
532 1808 656 1831 nonus:
691 1800 881 1831 Sacramenta
898 1799 1020 1831 'altaris
1045 1808 1102 1830 non
1164 1795 1298 1828 omnibus
1308 1803 1496 1839 praeceptam
1512 1795 1530 1829 a
1540 1794 1693 1829 Domino
1705 1820 1712 1828 .
1728 1794 1826 1829 Liber
1840 1795 1886 1829 est
1899 1792 2044 1829 omnino

227 1846 288 1890 nifi
308 1849 328 1880 ἂ
350 1849 463 1889 jejunis
489 1846 652 1880 hominbus
676 1847 872 1888 celebrentur,
899 1855 1015 1889 excepto
1046 1858 1102 1880 uno
1165 1843 1309 1878 hominis
1327 1845 1540 1879 Montanistae
1553 1870 1564 1885 ,
1589 1844 1740 1889 atqueita
1752 1855 1872 1879 errores
1882 1844 2044 1879 erroribus

228 1899 282 1931 dle
318 1895 543 1939 anniversario,
578 1908 634 1939 quo
660 1908 741 1931 coena
776 1902 896 1931 Domini
921 1897 1098 1931 celebratur.
1163 1896 1379 1929 commiscens
1399 1894 1606 1939 Apostolicas
1627 1905 1682 1928 aut
1699 1895 1779 1930 alias
1801 1894 2043 1930 Ecclesiasticus

224 1947 382 1991 Exponit
402 1947 533 1981 Sanetus
552 1944 756 1992 Augustinus
770 1947 805 1981 in
834 1946 980 1991 Epistola
991 1946 1031 1982 ad
1054 1946 1099 1989 Ja-
1165 1942 1354 1979 traditiones
1365 1944 1435 1979 vult
1453 1945 1552 1979 etiam
1566 1943 1714 1980 adversus
1734 1945 1894 1980 Divinam
1913 1946 2042 1991 Legem

53 2021 76 2049 E
116 2020 175 2048 ηε
223 1997 380 2032 „uarium
401 2021 409 2029 .
444 1998 662 2030 Praemtmmus
693 2008 730 2031 ex
763 2003 892 2031 omnium
909 1997 1100 2039 Ecclesiarum
1166 1995 1251 2038 poffe
1264 1995 1444 2038 praevalere.
1473 1995 1571 2028 Recte
1592 1994 1778 2029 inlaudatis
1798 1994 1838 2030 ad
1856 1996 2044 2039 Januarium

51 2066 113 2092 (μ’.
171 2036 186 2048 ”’
222 2045 431 2089 consuetudine
460 2045 677 2085 Eucharistiam
700 2045 780 2090 sumt
803 2058 860 2080 non
878 2048 978 2090 pff,
1004 2045 1060 2086 nili
1080 2048 1100 2078 ἃ
1165 2045 1279 2078 litteris
1289 2044 1420 2080 Sanetus
1431 2042 1654 2088 Augustinus:
1682 2047 1715 2077 si
1727 2048 1868 2079 Dominus
1880 2045 2045 2088 monuisset,

219 2097 360 2137 jejunis.
390 2096 556 2127 nonnullos
582 2103 682 2129 tamen
704 2096 868 2137 probabiles
894 2098 1033 2139 quadam
1055 2108 1099 2128 ra-
1164 2102 1197 2127 ut
1215 2093 1277 2135 post
1297 2094 1375 2127 clbos
1397 2095 1471 2127 alios
1487 2092 1603 2136 semper
1624 2093 1813 2134 Eucharistia
1838 2101 2043 2137 acciperetur,

228 2150 272 2177 tio
296 2143 456 2177 deli-elavit
477 2167 489 2183 ,
513 2152 547 2176 ut
571 2155 627 2177 uno
652 2154 728 2178 certo
754 2146 801 2178 die
824 2153 1021 2187 perannum,
1046 2157 1101 2187 quo
1163 2144 1246 2177 credo
1255 2145 1335 2186 quod
1344 2155 1409 2178 eum
1417 2155 1527 2178 morem
1554 2155 1635 2177 nemo
1656 2145 1814 2187 variasset.
1842 2144 1961 2190 Longe
1981 2145 2043 2178 mi-

225 2191 326 2236 ipsam
349 2204 461 2227 coenam
486 2195 630 2227 Dominus
654 2195 760 2235 dedu,
795 2203 948 2237 tamquam
972 2197 1018 2228 ad
1039 2194 1100 2236 insi·
1165 2193 1247 2234 nus,
1275 2193 1570 2228 fiDominusistud
1582 2193 1791 2237 praecepiflet.

223 2248 357 2287 gniorem
381 2248 675 2277 commemorationem
695 2244 758 2285 post
781 2244 858 2277 abas
884 2244 979 2285 offerri
1005 2245 1038 2278 τ’]
1056 2255 1101 2276 ac-
1214 2243 1405 2277 Africanam
1415 2243 1682 2278 consuetudinem
1704 2243 1829 2278 videtur
1851 2246 1957 2280 secuta
1969 2246 2043 2279 fuiss

227 2297 292 2334 cip!
312 2293 398 2325 liceat
424 2296 538 2334 Corpus
576 2294 610 2326 ὠ·
635 2295 815 2336 Sanguinem
839 2297 977 2327 Domim.
1006 2301 1100 2329 Hone-
1164 2293 1196 2326 se
1208 2292 1344 2327 Ecclesia
1356 2293 1548 2333 Gallicana,
1575 2295 1609 2327 in
1633 2294 1772 2328 secunda
1785 2295 1923 2337 Synodo
1943 2295 2045 2329 Mati·
2204 2319 2213 2338 ὲ

223 2341 299 2382 flius
318 2350 417 2375 autem
436 2342 564 2375 arbitror
581 2353 616 2375 ea
646 2342 719 2375 hora
747 2344 815 2385 fieri
836 2367 847 2382 2
883 2352 914 2377 ut
934 2348 984 2385 qui
1009 2349 1098 2377 otiam
1165 2343 1306 2376 sconenfi
1327 2341 1438 2376 dicens
1468 2343 1642 2386 injustum,
1679 2347 1718 2377 Ut
1750 2342 1880 2387 spiritali
1901 2346 2043 2379 alimento
2057 2356 2167 2395 Cap-6·

222 2392 434 2432 ieiunaverit,
453 2390 516 2433 post
539 2391 719 2432 refefflonem
731 2416 743 2432 ‚
768 2404 834 2435 quae
855 2392 926 2425 bora
944 2404 1020 2426 nona
1037 2393 1077 2435 fit
1090 2415 1101 2432 ‚
1164 2393 1307 2433 corporale
1314 2391 1518 2433 praeferatur,
1545 2392 1685 2437 ideoque
1701 2392 1939 2428 Eucharistiam
1961 2395 1978 2427 ὲ
1994 2396 2042 2429 so-

227 2442 273 2473 ad
291 2440 462 2474 oblationem
477 2441 559 2482 pfft
578 2453 733 2475 occurrere.
757 2444 945 2486 ,Quapropter
958 2448 1101 2476 neminem
1165 2440 1327 2484 lisjejunis
1340 2440 1525 2475 sumendam
1540 2466 1550 2482 ‚
1579 2441 1612 2475 δε
1630 2441 1771 2478 addens:
1791 2447 1876 2488 Jam
1898 2450 1977 2478 enim
2002 2445 2041 2479 de

227 2495 352 2532 cogimus
377 2497 446 2524 ante
474 2491 660 2525 Domtnlcam
689 2492 773 2525 illam
792 2503 903 2525 coenam
930 2495 1101 2535 prandere,
1163 2493 1219 2524 tali
1239 2489 1325 2534 causa
1346 2492 1380 2524 (9⁰
1400 2496 1432 2523 in
1457 2492 1595 2524 Conciliis
1624 2492 1779 2534 Africanis
1801 2493 1955 2536 definitum
1977 2494 2040 2536 est,

225 2537 286 2583 sed
299 2540 373 2572 nulli
395 2544 487 2573 etiam
517 2542 708 2574 contradicere
726 2543 869 2575 audemus
880 2566 887 2574 .
926 2548 985 2577 Hoc
1000 2550 1100 2575 tamen
1163 2552 1252 2583 quam
1271 2539 1467 2581 definitionem
1479 2540 1567 2581 nostro
1577 2553 1686 2584 quoque
1708 2543 1831 2586 dignam
1845 2545 1988 2577 duximus
1995 2543 2043 2587 so-
2104 2540 2107 2542 v

227 2599 288 2622 non
308 2587 434 2621 arbitror
452 2588 615 2628 institutum
628 2614 640 2630 ,
666 2590 725 2631 ntfi
741 2596 810 2632 quia
827 2592 928 2632 plures
940 2613 950 2628 ‚
970 2593 1102 2634 &prope
1164 2597 1240 2624 ciare
1249 2591 1376 2623 decreto.
1408 2589 1554 2625 Adducit
1564 2591 1628 2633 jam
1642 2603 1858 2627 memoratum
1872 2594 2039 2637 integrum

227 2649 327 2673 omnes
350 2642 382 2671 in
395 2636 542 2680 plerisque
561 2641 629 2672 locis
639 2651 668 2671 eo
678 2641 724 2672 die
740 2641 847 2674 lavare
867 2640 1093 2683 consueverunt.
1164 2641 1336 2675 Canonem
1346 2638 1655 2685 Carthaginensem.
1682 2642 1798 2686 Longe
1811 2643 1903 2678 aliter
1920 2643 2040 2686 Hispa-

228 2691 274 2720 Et
283 2692 354 2730 quia
372 2689 503 2721 nonnulli
529 2694 622 2722 etlam
635 2691 786 2730 jejunium
806 2689 967 2729 custodiunt
978 2715 989 2731 ,
1012 2692 1100 2724 mane*
1163 2692 1291 2723 niarum
1304 2689 1445 2724 Ecclefia
1456 2690 1490 2723 in
1504 2691 1604 2734 prima
1616 2691 1756 2734 synodo
1770 2693 1980 2727 Braccarenfi.
2006 2696 2038 2728 53

225 2736 344 2776 offertur
352 2740 660 2780 propterprandantes
673 2763 684 2779 ,
709 2743 756 2772 ad
773 2738 923 2782 vesperam
944 2743 1015 2774 vero
1032 2749 1101 2783 pro·
1163 2745 1230 2782 quis
1234 2738 1319 2781 feria
1333 2745 1438 2781 quinta
1454 2739 1592 2784 Paschali
1602 2766 1612 2782 ‚
1639 2753 1704 2784 quae
1717 2750 1837 2776 vocatur
1849 2754 1929 2776 coena
1939 2744 2039 2784 Domi-¹

221 2794 292 2828 pter
295 2788 491 2829 jejunantes.
520 2786 625 2822 Addit
642 2789 676 2822 ἀ
695 2790 823 2823 causam
837 2814 848 2830 ,
873 2799 915 2823 ex
934 2801 998 2834 qua
1010 2791 1099 2834 pleri·
1162 2794 1214 2829 ni,
1249 2789 1321 2822 hora
1339 2791 1470 2834 legitima
1485 2790 1547 2832 post
1563 2803 1682 2826 ,nonam
1699 2794 1824 2833 jejunus
1854 2798 1886 2824 in
1912 2791 2037 2833 Ecclefia

225 2846 288 2878 que
299 2837 334 2870 in
346 2837 440 2871 varii⁵
451 2836 530 2872 locis
539 2848 580 2872 eo
592 2838 645 2872 die
656 2838 819 2873 lavarent.
1162 2839 1263 2883 Mlffas
1283 2850 1341 2872 non
1362 2849 1464 2881 tenet,
1485 2839 1542 2884 sed
1555 2840 1712 2884 secundum
1727 2840 1837 2883 sedam
1860 2840 2036 2884 priscilliam

276 2884 426 2926 Abusus,
452 2888 504 2921 seu
517 2888 642 2927 verius,
668 2889 715 2922 uti
740 2889 773 2922 &
796 2889 903 2922 noster
913 2888 1031 2924 Canon
1053 2890 1100 2924 10-
1154 2888 1354 2930 festivitatem
1378 2889 1464 2931 ipfius
1495 2891 1551 2923 diei
1570 2891 1609 2923 ab
1642 2890 1712 2924 bora
1734 2897 1826 2923 tertia
1850 2899 1908 2932 per
1932 2891 2034 2934 Miffas

227 2933 359 2976 quitur,
391 2936 630 2979 dispensatoria:
654 2936 916 2972 diffimulationis
937 2940 1097 2984 originem
1160 2938 1459 2982 dffunc‘lorumsoluto
1471 2941 1586 2981 jeJ'um'o
1609 2941 1694 2979 colit,
1721 2939 1882 2973 anathema·
1894 2939 1951 2982 fit.
1980 2941 2033 2973 Ex

227 2981 328 3016 edicit
345 2982 569 3021 Tertullianus
589 2988 624 3021 in
646 2985 731 3021 libro
755 2988 796 3021 de
817 2999 938 3022 corona
958 2988 1074 3023 militis
1087 3004 1098 3023 :

54 3044 128 3084 cap,
139 3051 168 3082 3,
228 3030 422 3072 Eucharisteae
431 3038 652 3070 Sacramentum
664 3061 674 3076 ‚
703 3039 913 3079 &intempore
924 3039 1042 3080 vidus,
1062 3041 1096 3073 (2⁶

227 3080 361 3114 omnibus
381 3085 556 3118 mandatum
580 3088 600 3118 ἃ
614 3089 739 3120 Domino
752 3111 763 3127 ‚
790 3093 880 3120 etiam
901 3090 1095 3122 ante-lucanis

1160 3000 1227 3032 quo
1239 2988 1347 3030 vides,
1379 2990 1427 3023 uti
1441 2990 1538 3023 latius
1549 2990 1689 3027 edifferit
1709 2988 1847 3025 secunda
1858 2988 2009 3033 Synodus
2021 3014 2033 3030 ,

1159 3038 1293 3072 abusum
1306 3036 1392 3072 hunc
1404 3039 1497 3073 fuiffe
1520 3049 1642 3072 novum
1664 3039 1749 3081 apud
1770 3039 1936 3083 Hispanos
1950 3065 1960 3080 ‚
1986 3040 2034 3073 in·

1159 3088 1277 3121 trusum
1290 3088 1324 3120 in
1336 3088 1417 3122 solas
1428 3087 1583 3122 Ecclefias
1603 3088 1621 3121 a
1645 3087 1849 3123 Priscilliano
1871 3088 2030 3125 seductas.

1158 3138 1197 3171 In
1221 3137 1371 3171 Domino
1382 3139 1453 3181 Jesu
1465 3135 1594 3170 Christo
1605 3148 1673 3171 non
1698 3138 1883 3179 veramciue
1901 3150 2031 3173 carnem

1161 3189 1214 3221 seu
1226 3184 1395 3220 hominem
1408 3210 1420 3226 ,
1445 3185 1496 3219 sed
1516 3197 1590 3221 curn
1603 3187 1774 3222 Marcione
1795 3200 1833 3223 ae
1841 3187 2031 3223 Manichaeo

1159 3235 1390 3281 dogmatizavit
1402 3233 1587 3278 phantasma
1598 3260 1610 3277 ‚
1623 3236 1762 3280 ideoque
1774 3238 1950 3282 pastionem
1963 3239 2031 3281 ejus

1157 3287 1192 3320 δε
1213 3294 1350 3320 mortem
1362 3308 1374 3324 ‚
1410 3284 1524 3329 utpote
1545 3297 1613 3320 non
1635 3298 1740 3321 veram
1754 3310 1773 3331 ,-
1797 3289 1850 3323 sed
1872 3289 2031 3334 imagina-

1159 3335 1260 3375 riam,
1286 3335 1319 3368 &
1330 3345 1385 3377 per
1395 3334 1618 3370 defiinstorum
1639 3337 1793 3379 Missam,
1817 3338 1851 3373 δε
1870 3338 1936 3372 fine
1953 3336 2029 3380 jeju-

1162 3384 1209 3417 nii
1225 3383 1353 3418 tristitia
1363 3383 1446 3426 juffit
1456 3386 1491 3419 in
1513 3386 1626 3429 quinta
1636 3386 1712 3421 feria
1723 3386 2029 3432 blasphemandum,

1157 3433 1268 3468 Plures
1277 3434 1424 3477 pervertit
1435 3435 1514 3470 ritus
1525 3435 1763 3471 Ecclefiasticos
1775 3460 1784 3469 .
2015 3446 2021 3470 ¹,

1205 3485 1258 3520 De
1267 3482 1380 3522 eodem
1390 3483 1490 3521 abusu
1500 3484 1643 3522 scribunt
1662 3486 1808 3523 Socrates
1829 3488 1861 3522 &
1872 3485 2027 3521 Hermiae

1586 3535 1619 3571 L
1914 3534 1977 3569 Zo-

227 3130 346 3164 coetibus
358 3156 368 3171 ‚
395 3143 445 3166 nec
455 3134 492 3165 de
505 3135 625 3167 aliorum
634 3147 724 3169 manu
737 3161 748 3176 ,
774 3149 866 3179 quam
876 3137 1097 3179 Praefidcmium

221 3179 367 3224 sumimus
378 3204 385 3211 .
413 3180 541 3216 Laudat
549 3183 709 3219 Africanae
719 3186 866 3221 Ecclefiae
874 3198 997 3221 morem
1010 3212 1021 3228 ,
1045 3199 1097 3222 cu-

58 3234 140 3274 Epist.
166 3242 210 3274 64.
224 3230 321 3274 jus&
332 3230 465 3265 Sanetus
477 3230 663 3275 Cyprianus
682 3235 718 3269 in
741 3234 855 3269 litteris
873 3236 914 3270 ad
926 3237 1095 3271 Caecilium

225 3279 395 3315 manifeste
404 3281 555 3315 meminit
562 3292 660 3326 agens
668 3283 836 3318 adversum
845 3283 1010 3329 Aquarios
1018 3311 1030 3326 ,
1053 3299 1095 3322 ex

226 3340 294 3373 quo
311 3329 400 3373 plebs
411 3329 461 3363 bis
470 3330 511 3364 de
521 3330 575 3364 die
585 3355 597 3371 ‚
621 3331 717 3365 mane
725 3331 832 3375 jejuna
844 3356 856 3373 ‚
878 3335 998 3378 vesperi
1007 3346 1097 3379 pran-

225 3378 258 3418 sa
276 3388 334 3413 aut
357 3389 476 3415 caenata
493 3378 731 3415 Eucharistiam
752 3381 911 3417 sumebat.
935 3382 1022 3418 Eum
1042 3385 1097 3420 ab-

226 3437 378 3473 rogarunt
400 3429 588 3474 posteriores
607 3431 779 3475 Episcopi,
804 3442 838 3467 at
858 3432 1010 3476 quasdam
1028 3434 1094 3476 ejus

192 3519 194 3521 ¹
224 3477 375 3522 reliquias
387 3502 399 3519 ,
432 3479 468 3514 in
490 3480 597 3524 gentis
628 3482 754 3516 suarum
765 3505 776 3522 ‚
803 3480 881 3518 licet
904 3493 1070 3527 pravarum
1082 3508 1093 3525 ,

282 3558 286 3564 .
324 3527 432 3570 Christ.
445 3532 524 3574 Lupi
534 3534 619 3574 oper.
631 3533 708 3564 Tom.
717 3535 770 3565 ΠΙ.
