2340 3762
584 12 670 79 ,1³
700 12 709 22 ⁴.
743 7 750 15 ι

672 162 852 207 ΙΝῡεκ
884 159 1114 212 Renum,
1160 172 1221 202 ετ
1253 156 1616 207 Vertumnum.
1900 175 2008 224 43¹1>

260 247 420 287 Succeffio
431 246 629 284 haereditaria
650 247 687 282 in
697 245 931 282 Ecclefiasticas
956 245 1133 291 dignitates
1188 270 1191 273 <
1243 243 1372 286 synodi
1391 243 1570 282 ,noviffimae
1588 245 1774 285 firmitatem
1787 248 1927 287 Ecclefia
1948 251 2074 296 semper:⁴

270 327 272 329 .
309 299 392 333 olim
404 299 547 334 multum
559 298 715 333 invaluit.
745 294 878 335 88.1.2.
903 296 1016 340 Quam
1027 294 1132 333 S-Leo
1246 292 1386 328 sollicite
1410 295 1554 329 curavit.
1971 314 2025 347 55·
2042 311 2071 336 1.

308 361 346 384 ac
357 351 466 384 omnis
478 348 615 383 Ecclesia
626 350 744 385 Latina
755 348 940 382 insectatur.
1042 343 1131 393 89.1.
1198 343 1325 392 Synodi
1347 341 1519 383 Photianae
1541 345 1614 385 sunt
1637 343 1792 382 concilia
1804 351 1957 387 vanitatis
1968 373 1980 391 ‚
2004 351 2071 386 ἀς.

258 399 586 436 Suencfeldianorum
602 397 723 433 haerefis
738 423 746 432 .
992 405 1072 433 222-
1101 406 1131 431 2-
1249 395 1327 440 362.
1350 405 1380 436 2..

257 449 461 495 Suffraganei
481 450 567 484 circa
587 458 734 494 tempora
756 445 929 488 Benedisti
949 445 1008 483 IX.
1032 456 1133 489 coepe·
1199 442 1326 493 Synodi
1337 444 1481 489 quinque
1506 446 1655 489 priori-s,r
1670 454 1809 490 excepta
1827 445 1961 484 Nicaena
1974 475 1984 491 ,
2008 452 2077 495 per-fl

307 509 385 533 runt
396 523 405 532 .
1001 505 1081 542 312.
1107 504 1134 534 1.
1248 504 1354 537 peram
1366 494 1520 534 Canones
1533 494 1769 530 condiderunt.
1958 499 2023 536 168.
2044 514 2072 538 1-

1199 543 1496 586 SynodiRomanae
1506 546 1648 580 actiones
1672 544 1862 582 &decreta.
1892 547 1972 597 360.
1987 560 2017 585 2.
2040 551 2074 584 ὄε

256 549 458 596 Suffraganei
468 561 564 594 opera
575 549 622 585 uti
633 547 795 585 interdum
808 547 884 581 licet
895 572 903 579 .
1004 545 1085 580 ibid·
1102 555 1133 580 2-
1219 591 1221 593 Ι

1248 594 1333 637 seqq.
1344 604 1423 633 ante
1432 595 1579 633 auditum
1591 595 1787 634 Pontificem
1811 598 1861 634 nil
1872 597 1978 633 voluit
1999 598 2076 635 defi-

256 599 486 646 Suffraganeos
512 602 565 635 seu
579 601 722 639 titulares
739 598 919 642 Episcopos
929 594 1085 641 proscribi
1096 593 1132 627 in

305 649 508 685 Tridentino
517 652 629 696 exegit
649 648 858 694 Seripandus.
897 648 950 681 Ex
973 646 1134 696 Suffraga-
1247 644 1317 677 nire
1327 669 1334 676 .
1942 647 2023 697 361,
2046 659 2076 688 χ,

266 725 268 727 .
299 700 420 745 'ganeis
437 700 517 737 varii
527 701 615 736 enati
626 699 758 735 abusus.
1008 692 1085 730 ibid.
1101 702 1131 728 1.
1199 694 1326 737 synodi
1338 694 1401 729 VI·
1412 695 1554 729 astiones
1565 697 1744 731 referuntur
1758 721 1765 729 .
1928 708 1983 746 34.
2000 710 2029 735 1.
2040 711 2076 736 2.

254 750 527 794 superordinatus
540 763 582 786 ex
591 752 684 786 causa
694 750 735 785 ab
745 748 886 789 ,Ecclefia
897 746 1050 782 Romana
1065 742 1133 783 sub·
1200 743 1238 777 ln
1250 742 1393 790 synodis
1402 745 1532 780 adduffl
1557 746 1688 785 codices
1697 758 1734 782 ac
1756 746 1942 785 testimonia
1958 749 2076 796 sigilla·

304 800 382 835 inde
393 802 557 844 susceptus
567 826 575 833 .
1007 793 1088 844 386·
1098 805 1130 837 2·
1247 803 1280 827 ‘a
1292 819 1299 826 -
1974 807 2032 846 37.
2047 807 2074 836 1-

1197 843 1334 887 synodo
1348 845 1507 880 Romanae
1517 857 1598 889 quot
1611 847 1847 891 subscripserint
1859 867 1867 880 ·.
1950 848 2028 896 362.
2042 856 2074 881 2.

1246 894 1283 927 ln
1298 894 1434 937 Synodo
1457 895 1516 930 Vl.
1529 897 1584 940 qui
1606 897 1723 943 legati.
1750 907 1806 944 30.
1822 907 1853 932 2.
1878 897 1974 945 Qot
1998 895 2075 941 ,Epi-

1246 944 1355 986 scopi.
1385 955 1438 993 34.
1456 958 1484 983 1.
1508 945 1607 988 Vide,
1615 947 1731 997 schema
1740 947 1753 980 .’

1197 993 1336 1036 Synodo
1357 994 1417 1031 Vl·
1439 998 1606 1038 praesertim
1617 1001 1633 1032 a
1645 997 1834 1043 Philippico
1856 996 2010 1043 Augusto
2021 995 2078 1033 ob-

1246 1043 1415 1077 latratum.
1437 1045 1509 1092 Qi
1520 1048 1587 1091 ejus
1600 1049 1776 1094 imaginem
1789 1050 1822 1083 in
1837 1047 1975 1083 Ecclesia
1988 1047 2079 1082 Cou-

1246 1092 1538 1136 stantinopolitana
1549 1094 1634 1136 juffit
1647 1098 1736 1130 eradi
1748 1120 1754 1129 .
1770 1098 1998 1143 Quamobrem
2009 1097 2086 1135 ,Ro-¹

252 848 517 893 Superstitiosum
528 851 572 886 est
586 850 683 896 fignis
692 860 729 885 ut
751 848 843 886 rebus
855 844 1017 883 serviliter
1035 843 1132 879 inhae-

250 911 400 990 Symebili
411 944 556 984 redditio
569 924 638 981 uon
650 947 714 981 fuit
725 947 803 980 fidei
816 944 966 989 profeffio
979 969 986 977 .
1010 891 1086 989 ΖΞ
1101 905 1130 980 ξ..
1189 952 1190 956 ’

260 1020 263 1023 ψ
301 994 402 1039 Apud
415 997 485 1030 asta
499 995 673 1032 conficitur
684 995 895 1040 Angelorum
908 1019 916 1027 .
1005 991 1083 1039 143.
1104 1003 1130 1028 1.

249 1045 403 1089 Symboli
415 1046 557 1084 redditio
567 1044 700 1090 quando
712 1047 793 1086 fasta
803 1070 811 1077 .
1011 1054 1086 1089 141.
1102 1054 1130 1079 2-

249 1094 448 1139 symbolum
470 1096 724 1131 Catechumenis
746 1096 781 1129 in
795 1094 981 1129 Dominica
1004 1093 1131 1127 Palma-

299 1157 373 1180 rum
385 1145 540 1181 traditum
553 1171 560 1178 .
591 1157 666 1194 ¹41·
686 1157 712 1182 ι.
736 1146 829 1180 Hinc
851 1144 921 1179 dies
942 1146 998 1179 illa
1015 1141 1131 1187 Pascha
1246 1154 1306 1177 moe
1320 1143 1462 1178 Voterea
1474 1145 1590 1178 erectae
1929 1157 1984 1192 55.
2000 1156 2030 1181 ι.
2044 1158 2077 1184 2-

296 1202 518 1238 competcntium
537 1196 628 1231 dicta.
652 1195 729 1236 ibid.
743 1193 846 1245 Qod
859 1194 997 1240 postea&
1012 1195 1040 1232 S,-
1053 1194 1131 1228 Gre-
1197 1191 1407 1244 Synodorum
1416 1192 1576 1240 imagines
1586 1194 1668 1240 erigi
1687 1194 1786 1231 solita:
1795 1219 1803 1228 .
1978 1206 2034 1243 55.
2046 1206 2078 1235 2·

255 1274 259 1279 .
297 1247 395 1291 gorio
407 1255 565 1281 mutatum
577 1271 584 1278 .
776 1245 779 1249 ’
1054 1243 1135 1283 ibid,-
1633 1243 1638 1246 ’
1978 1244 1981 1247 ’

246 1295 446 1340 Symbolum
482 1298 518 1332 in
543 1296 725 1332 Dominica
750 1295 935 1331 Palmarum
963 1295 1130 1331 memoriae
1617 1294 1656 1335 Τ

296 1347 490 1387 mandatum
511 1348 545 1383 in
559 1347 734 1382 Concione
755 1359 823 1382 non
837 1348 1008 1385 auditum.
1036 1345 1129 1384 Cur?
2037 1383 2041 1387 ⁴

255 1421 260 1425 .
301 1407 378 1443 142.
393 1410 421 1436 1,
439 1398 492 1432 Ex
503 1399 660 1433 memoria
673 1398 885 1433 reddebatur.
1047 1394 1128 1430 ibid.
1286 1396 1353 1430 Elae
1373 1396 1619 1432 Cameracenses
1636 1397 1690 1436 seu
1712 1394 1970 1441 Atrebatenses5
1988 1395 2084 1435 vetu-v

246 1445 392 1490 Syncelli
403 1448 479 1483 loco
492 1450 699 1493 superiorein
711 1448 852 1491 Synodis
863 1446 1019 1482 sederunt.
1025 1450 1071 1493 36
1075 1457 1127 1492 3-1·
1309 1445 1445 1480 stiffimae
1457 1472 1465 1480 .
1952 1457 2030 1494 320.
2047 1458 2076 1482 L

256 1518 262 1523 -
296 1498 381 1532 Sunt
390 1501 589 1546 perantiqui.
619 1499 695 1544 369.
710 1509 739 1533 1.
765 1498 859 1543 Qid
870 1507 936 1530 vox
946 1496 1107 1541 fignificet
1117 1519 1125 1532 ‚
1193 1494 1404 1529 Testimonia
1416 1507 1472 1538 pro
1484 1497 1574 1533 cuitu
1593 1497 1791 1542 imaginum,
1803 1507 1842 1535 ex
1854 1497 2002 1531 S.litteris
2015 1521 2025 1536 ,
2042 1496 2078 1531 &

253 1567 256 1570 ›
321 1546 377 1591 69.
402 1560 435 1583 2.

246 1557 394 1639 syriceni
416 1597 603 1641 plerumque
623 1594 785 1631 Monachi
798 1621 808 1637 ‚
833 1607 888 1631 cur
910 1595 923 1627 ?
949 1595 1032 1629 Non
1054 1593 1126 1628 raro

259 1666 261 1669 v
297 1643 537 1691 Episcoporum
549 1655 639 1681 erant
651 1646 857 1681 successores.
870 1644 1126 1693 370.1.Patriar-

295 1695 363 1730 chae
373 1721 384 1736 ,
412 1698 586 1744 Episcopi,
599 1709 635 1732 ac
646 1697 792 1734 Abbates
805 1695 986 1732 habuerunt
997 1695 1105 1741 piures
1115 1719 1122 1727 .

295 1744 402 1781 Unus
413 1758 480 1782 erat
490 1748 761 1792 proto-syncellus
773 1772 779 1779 .
997 1754 1075 1792 370-
1085 1757 1107 1782 2
1117 1764 1123 1776 a

242 1795 423 1838 synodalia
435 1800 501 1832 asta
514 1798 589 1833 VlI.
602 1798 728 1842 Synodi
741 1797 781 1831 ad
792 1795 994 1831 Patriarchas
1011 1796 1119 1835 miffa,

291 1846 334 1881 ad
357 1848 550 1885 Romanum
563 1848 760 1886 Pontificem
771 1846 937 1893 probanda
958 1847 992 1881 δε
1005 1846 1122 1882 confir-

292 1897 431 1931 manda.
1020 1891 1076 1939 48.
1090 1904 1120 1928 2·

239 1943 419 1988 synodalia
429 1946 497 1979 ailla
506 1947 565 1981 Vl·-
576 1946 703 1988 synodi
715 1949 787 1982 sunt
798 1945 912 1982 mutila
925 1969 933 1976 .
1017 1953 1071 1990 47·
1088 1952 1114 1977 1·

240 1995 482 2034 Synodaticum
495 1993 591 2026 licuit
600 1995 743 2035 accipere
752 2020 760 2026 .
999 2001 1074 2037 190-
1090 2003 1120 2027 2-

239 2040 396 2085 Synodus
406 2041 505 2076 altera
519 2041 537 2077 a
549 2039 675 2075 Photio
688 2042 799 2075 coacta
808 2064 821 2083 ‚
847 2039 882 2073 iu
894 2051 959 2084 qua
984 2041 1015 2073 S.
1028 2041 1121 2085 lgna-

290 2093 356 2126 tius
378 2090 492 2135 injuste
513 2091 675 2135 depofitus
696 2089 935 2124 &damnatus.
964 2089 1119 2134 Episcopi

288 2142 422 2188 Ignatio
443 2140 639 2177 adhaerentes
664 2141 866 2176 exauctorati
891 2164 902 2183 ,
928 2140 963 2174 in
989 2140 1118 2174 vincula

289 2193 425 2236 conjecti
438 2218 449 2234 ‚
475 2193 536 2227 διε.
994 2198 1072 2236 324.
1087 2202 1117 2226 2.

238 2241 393 2285 synodus
404 2242 671 2287 Carthaginenfis
683 2241 742 2276 1V.
757 2242 839 2277 forte
849 2239 1013 2275 mendosa.
1015 2237 1082 2287 348
1097 2253 1117 2273 ι.

237 2292 392 2336 Synodus
412 2291 632 2336 Cayphaicaa
644 2290 767 2326 Photio
786 2293 918 2330 coacta,
943 2291 961 2325 a
981 2289 1118 2333 Synodo

288 2347 442 2379 Romana
455 2343 694 2380 condemnatur
707 2367 714 2374 .
997 2337 1074 2385 328.
1087 2352 1116 2376 2.

237 2394 392 2438 Synodus
409 2393 571 2440 generalis
593 2392 710 2429 litteris
725 2390 926 2434 Apostolicis
945 2389 1117 2430 innititur,

1243 1545 1295 1578 SS.
1309 1545 1459 1579 Patribus
1481 1547 1668 1589 deprompta
1684 1570 1694 1586 ,
1722 1548 1801 1580 ledia
1826 1549 1858 1580 in
1884 1546 1957 1583 V11.
1974 1547 2080 1589 Syno-

1236 1595 1301 1631 do.
1329 1596 1362 1629 S.
1383 1595 1484 1629 Nilus
1504 1596 1522 1629 ὲ
1536 1595 1722 1640 Cayphaica
1744 1597 1881 1641 Synodo
1906 1596 2076 1636 mutilatus

1242 1646 1276 1683 ἀ
1288 1646 1418 1679 vitiatus
1434 1645 1591 1680 adductus
1603 1671 1613 1687 ‚
1641 1659 1681 1681 ex
1693 1658 1759 1690 quo
1772 1648 1926 1683 nonnulli
1941 1646 2077 1691 prolapsi

1245 1695 1418 1739 Episcopi.
1440 1706 1508 1743 241.
1523 1709 1543 1730 1.
1557 1697 1634 1730 Alia
1645 1697 1830 1731 testimonia
1848 1698 1946 1732 lesta.
1968 1706 2034 1745 241.
2046 1708 2079 1734 2·

1193 1745 1227 1782 8,
1238 1744 1413 1785 Tharasius
1425 1746 1655 1789 Episcopatum
1667 1749 1795 1786 coaetus
1807 1746 1935 1784 admisit
1948 1759 1955 1778 :
1982 1756 2080 1790 gene-

1242 1796 1536 1838 ralem-Synodum
1549 1797 1741 1838 postulavit.
1774 1806 1850 1845 233.
1864 1809 1894 1832 2.
1919 1797 1938 1829 a
1950 1796 2075 1830 Roma-

1241 1855 1284 1878 na
1298 1844 1372 1876 sede
1383 1845 1670 1879 confirmationem
1682 1858 1757 1890 roga
1764 1847 1811 1878 vit
1822 1871 1828 1877 .
1850 1855 1964 1894 234-2-
1977 1856 2076 1888 atque

1240 1892 1282 1927 ab
1296 1891 1446 1924 Adriano
1457 1893 1484 1923 l.
1495 1895 1667 1928 toleratus.
1698 1895 1774 1928 ibid.
1796 1896 1927 1928 Ostium
1949 1894 2077 1941 synodi

1242 1939 1340 1974 verbo
1352 1940 1495 1983 aperuit.
1525 1940 1739 1983 Nequaquam
1753 1944 1896 1989 praesedit
1907 1968 1914 1975 .
1953 1945 2030 1991 236.
2046 1956 2076 1981 1.

1190 1990 1220 2029 S.
1233 1988 1411 2027 Tharafius
1424 1989 1604 2033 Episcopos
1625 2001 1663 2024 ac
1686 1991 1835 2025 Clericos
1860 1993 2076 2029 iconoclastas

1240 2040 1477 2084 poenitentesin
1497 2042 1768 2076 communionem
1792 2043 1826 2076 ὃς
1837 2043 1974 2087 gradum
1986 2045 2076 2078 resti-

1240 2092 1305 2125 tuit
1324 2116 1331 2122 .
1359 2090 1538 2126 Accusatus
1558 2115 1566 2123 .
1593 2101 1670 2138 245·
1691 2103 1722 2128 2.
1762 2094 1836 2131 Sese
1862 2094 2073 2138 expurgavit.

1241 2142 1318 2187 246·
1347 2150 1375 2180 1·
1908 2166 1910 2168 ·

1188 2190 1217 2226 S.
1228 2189 1379 2227 Tharafii
1392 2191 1537 2234 Epistola
1553 2192 1707 2234 synodica
1721 2193 1759 2226 ad
1774 2203 1835 2226 tres
1846 2191 2048 2229 Patriarchas
2058 2191 2075 2235 ‚‘

1238 2241 1317 2276 item
1338 2241 1377 2276 ad
1391 2241 1576 2276 Adrianum
1588 2242 1755 2285 Papamin
1781 2242 2002 2286 VILSynodo
2026 2245 2069 2279 le·

1236 2293 1284 2325 &a
1306 2292 1340 2325 &
1357 2292 1506 2326 laudata.
1945 2300 2066 2341 24022·

1185 2339 1388 2378 Theodorus
1401 2341 1654 2379 Ex-Patriarcha
1674 2342 2066 2388 constantinopolitanus

1233 2390 1405 2429 damnatus
1417 2416 1428 2432 ,
1453 2392 1472 2426 ὲ
1484 2392 1713 2427 damnatorum
1724 2395 1876 2439 catalogo
1890 2405 1998 2429 tamen
2012 2406 2066 2428 ex-

288 2456 349 2479 nec
361 2443 437 2480 ideo
449 2442 577 2486 synodi
589 2441 775 2485 hujusmodi
789 2439 984 2484 superfluunt
998 2464 1004 2471 .
1015 2450 1070 2485 42.
1086 2452 1116 2476 2.
1234 2452 1275 2484 pu
1282 2442 1370 2475 nilus
1382 2467 1392 2483 ,
1417 2453 1475 2475 cur
1488 2443 1505 2478 ἔ
1961 2456 1980 2491 5
1990 2456 2015 2481 1·
2035 2455 2061 2480 1.

238 2494 393 2537 synodus
412 2493 574 2538 generalis
598 2492 701 2526 subest
715 2491 914 2536 Apostolicae
936 2490 1018 2524 sedis
1037 2491 1119 2524 dire·
1182 2488 1410 2525 Theodofiani
1423 2489 1584 2533 haeretici,
1613 2492 1698 2527 unde
1716 2494 1790 2527 disti
1805 2495 1820 2525 ?
1983 2494 2014 2531 6.
2028 2502 2059 2526 2.

287 2545 388 2578 <ilioni
401 2569 412 2576 .
1014 2549 1068 2587 31.
1084 2549 1115 2573 2.
1182 2540 1390 2577 Theodofius
1404 2541 1654 2585 Eutychianista
1668 2543 1954 2586 pertinaciffimus.
1983 2556 2014 2591 7.
2032 2555 2058 2579 1.

235 2594 389 2637 Synodus
398 2592 601 2628 oecumenica
612 2592 701 2627 nulla
712 2591 776 2626 fine
784 2589 929 2626 Romani
942 2588 1116 2625 Pontificis
1180 2589 1418 2635 Theognostus
1447 2591 1557 2626 Abbas
1581 2592 1970 2636 Constantinopolitanus
1999 2605 2056 2636 pro

285 2643 502 2678 authoritate.
994 2647 1113 2684 232.2.
1229 2641 1257 2675 S.
1284 2642 1416 2686 ignatio
1452 2642 1486 2679 ὅ(
1515 2642 1654 2677 Ecclefia
1683 2643 2054 2685 Constantinopolitana

233 2692 387 2736 Synodus
411 2694 526 2729 Romae
550 2692 591 2727 ab
602 2691 754 2727 Adriano
773 2691 815 2725 11.
835 2691 969 2731 coadla,
994 2688 1030 2721 in
1050 2700 1111 2733 qua
1227 2690 1368 2727 mascule
1379 2690 1587 2727 allaboravit.
1620 2690 1694 2739 328.
1712 2703 1738 2727 1.
1764 2694 1793 2725 A
1809 2691 1953 2726 Nicolao
1966 2694 1990 2726 1.
2004 2692 2055 2730 de-

283 2742 423 2778 Pbotius
437 2744 533 2779 tertio
546 2742 754 2782 anathemate
766 2740 950 2784 percellitur
960 2764 971 2781 ,
981 2738 1111 2784 ejusque
1224 2742 1333 2777 sensus
1343 2765 1354 2780 ,
1379 2740 1421 2775 ab
1432 2739 1581 2779 Adriano
1595 2741 1636 2780 Ii.
1648 2740 1688 2775 ad
1701 2742 1851 2776 Basilium
1866 2743 2052 2787 Augustum

285 2792 360 2826 libri
374 2787 520 2827 noti‘line
531 2791 689 2827 miraculo
698 2791 802 2826 exusti
815 2816 822 2822 .
983 2788 1062 2837 361.
1079 2801 1109 2826 1·
1224 2789 1367 2839 gloriose
1380 2791 1525 2826 remissus
1536 2816 1542 2822 .
1926 2789 2005 2839 328.
2019 2806 2051 2830 2.

232 2840 389 2883 synodus
411 2842 485 2876 V11.
497 2841 589 2882 vide,
614 2846 745 2875 Nicaena
754 2841 883 2879 synodus
898 2840 939 2874 11.
1173 2839 1370 2884 Thymelici
1381 2865 1392 2881 ‚
1419 2841 1474 2885 qui
1486 2865 1498 2882 ,
1521 2840 1540 2874 a
1561 2842 1675 2877 meniis
1687 2841 1833 2876 fidelium
1852 2843 1956 2887 rigide
1980 2855 2051 2886 pro-

232 2891 389 2934 synodus
404 2891 494 2927 Vra
507 2890 701 2927 Canonibus
722 2889 806 2924 reste
824 2888 999 2932 abstinuit,
1026 2891 1108 2926 cur?
1222 2892 1350 2935 scripti.
1926 2903 2002 2929 210-
2020 2904 2048 2933 1.

288 2939 363 2978 168.
380 2952 407 2977 1.
1171 2941 1293 2975 Timor
1302 2941 1410 2979 fuitin
1423 2940 1556 2974 Christo
1569 2965 1579 2981 ‚
1605 2942 1686 2985 qui?
1803 2953 1895 2987 14.1·
1912 2944 1945 2977 ὃ(
1959 2944 2045 2989 seqq.

229 2991 387 3034 Synodus
399 2989 456 3024 VI.
467 2990 485 3023 ὲ
496 3000 566 3025 tota
578 2992 719 3027 Ecclesia
731 2999 857 3034 recepta
870 3015 877 3022 .
1005 2999 1059 3037 50.
1077 2999 1103 3023 1.
1171 2990 1353 3025 Tondendi
1366 2990 1512 3036 Reginas
1524 2991 1638 3034 injuria
1650 2991 1729 3024 olim
1742 2992 1889 3034 frequens
1899 3017 1906 3024 .
1934 3003 2044 3039 3232.

231 3041 386 3084 Synodus
407 3039 568 3074 Trullana
589 3042 619 3075 S.
633 3040 792 3085 Cypriani
814 3051 951 3074 errorem
965 3040 1104 3074 Canone
1170 3042 1324 3076 Tonsura
1346 3041 1503 3074 clericalis
1514 3051 1550 3074 ac
1562 3040 1765 3079 monachalis
1787 3044 1908 3086 semper
1919 3040 2044 3078 diversa

281 3090 424 3125 secundo
450 3090 626 3125 admittens
645 3116 656 3132 ‚
682 3094 716 3125 in
744 3091 898 3125 Canones
927 3090 1101 3136 impingit.
1217 3092 1280 3125 fuit
1293 3116 1300 3123 .
1327 3100 1406 3127 200.
1421 3100 1450 3123 2.
1463 3089 1538 3123 Fuit
1550 3092 1633 3125 olim
1645 3093 1677 3125 δε
1691 3092 1887 3136 baptismalis
1901 3117 1907 3123 .
1927 3101 2039 3129 201.1.

278 3140 371 3174 Hinc
382 3140 437 3173 ille
448 3151 615 3183 nunquam
627 3151 769 3184 receptus
779 3166 787 3173 .
1000 3152 1055 3187 57.
1071 3153 1099 3176 2.
1216 3141 1378 3175 Detonlio
1392 3140 1470 3173 ritus
1482 3141 1544 3176 fuit
1557 3141 1744 3183 profitendae
1758 3143 2040 3180 servitutiS.2‚01.2.

228 3189 379 3233 synodus
391 3189 552 3224 Trullana
564 3191 697 3234 quando
706 3189 819 3225 habita
833 3191 849 3221 ἒ
998 3199 1017 3237 5
1026 3201 1054 3237 9.
1069 3202 1098 3227 2.
1165 3191 1319 3226 Tonsura
1330 3189 1485 3225 clericalis
1495 3201 1532 3223 ac
1544 3190 1747 3227 monachalis
1760 3216 1771 3231 ,
1792 3192 1902 3226 unde?
1930 3201 1943 3226 1
1952 3189 2002 3235 (28¹
2011 3203 2037 3226 1-

277 3240 351 3275 vide
362 3265 370 3271 .
397 3241 542 3273 Trullana
554 3242 680 3280 synodus
692 3265 700 3273 .
1214 3241 1347 3276 Corona
1358 3239 1562 3274 monachalis
1572 3264 1583 3280 ,
1609 3241 1687 3284 quid
1699 3241 1852 3285 significet
1868 3243 1880 3275 ?
1907 3242 1956 3273 Eo
1970 3251 2039 3273 mo-

227 3289 353 3332 Synodi
374 3288 606 3324 authoritatem
625 3302 692 3325 non
705 3291 833 3326 obtinet
845 3314 856 3331 ,
881 3289 1043 3334 quidquid
1057 3291 1097 3325 ab
1211 3291 1256 3325 do
1270 3292 1299 3325 S.
1319 3291 1431 3325 Petrus
1448 3291 1593 3326 attonsus
1604 3292 1665 3325 fuit
1679 3317 1684 3323 .
1712 3293 1835 3326 Rasura
1849 3287 2037 3323 Gentilibus

277 3340 446 3383 Episcopis
457 3339 632 3383 profertur.
977 3351 1053 3388 359.
1070 3352 1095 3376 1.
1212 3340 1363 3384 probrosa
1375 3365 1381 3373 .
1410 3338 1487 3374 ibid.
1501 3340 1726 3377 Sacerdotibus
1747 3339 1920 3384 aliquando
1942 3341 2038 3373 inter·

224 3388 351 3432 synodi
363 3390 523 3434 generalis
533 3389 577 3425 est
587 3388 712 3427 decreta
721 3392 873 3426 Romana
882 3390 1042 3426 discutere
1065 3391 1098 3424 &
1210 3391 1294 3424 dieta
1309 3415 1315 3422 .
1330 3390 1439 3433 Regni
1451 3390 1604 3424 reddebat
1618 3392 1784 3434 incapaces
1797 3414 1801 3419 .
1829 3398 1842 3423 1
1851 3386 2037 3434 98-2-199.1.

273 3438 464 3483 approbare.
979 3451 997 3489 3
1003 3439 1055 3488 58·
1067 3453 1097 3478 2·
1211 3440 1359 3476 Clericos
1369 3441 1386 3475 a
1399 3439 1545 3474 Barbaris
1554 3440 1588 3474 <Sc
1600 3440 1758 3475 militibus
1768 3436 1924 3474 distinxit.
1934 3448 2034 3484 ¹99·2'

1854 3487 1989 3522 Tonsu-
