2340 3762
18 1384 101 1424 cap.
108 1395 157 1424 43·

147 2298 149 2300 ’
182 2293 385 2339 Apostolus.
413 2297 624 2342 ,Quihaeffi‘at‚
646 2297 751 2340 fimitis
772 2300 811 2340 est
819 2300 924 2341 staina
947 2306 1064 2342 maris,

115 2355 129 2366 ··
183 2347 368 2387 qutavento
376 2357 513 2381 movetur
536 2350 803 2391 &circumfertur-z
830 2356 904 2385 Non
912 2352 978 2393 ergo
991 2349 1065 2388 aesti-

552 207 553 210 ,
599 166 913 227 Senotns,
949 182 1014 213 ετ
1045 165 1244 214 Nous
1279 179 1673 215 utus-rnam-

220 256 263 289 Ha
273 274 293 297 5
307 254 341 289 ἀ
363 253 502 298 populus
521 252 736 297 respondens,
764 253 912 289 Habemus
931 255 977 288 ad
987 256 1086 287 Domi·
1111 286 1115 292 ,

218 316 303 339 nuru.
330 304 478 348 Exponit
492 305 526 338 in
550 305 693 338 sermone
706 304 748 338 de
770 304 922 339 oratione
933 303 1088 340 Domini-

216 366 253 389 ca
271 356 401 389 Sanetus
422 355 608 399 Cyprianus
620 379 628 386 .
657 354 873 395 Admonemur,
896 355 931 389 δε
952 354 1089 398 sponde-

214 412 289 439 mus
298 404 376 438 nibil
381 406 468 438 aliud
477 428 489 444 ‚
512 415 603 447 quam
615 406 773 438 Dominum
785 410 908 450 cogitare
919 427 927 436 .
953 405 1084 439 Clauda-

216 463 265 487 tur
274 463 376 488 contra
397 452 602 497 adversarium
618 454 722 495 pellas
733 479 745 496 ‚
771 453 867 498 &soli
877 458 939 488 Deo
952 462 1082 496 pateat,

214 515 265 538 nec
275 504 356 548 adse
377 505 482 546 bostem
493 507 550 538 Dei
570 514 696 547 tempore
723 510 864 539 orationis
891 506 975 539 adire
981 512 1085 547 patia-

211 562 279 587 tur.
306 555 430 597 obrepit
450 560 530 588 enim
542 554 718 597 frequenter
737 557 771 590 Θ·
775 560 938 598 penetrat,
964 557 999 590 (ν
1014 554 1086 599 sub·

213 607 306 638 tiliter
318 605 436 646 fallens
441 613 542 646 preces
566 605 678 645 nostras
697 607 719 638 ἃ
730 609 791 640 Deo
800 604 909 639 avocat
919 629 930 645 ,
955 615 990 638 ut
1000 605 1087 639 aliud

209 653 373 689 babeamus
384 659 416 686 in
427 657 512 689 corde
523 679 535 696 ‚
562 657 597 689 Θ
605 656 693 689 aliud
702 661 735 689 in
743 660 812 689 voce
819 677 830 693 ‚
855 657 977 698 quando
986 661 1085 689 inten-

208 709 286 737 tione
299 702 424 747 ᾗκεν-α
434 708 593 739 Dominum
605 705 708 740 debeat
717 717 775 740 non
797 711 878 739 vocis
895 704 982 748 sonus
996 731 1006 746 ,
1026 704 1087 749 fied

208 759 328 788 animus
340 756 375 789 61
384 753 487 797 senfin
495 767 580 789 orare
593 780 600 786 .
628 758 710 799 ,Quae
720 753 955 798 autemst-gama
964 755 1002 796 est
1012 757 1083 789 alie-

208 809 279 837 nari
299 806 409 847 &rapi
418 810 527 846 ineptis
547 806 769 848 cogitationibus
785 804 965 846 &profanis
977 829 988 845 ,
1013 816 1079 838 cum

207 855 546 894 Domtnumdepmms
562 878 573 894 ‚
598 853 722 895 quafifit
741 857 847 895 aliud,
872 856 955 897 quod
975 853 1082 887 debeas

206 908 355 946 cogitare,
381 913 473 944 quam
492 904 577 945 quod
591 913 658 936 cum
669 906 729 936 Deo
751 905 900 946 loqueris?
926 905 1079 946 ,Quomodb

205 960 236 987 {e
253 953 354 985 audiri
370 953 392 983 a=
403 954 464 985 Deo
480 951 612 994 postulas
626 975 638 992 ,
664 954 729 985 ciem
744 962 779 987 te
793 953 856 997 ipse
878 963 935 985 non
946 955 1056 987 audias
1069 956 1082 987 ,³

202 1006 258 1036 Vis
268 1001 319 1045 effe
328 1004 426 1035 Deum
436 1012 591 1035 memorem
600 1007 644 1034 tu‘l
652 1004 715 1035 ciem
724 1014 810 1046 rogas
821 1028 831 1043 ,
846 1005 964 1045 quando
974 1013 1006 1036 tu
1016 1002 1083 1047 ipse

202 1058 248 1085 tia
256 1063 367 1086 memor
377 1051 481 1095 mnfilr
496 1052 513 1084 ἓ
537 1056 596 1085 Hoc
606 1051 644 1092 est
658 1053 697 1086 ab
721 1052 797 1093 hoste
807 1060 841 1086 in
853 1062 945 1087 totum
967 1065 1025 1086 non
1035 1065 1083 1087 ca-

203 1112 293 1143 vere,
320 1101 372 1137 boc
386 1101 425 1142 est
437 1125 448 1141 ‚
473 1104 594 1145 quando
606 1114 693 1144 oras,
714 1103 904 1146 Maiestatem
914 1107 971 1137 Dei
991 1103 1099 1176 κομι-Ι

197 1158 306 1196 genna
314 1149 455 1187 orationis
464 1151 609 1193 offlndere
618 1177 630 1194 ,
654 1152 754 1195 bocest
779 1154 907 1199 vigilare
933 1154 1023 1188 oeulis
1046 1155 1082 1190 ὑ

205 1203 294 1236 corde
300 1203 428 1236 dormine
438 1227 446 1234 .
499 1228 501 1230 .
1094 1178 1098 1230 Ι

250 1251 325 1288 Nec
334 1262 485 1297 putemus
495 1263 549 1287 eas
561 1254 680 1287 mentis
689 1255 898 1300 evagationes
915 1254 979 1289 esse
992 1255 1079 1297 peni-

197 1300 328 1336 tusfine
337 1302 453 1337 nostro
473 1302 663 1338 voluntario
683 1304 768 1339 vitio
791 1304 928 1348 &culpa
942 1329 949 1336 .
976 1303 1080 1339 Reste

194 1352 289 1386 enim
301 1352 337 1386 in
348 1351 489 1387 Palladii
501 1351 775 1397 Helenopolitani
789 1354 943 1398 Episcopi
970 1353 1080 1388 lausia-

196 1398 382 1434 ta'historia
402 1401 491 1434 dixit
502 1401 644 1442 Ioannes
670 1401 879 1436 Anachoreta
892 1426 899 1431 .
925 1406 986 1433 Res
996 1404 1079 1442 effici·

195 1458 247 1482 tur
256 1455 383 1482 vanitas
395 1473 406 1488 ‚
432 1451 552 1490 quando
563 1456 631 1492 quis
648 1453 813 1484 'Dominum
832 1451 983 1491 alloquens
996 1451 1077 1484 deor-

195 1499 264 1532 si'cm
275 1498 434 1541 impellitur
443 1497 529 1531 abiis
541 1522 552 1538 ‚
579 1510 645 1542 quae
665 1510 703 1531 ex
714 1499 842 1542 adverso
852 1498 982 1533 trabunt
995 1523 1007 1540 ,
1032 1511 1075 1534 co-

190 1548 391 1594 gitationibus
404 1573 411 1579 .
437 1552 511 1581 Haec
520 1559 620 1582 aurem
633 1554 743 1584 mentis
756 1549 901 1593 prolapsio
921 1555 1076 1593 unicuique

195 1601 328 1640 accidit,
352 1598 494 1641 quibunt
503 1600 646 1633 mundum
663 1611 721 1633 non
745 1603 863 1634 omnlno
885 1598 1074 1644 abnegavit,

189 1646 252 1692 sed
258 1659 387 1682 venatur
397 1657 430 1681 ut
439 1653 466 1682 ei
475 1649 596 1689 placeat
607 1674 614 1682 .
642 1650 689 1684 Ob
699 1650 796 1684 multa
812 1657 892 1684 enim
905 1672 917 1688 ,
939 1662 1009 1693 quae
1023 1664 1074 1694 ag-

188 1699 330 1742 greditur
352 1722 364 1738 ,
387 1698 450 1738 eius
464 1707 591 1731 mentem
610 1701 755 1734 dividunt
775 1711 855 1735 curae
875 1708 1018 1742 corporee
1038 1702 1074 1734 (θ’

191 1746 342 1787 terrestres
350 1772 357 1779 .
385 1747 455 1780 Hic
463 1749 607 1791 Joannes
618 1750 663 1784 est
675 1749 731 1783 ille
740 1761 880 1796 magnus
894 1751 970 1783 novi
984 1751 1073 1784 testa-

192 1796 298 1832 menti
310 1795 494 1840 Propheta,
519 1808 616 1840 quem
639 1810 676 1834 ut
696 1810 821 1842 patrem
840 1799 945 1834 coluit
958 1798 1071 1834 Theo-

191 1847 299 1882 dosius
310 1848 488 1891 Imperator
499 1848 609 1881 senior
620 1873 630 1888 ‚
641 1849 676 1883 ὃς
686 1848 981 1893 aliquotieslaudat
992 1851 1069 1884 San·

190 1897 497 1943 &usAugustinus-
524 1897 651 1939 Distae,
678 1898 814 1944 inquam
828 1900 1069 1944 ,prolapsiones

188 1948 266 1982 sunt
275 1949 459 1992 frequenter
481 1946 623 1983 omnino
645 1949 893 1990 involuntarie,
919 1959 1064 1985 attamen

189 2007 276 2033 natae
292 2008 335 2031 ex
346 1998 532 2033 voluntario
553 1999 670 2034 muudi
681 2010 812 2043 amore,
839 2000 898 2045 qui
919 1999 997 2035 lice‘t
1008 2012 1067 2035 eor

188 2046 340 2081 nostrum
349 2047 391 2082 ab
402 2047 462 2080 illo
472 2048 602 2082 summo
623 2049 658 2082 &
669 2060 746 2083 vero
756 2073 768 2090 ‚
794 2051 834 2085 de
845 2061 912 2094 quo
924 2050 965 2084 ad
978 2050 1067 2083 Mar-

188 2094 284 2131 tham
295 2097 380 2132 circa
391 2096 532 2141 plurima
543 2098 742 2142 satagentem
753 2099 877 2135 dietum
888 2098 951 2139 est,
970 2103 1068 2133 Unum

186 2145 423 2191 dneceffartum
434 2169 446 2186 ‚
471 2157 540 2182 non
551 2148 673 2192 separet
690 2173 702 2189 ,
726 2147 835 2184 tamen
861 2149 895 2184 in
917 2148 1067 2184 fallacem

186 2196 307 2231 mundi
327 2196 576 2232 multitudinem
594 2197 713 2234 dividit
732 2225 743 2241 ,
768 2199 984 2247 adjungitque
1007 2211 1070 2234 nos

184 2245 253 2280 illis
273 2245 494 2282 haefitantibus
515 2272 526 2287 ,
552 2248 594 2282 de
614 2248 732 2291 quibus
764 2250 896 2285 sanstus
920 2249 1065 2293 Jacobus

183 2403 246 2428 met
265 2395 348 2429 bomo
373 2397 424 2431 ille
446 2421 458 2437 ‚
487 2399 567 2440 quod
585 2404 716 2441 accipiat
738 2402 861 2442 aliquid
877 2402 898 2433 a
921 2403 1062 2433 Domino.

183 2445 312 2479 Merito
322 2446 526 2481 colossenses
537 2459 650 2483 monet
662 2449 842 2493 Apostolus
854 2477 865 2492 ,
893 2461 929 2484 ut
940 2449 1062 2486 instent

181 2496 331 2529 orationi
352 2496 526 2543 vigilantes
547 2498 581 2531 in
603 2509 658 2533 ea.
687 2502 782 2545 ,Quod
800 2508 926 2542 nempe,
954 2501 1061 2543 inquit

185 2543 334 2579 laudatus
354 2545 540 2590 Cyprianus
558 2572 569 2587 ,
591 2547 648 2590 fhli
664 2548 724 2588 istic
745 2552 907 2594 vigilantes
925 2552 1059 2592 poffinta

184 2596 246 2628 Deo
262 2601 439 2637 impetrare.
466 2595 603 2631 Pulchre
624 2598 659 2631 in
673 2599 758 2633 libro
780 2600 950 2635 adversum
962 2599 1059 2635 Luci-

181 2645 324 2679 ferianos
333 2646 467 2680 sanetus
478 2646 707 2691 Hieronymus
719 2661 726 2682 :
754 2650 938 2684 creberrime
948 2655 982 2683 in
992 2662 1057 2684 ora-

181 2699 260 2728 tione
278 2707 344 2730 mea
367 2706 420 2729 aut
436 2702 571 2738 porticus
593 2699 746 2732 deambulo
769 2724 779 2740 ‚
806 2711 860 2734 aut
885 2702 920 2734 de
938 2699 1057 2741 faenore

179 2754 313 2786 computo
324 2770 334 2786 ‚
350 2755 402 2779 aut
411 2747 555 2781 abduc‘lus
568 2754 650 2791 turpi
661 2754 835 2794 cogitatione
846 2776 860 2792 ,
883 2758 975 2784 etiam
987 2763 1055 2794 quae

181 2794 264 2827 dieu
274 2794 467 2840 erubescenda
481 2795 583 2840 sunt,
592 2810 682 2844 gero.
709 2798 842 2838 Fatetur
863 2802 926 2836 este
950 2803 1054 2846 prola-

180 2843 327 2886 psiones,
351 2857 383 2880 at
394 2857 437 2881 ex
454 2846 520 2891 jam
531 2847 616 2883 dieto
636 2850 816 2892 spontaneo
832 2851 926 2887 fonte
951 2853 1050 2887 scatu-

179 2894 318 2932 tientes,
337 2895 476 2940 ideoque
486 2899 799 2942 causasjustiffimas‚
826 2914 884 2936 cur
900 2903 918 2937 a
933 2902 1050 2936 Domi-

179 2954 227 2979 no
248 2941 331 2976 nihil
352 2944 575 2988 impetremus.
603 2949 647 2989 Et
668 2950 701 2984 in
725 2951 864 2986 secunda
885 2952 1049 2987 concione

177 2992 270 3035 ἥιρει-
282 2993 439 3035 psalmum
450 2996 650 3041 trigesimum
671 3010 824 3042 quartum
835 3003 968 3037 Sanstus
980 3001 1047 3037 Au-

177 3042 344 3089 gustinus.
371 3045 622 3093 ,Quandotantas
632 3049 787 3091 hymnum,
813 3053 923 3087 laudas
937 3057 1041 3087 Deum.
1067 3080 1072 3086 .

178 3096 300 3137 Lingua
308 3102 363 3125 tua
379 3095 455 3136 quid
461 3094 544 3139 agitj
571 3097 626 3139 nist
628 3097 729 3133 laudet
749 3098 922 3145 conscientia
934 3116 945 3136 .·
975 3103 1045 3138 Soli

175 3140 253 3176 Deo
266 3154 321 3186 per
331 3143 465 3185 plenum
476 3169 486 3184 ,
511 3155 607 3188 prout
618 3149 689 3183 vitae
698 3152 855 3193 paesentis
875 3152 1002 3188 miseria
1013 3153 1046 3186 si-

173 3192 251 3232 nit,
276 3203 420 3226 amorem
434 3219 445 3234 ,
471 3197 527 3238 qui
539 3199 749 3235 omnesristas
771 3202 987 3246 prolapsiones
1011 3203 1046 3236 fi-

173 3240 258 3283 stat,
283 3242 413 3277 adfixa?
437 3244 542 3279 Hunc
554 3257 699 3282 amorem
710 3252 818 3285 omnis
827 3251 933 3286 fidelis
949 3252 1044 3286 firmo

175 3302 294 3330 conatu
315 3292 466 3337 insequi,
492 3297 602 3330 omnis
623 3297 800 3341 Sacerdos,
824 3300 914 3342 cujus
924 3302 968 3335 est
989 3313 1044 3345 pu-

174 3340 274 3376 blicas
286 3342 430 3379 Ecclesiae
441 3355 547 3388 preces
559 3347 710 3391 quotidie
732 3349 934 3387 offerreDeo
946 3374 956 3391 ‚
981 3351 1052 3393 jams

173 3386 292 3426 habere
302 3393 421 3435 debet,
447 3395 562 3440 utpote
571 3398 727 3439 professus
739 3399 857 3434 statum
879 3402 1043 3444 perfectio-

174 3438 240 3476 nis.
266 3439 429 3488 Alioquin
439 3445 484 3478 est
497 3446 614 3480 exiliis
624 3472 635 3488 ‚
661 3447 703 3482 de
716 3449 835 3493 quibus
847 3450 882 3486 in
894 3450 1041 3496 Epistola

271 3489 376 3534 Obrss.
391 3497 468 3538 Lupi
479 3499 561 3538 Oper.
575 3499 652 3536 Tom.
666 3501 719 3533 111

1862 169 1969 232 ''1'‘37
1996 234 1999 235 γ

1153 251 1194 287 ad
1216 263 1358 297 quatuor
1380 254 1567 289 Grarcorum
1583 248 1787 288 patriarchas
1805 254 1941 289 Sanetus
1952 252 2041 294 (ii-'e-⁴

1151 303 1263 346 gorius
1274 304 1421 349 Magnus
1431 329 1438 338 .
1466 307 1542 349 ,Qua
1547 304 1664 347 fiducia
1667 310 1726 345 pro
1729 309 1860 345 peccatis
1872 306 1977 338 alienis
1989 302 2036 337 ad
2048 326 2112 357 Ld-
2121 316 2207 363 ‘pist'

1152 355 1424 397 Deuminterceffor
1435 360 1524 389 venio
1535 379 1547 395 ,
1571 355 1656 398 apud
1664 364 1750 397 quem
1758 355 1797 388 de
1812 351 2032 395 proprii-esem·
2049 376 2098 404 ²4·

1150 413 1203 436 rus
1215 402 1372 447 nonficm?
1398 403 1588 440 Interceffor
1597 405 1628 438 ei
1640 423 1657 446 ‚>
1676 404 1762 449 apud
1777 414 1876 449 quern
1896 403 2035 436 interce-

1151 451 1200 486 dit
1211 476 1222 492 ,
1233 454 1296 488 esse
1306 451 1403 488 debet
1413 464 1523 498 gratus
1534 477 1545 494 ‚
1558 455 1700 496 amicus,
1711 453 1880 489 familiaris
1891 465 1899 486 :
1923 453 2034 495 ,Quan-

1149 511 1191 536 tae
1200 508 1291 548 igitur
1301 503 1353 537 boc
1374 504 1508 537 audaciae
1519 503 1557 543 est
1571 528 1582 543 ‚
1606 505 1686 546 quod
1692 506 1780 547 apud
1787 506 1885 538 Deum
1905 510 1966 545 pro
1981 510 2035 545 po·

1144 554 1216 594 pulo
1226 554 1320 588 locum
1339 553 1529 597 intercessoris
1551 553 1664 587 obtineo
1676 577 1687 593 ‚
1711 560 1759 588 cui
1778 566 1826 588 me
1842 553 2034 596 familiarem

1148 602 1199 645 ff
1212 611 1270 646 per
1286 610 1361 638 vitae
1381 610 1518 637 meritum
1529 614 1587 637 non
1613 601 1735 646 agnosco
1743 604 1761 637 ·?
1787 604 1842 637 -Ex
1855 615 1924 646 quo
1945 602 2034 649 lucet

1150 663 1225 693 eos,
1253 653 1399 696 quisola
1421 653 1529 688 vocali
1549 652 1691 688 lestione
1712 654 1767 686 seu
1787 663 1887 687 cantu
1915 662 2035 697 putam:

1150 702 1320 746 adimpleri
1331 704 1518 739 orationem
1535 703 1683 737 vocalem
1703 713 1741 736 ac
1755 702 1862 746 legem
1877 702 2034 738 Ecclesia·

1149 751 1282 793 sticam,
1294 753 1478 798 longiffime
1489 753 1600 798 vagari
1611 751 1714 797 alege
1727 750 1920 790 Christiana
1931 778 1938 786 .
1965 752 2034 788 Re-

1149 802 1248 836 mitto
1260 814 1316 836 eos
1329 804 1371 837 ad
1383 802 1558 837 secundam
1575 802 1750 845 Synodum
1765 802 1905 845 Ioannis
1916 801 2032 837 Archi-

1152 852 1305 895 Episcopi
1326 852 1533 887 Trevetenfis
1547 875 1555 883 ·
1582 857 1695 886 Omnes
1708 877 1720 893 ,
1745 857 1798 895 qui
1817 851 1897 886 boris
1915 858 2035 886 canoni-

1147 906 1190 934 cis
1210 900 1417 947 persolvendis
1443 904 1581 946 deputati
1599 901 1673 946 sunt
1685 925 1697 941 ,
1723 904 1799 936 dent
1819 910 1940 945 operam
1960 927 1972 943 ‚
1998 910 2034 936 ut

1147 951 1274 985 colleblis
1284 952 1600 995 animis‚quoadfieri
1609 952 1723 994 potest,
1749 952 1886 987 debitum
1905 950 2036 995 penfiem

1147 999 1326 1044 absolvant:
1354 1006 1421 1036 Nec
1441 1006 1488 1036 ita
1505 1001 1679 1046 sebabeant
1692 1027 1704 1044 ‚
1725 1003 1844 1037 nedum
1864 1013 1934 1038 voce
1949 1001 2036 1046 psal-

1147 1052 1214 1084 lunt
1227 1074 1238 1090 ,
1262 1054 1387 1095 quidvis
1394 1053 1495 1095 potitis
1517 1063 1611 1096 quam
1622 1055 1718 1086 Deum
1738 1058 1881 1087 inanimo
1903 1058 2033 1097 cogitare

1149 1102 1331 1145 videantur,
1351 1101 1470 1145 semper
1482 1111 1623 1136 caventes
1635 1125 1646 1141 ‚
1671 1111 1708 1136 ne
1722 1102 1933 1145 Propbmcum
1958 1103 2036 1136 illud

1148 1152 1275 1185 audiant
1304 1166 1312 1185 :
1337 1152 1490 1187 LABHS
1550 1151 1716 1187 UIDEM
1738 1152 1823 1187 ME
1849 1151 2034 1186 HONO·

1149 1200 1311 1242 RANT‚
1337 1202 1435 1238 COR
1449 1202 1522 1238 AU
1566 1202 1637 1236 EM
1654 1202 1837 1238 EORUM
1863 1202 2032 1237 LONGE

1150 1250 1239 1285 EST
1251 1250 1287 1295 A
1307 1252 1381 1288 ME
1392 1278 1399 1285 .
1427 1254 1515 1297 ,Quid
1523 1260 1622 1291 autem
1631 1251 1669 1292 est
1681 1263 1749 1286 voce
1758 1253 1877 1294 quidem
1886 1250 2034 1295 psallere,

1149 1310 1244 1336 mente
1254 1311 1353 1336 autem
1362 1303 1481 1336 domum
1492 1312 1544 1336 aut
1550 1302 1654 1344 forum
1665 1308 1816 1336 circumire
1828 1327 1839 1345 ,
1865 1301 1922 1344 nisi
1938 1301 2032 1336 homi-

1149 1363 1201 1383 nes
1219 1352 1332 1393 fallere
1357 1355 1392 1387 (9⁴
1412 1356 1508 1386 Deum
1529 1354 1658 1387 irridere
1681 1353 1693 1386 ἓ
1721 1351 1894 1395 Ejusmodi
1913 1361 2029 1387 cantus

1150 1411 1254 1442 neque
1266 1405 1323 1434 Dei
1334 1408 1553 1435 venerationem
1568 1425 1579 1440 ‚
1604 1412 1710 1445 neque
1722 1402 1849 1435 bortrinis
1856 1407 2031 1442 petitionem

1147 1449 1297 1482 continet
1308 1473 1320 1489 ‚
1345 1461 1413 1492 quae
1427 1450 1491 1484 effe
1505 1456 1631 1491 propria
1650 1456 1791 1484 orationis
1819 1451 1910 1492 officia
1919 1450 2031 1490 scribit
2047 1464 2122 1504 Cap,
2140 1475 2166 1496 ι,

1146 1496 1182 1530 in
1190 1497 1276 1532 libro
1286 1498 1327 1533 de
1340 1499 1491 1534 oratione
1500 1499 1729 1534 Tertullianus
1742 1524 1749 1533 .

1196 1547 1317 1583 Tertio
1337 1548 1480 1593 denique
1501 1551 1633 1593 praesens
1655 1551 1776 1584 Canon
1798 1552 1889 1586 sacro
1915 1551 2029 1587 nostro

1144 1598 1394 1633 cantuimisceri
1415 1610 1503 1635 vetat
1515 1610 1553 1634 ea
1566 1623 1578 1640 ,
1607 1612 1674 1642 quae
1684 1599 1820 1642 Ecclesia
1844 1613 1902 1634 non
1923 1613 2030 1637 conve·

1145 1653 1249 1688 niunt,
1278 1650 1312 1682 (5
1321 1657 1396 1691 apta
1408 1661 1465 1683 non
1473 1647 1547 1692 sunt
1558 1674 1566 1682 .
1595 1649 1689 1685 Olim
1700 1650 1836 1694 quisque
1847 1651 2028 1695 Episcopus

1142 1698 1283 1740 psalmos
1292 1699 1513 1742 componebat
1538 1700 1572 1735 δε
1583 1696 1728 1742 hymnos
1745 1724 1756 1740 ,
1781 1701 1817 1734 ὃς
1828 1700 2027 1746 adjungebat

1141 1748 1253 1781 officio
1266 1748 1490 1784 Ecclesiastico
1503 1774 1510 1781 .
1538 1750 1589 1783 Ex
1601 1748 1665 1784 hoc
1675 1760 1774 1793 opere
1785 1749 1902 1793 Nepos
1916 1751 2028 1795 AEgy2

1129 1797 1189 1840 'pti
1211 1796 1392 1842 Episcopus
1412 1822 1424 1839 ‚
1456 1799 1591 1834 sanctus
1616 1799 1766 1834 Hilarius
1793 1798 2026 1841 pictavien-ins,

1139 1848 1271 1881 Sanctus
1282 1846 1473 1882 Ambrosius
1484 1873 1496 1889 ,
1521 1849 1656 1885 sanstus
1667 1849 1810 1892 Joannes
1830 1847 2024 1894 Chrysosto·

1127 1889 1212 1931 lmus
1222 1920 1234 1937 ,
1260 1899 1393 1932 Sanstus
1404 1898 1536 1934 Efreem
1548 1900 1697 1935 Ecclefiae
1720 1899 1886 1936 Edeffenae
1900 1901 2025 1936 Diaco-

1138 1958 1223 1988 nus,
1247 1948 1369 1991 aliique
1391 1949 1498 1992 plures
1523 1950 1706 1985 etiamnum
1724 1949 1824 1986 hodie
1848 1951 2024 1988 laudantur

1138 2008 1193 2041 per
1203 2009 1339 2032 omnem
1351 1999 1523 2034 Ecclesiam
1537 2024 1547 2040 ,
1572 2000 1605 2033 ὃς
1618 1998 1659 2034 de
1669 2000 1772 2042 seipso
1783 2001 1894 2035 scribit
1906 2003 1942 2036 in
1957 2002 2023 2037 Re-

1137 2047 1365 2082 trastatiouum
1392 2047 1482 2083 libris
1503 2049 1636 2083 San&us
1658 2049 1865 2095 Augustinus
1878 2076 1885 2083 .
1912 2054 2021 2086 Volens
2038 2044 2098 2074 1³²·
2116 2048 2176 2077 03·

1134 2094 1250 2140 causam
1275 2098 1495 2139 Donatistarum
1517 2100 1561 2131 ad
1579 2098 1668 2144 ipsius
1692 2099 1853 2134 humillimi
1874 2103 1958 2146 vulgi
1984 2105 2021 2137 (²5

1134 2150 1250 2180 omnino
1266 2154 1468 2189 imperitorum
1492 2160 1584 2192 atque
1603 2151 1765 2184 idiotarum
1790 2156 1928 2185 notitiam
1947 2161 2019 2195 per·

1135 2203 1258 2238 venire,
1285 2199 1320 2232 eb·
1338 2210 1435 2232 eorum
1451 2224 1463 2240 ‚
1488 2200 1635 2241 quantiam
1653 2199 1722 2247 fieri
1735 2201 1828 2245 pwset
1849 2226 1861 2243 ,
1883 2210 1941 2245 per
1963 2215 2016 2236 nos

1134 2245 1276 2282 inbaerere
1285 2255 1455 2290 memoria,
1477 2248 1627 2292 psalmum
1640 2274 1651 2290 ‚
1676 2256 1725 2293 qui
1750 2258 1796 2285 eis
1820 2261 2016 2293 cantaretur,

1125 2296 1189 2338 feci
1198 2322 1205 2329 .
1231 2295 1358 2336 Verum
1383 2299 1517 2335 licentia
1541 2301 1576 2334 in
1604 2298 1739 2335 abusum
1768 2301 1907 2343 profecit
1928 2327 1934 2334 .
1955 2302 2020 2339 Et-·

1129 2347 1219 2381 enim
1231 2348 1270 2382 ad
1283 2350 1437 2384 sanctum
1456 2348 1656 2391 Dionysium
1679 2349 1879 2385 Pontificem
1904 2347 2023 2387 adven*

1128 2397 1181 2431 sus
1205 2396 1344 2434 Paulum
1370 2399 1624 2434 samosatensem
1649 2398 1838 2437 Antiochiae
1874 2401 2014 2437 Patriar-

1127 2447 1225 2481 cham
1249 2447 1434 2483 haereticum
1460 2450 1571 2484 scribit
1597 2450 1684 2494 apud
1710 2450 1891 2486 Eusebium
1909 2452 2013 2490 Caesa÷

1126 2498 1268 2532 recusem
1295 2499 1447 2542 synodus
1461 2498 1672 2535 Antiochena
1685 2525 1692 2532 .
1721 2499 1858 2544 Psalmos
1883 2503 1919 2536 (τ
1938 2514 2006 2541 can-‚
2027 2504 2086 2539 L.7-
2106 2514 2185 2542 c-14.

1124 2557 1172 2581 tus
1185 2573 1195 2588 ,
1223 2555 1273 2590 qui
1285 2551 1330 2582 ad
1341 2553 1460 2584 Domini
1470 2550 1556 2592 nostri
1560 2550 1643 2593 Jesu
1665 2550 1777 2598 Christi
1801 2551 1937 2586 bonorem
1958 2556 2008 2588 de-

1123 2597 1358 2642 cantarisolent‚
1384 2610 1536 2644 tamquam
1548 2607 1721 2635 recentiores
1733 2626 1744 2643 ,
1771 2603 1805 2636 (5
1818 2604 1839 2634 a
1863 2609 1941 2636 viris
1962 2615 2006 2636 re-

1121 2655 1260 2682 centioris
1271 2656 1419 2685 memoriae
1431 2653 1524 2685 editos
1539 2677 1548 2691 ,
1574 2651 1695 2694 explofit
1702 2677 1713 2693 ,
1738 2653 1774 2687 <rt
1788 2658 1821 2686 in
1831 2654 1930 2686 media
1944 2656 2002 2686 Ec·

1119 2698 1216 2740 defin,
1236 2698 1350 2742 solenni
1362 2701 1517 2745 Pasa-hatis
1528 2703 1577 2735 die
1590 2728 1600 2742 ,
1626 2702 1761 2748 mulieres
1774 2726 1785 2742 ,
1812 2714 1879 2744 quae
1891 2708 1998 2736 inanes

1118 2750 1305 2793 cantilenas,
1331 2762 1405 2793 quas
1413 2751 1596 2796 fiquispiam
1617 2754 1735 2786 audiret
1748 2778 1758 2792 ,
1780 2754 1872 2794 plane
1894 2752 1998 2786 exhor—

1117 2798 1239 2846 reffi‘eret
1266 2826 1276 2842 ,
1312 2807 1345 2835 in
1372 2801 1458 2844 ipfius
1484 2803 1605 2837 laudem
1623 2803 1790 2845 funderent
1814 2825 1824 2840 ‚
1845 2808 1992 2844 paravit.

1116 2849 1227 2884 Etiam
1246 2849 1536 2896 Theophylactum
1558 2852 1778 2887 patriarcham
1807 2851 1994 2887 Constanti·
2011 2861 2038 2892 ιτ,
2069 2869 2133 2899 526.

1116 2900 1347 2946 nopolitanum
1359 2926 1369 2941 ‚
1396 2903 1484 2945 quod
1500 2904 1658 2937 saecularia
1672 2902 1801 2936 cantica
1824 2902 1858 2935 in
1883 2902 1994 2937 Eccle-
2013 2905 2086 2943 Cap.
2103 2914 2132 2940 9,

1113 2950 1190 2985 fiam
1209 2952 1428 2988 introduxerit
1441 2978 1452 2993 ‚
1478 2955 1615 2997 graviter
1625 2952 1735 2995 culpat
1756 2951 1921 2997 Georgius
1931 2953 1993 2986 Ce-

1112 3000 1252 3036 drenus.
1287 3002 1331 3036 Et
1353 3003 1439 3046 apud
1461 3015 1521 3037 nos
1542 3003 1679 3038 Latinos
1705 3002 1818 3037 statuit
1841 3001 1992 3046 Synodus

1112 3048 1387 3086 Antisiodorensis
1408 3065 1415 3083 ι
1442 3057 1514 3085 Non
1538 3054 1604 3086 licet
1624 3057 1656 3084 in
1676 3051 1803 3094 Ecclfia
1825 3053 1993 3098 puellarum

1110 3108 1225 3133 cantica
1234 3112 1384 3139 exercere.
1414 3103 1457 3136 Et
1471 3101 1656 3135 Bafileenfis
1669 3116 1680 3134 :
1708 3100 1856 3145 Abusum‚
1881 3115 1937 3145 quo
1959 3109 1993 3139 in

1110 3154 1139 3182 E
1140 3149 1240 3192 cclefits
1252 3152 1408 3184 cantilenae
1414 3150 1571 3194 saculares
1584 3150 1785 3195 admiscentur
1799 3176 1810 3192 ,
1835 3151 1990 3187 abolemus.

1108 3201 1217 3235 Etiam
1230 3201 1249 3234 a
1260 3201 1466 3241 Va¹entin02
1494 3201 1701 3243 Donatistis,
1730 3202 1815 3237 Arlo
1832 3226 1844 3244 ‚
1855 3202 1990 3242 Arianis

1109 3252 1203 3285 variis
1219 3274 1230 3290 ,
1254 3262 1292 3284 ac
1319 3250 1528 3293 Apollinario
1566 3251 1760 3287 Laodicensi
1790 3255 1989 3297 compositos

1107 3300 1250 3342 hymnos
1260 3299 1445 3343 pestiferos,
1472 3302 1691 3346 plurimosque
1712 3301 1731 3336 ὲ
1742 3302 1878 3347 simplici
1895 3304 1987 3348 plebe

1108 3351 1249 3384 sedustos
1270 3350 1684 3394 testantur-Tertullianus,
1712 3354 1847 3389 Sanctus
1869 3354 1986 3397 Augu-

1108 3401 1207 3433 stinus
1228 3423 1239 3440 ‚
1264 3401 1410 3435 Socrates
1430 3425 1441 3442 ,
1466 3401 1673 3438 Zozotnenus
1694 3428 1705 3444 ,
1732 3402 1980 3438 Theodoretus.

1108 3450 1218 3485 Etiam
1229 3461 1285 3495 per
1300 3450 1535 3496 Epi‘scoporurn
1555 3454 1832 3498 componentium
1856 3452 1982 3493 imperi-

1527 3502 1550 3538 S
1852 3503 1931 3537 tiam
