2340 3762
586 195 588 198 ’
638 181 950 238 senonis,
986 193 1048 226 ετ
1081 176 1282 226 Nous
1316 189 1673 228 niusa-nnn.

538 360 1224 458 CANoN
1413 305 1784 456 xxi

393 581 652 633 Ominicum
679 578 917 633 sermonem
939 616 954 641 ‚
989 597 1123 648 quem
1160 579 1357 632 Christus
1394 579 1558 649 Sanctis
1594 580 1815 649 Apostolis
1851 586 1896 634 δε
1931 583 2073 636 Disci-

425 652 539 719 pulis
573 651 656 703 suis
690 649 803 704 dixit
827 689 841 714 ‚
877 654 963 719 Qt'
993 672 1064 699 vos
1097 654 1226 718 recipit
1240 685 1253 709 ‚
1305 670 1362 699 me
1396 655 1527 720 recipit
1551 686 1566 712 ‚
1602 656 1662 697 <9⁴
1695 656 1757 716 qui
1791 674 1860 701 vos
1883 653 2032 722 spernit
2057 691 2072 717 ‚

425 741 483 771 me
506 720 656 791 spernit
678 758 692 783 ,
727 722 785 775 ad
819 740 972 776 omnes
1007 723 1140 774 etiam
1170 757 1183 780 ,
1220 722 1298 788 qui
1334 721 1431 790 post
1465 739 1544 772 eos
1577 719 1810 773 secundum
1859 722 1973 790 ipsos
2008 725 2072 775 fa-

241 794 301 842 &i
335 790 431 841 sunt
466 791 622 843 summi
659 792 892 846 Pontifices
927 797 971 842 &
1005 791 1226 840 Pastorum
1263 792 1484 862 Principes
1520 794 1567 840 in
1602 792 1791 844 Ecclefia
1827 794 2073 857 Catholica‚

237 861 403 911 dicium
438 860 519 910 effe
554 861 778 913 credentes
812 898 826 924 ‚
860 861 1090 910 definimus
1125 862 1346 911 neminem
1380 861 1554 929 prorsus
1591 863 1744 915 mundi
1779 867 2076 932 potentium...

234 946 507 999 quemquam
541 947 693 983 eorum
726 967 740 992 ‚
787 932 865 999 qui
900 929 1266 981 Patriarchalibus
1323 929 1496 983 sedibus
1532 932 1715 1004 praesunt
1750 936 2047 991 inhonorare„
2063 973 2077 999 ,

236 1015 315 1051 aut
350 1017 526 1054 movere
559 999 587 1051 ὲ
621 1002 801 1071 proprio
836 1002 997 1052 throno
1032 1017 1200 1052 tentare
1234 1037 1248 1062 ‚
1286 999 1358 1051 sed
1392 1005 1514 1052 omni
1551 1008 1793 1055 reverentia
1830 1011 1874 1058 &
1908 1009 2077 1058 honore

236 1069 395 1134 dignos
427 1070 658 1139 judicare3
693 1072 906 1140 praecipue
933 1072 1122 1140 *quidem
1158 1070 1457 1130 sanotiffimum
1493 1076 1659 1141 Papam
1696 1074 1874 1126 senioris
1909 1079 2075 1138 Romae,

234 1140 443 1209 deinceps
479 1157 624 1194 autem
659 1143 1097 1212 Constantinopoleos
1134 1141 1431 1195 Patriarcham
1465 1180 1478 1205 ‚
1526 1143 1688 1195 deinde
1739 1144 1847 1195 vero
1883 1146 2074 1195 Alexan-

233 1210 337 1262 driae
370 1229 424 1262 ac
458 1212 708 1262 Antiochiae
742 1250 756 1276 ‚
804 1230 939 1283 atque
973 1211 1378 1282 Hierosolymorum
1415 1234 1428 1265 ε
1478 1213 1561 1264 Sed
1608 1232 1689 1265 nec
1737 1214 1874 1266 alium
1923 1234 2071 1289 quem.

231 1298 424 1349 cumque
469 1282 813 1353 conscriptiones
864 1300 1018 1337 contra
1074 1284 1375 1337 sanciiffimum
1421 1289 1584 1354 Papam
1619 1284 1795 1337 senioris
1830 1289 1983 1337 Romae
2019 1304 2071 1339 ac

226 1351 366 1414 [verba
414 1355 679 1422 complicare.
725 1360 770 1405 &
816 1352 1080 1424 componere
1127 1354 1206 1407 sub
1251 1355 1476 1407 occasione
1523 1356 1643 1425 quasi
1704 1354 2074 1429 diffamatorum

228 1423 522 1489 quorumdam
557 1427 788 1479 criminum
823 1446 838 1483 3
885 1425 1007 1490 quod
1041 1429 1086 1474 δε
1119 1442 1256 1490 nuper
1291 1426 1474 1485 Photius
1511 1425 1617 1473 fecit
1651 1461 1665 1487 ‚
1711 1429 1756 1474 δε
1791 1425 1934 1475 multo
1969 1426 2072 1477 ante

227 1492 469 1542 Dioscorus
502 1530 516 1542 .
602 1493 762 1560 uisquis
798 1509 944 1545 autem
981 1506 1106 1543 tanta
1138 1495 1346 1560 jaetantia
1381 1498 1425 1546 &
1461 1493 1644 1545 audacia
1679 1492 1775 1543 usus
1810 1494 1941 1545 fuerit
1974 1532 1988 1557 ‚
2023 1512 2072 1546 ut

226 1559 465 1613 secundum
501 1564 708 1616 Photium
743 1565 815 1616 vel
850 1562 1112 1613 Dioscorum
1155 1566 1203 1614 in
1237 1561 1409 1634 scriptis
1463 1566 1535 1614 vel
1570 1566 1657 1616 fine
1692 1563 1862 1633 scriptis
1895 1567 2071 1635 injurias

228 1631 440 1699 quasdam
476 1648 629 1685 contra
665 1632 816 1685 sedem
853 1636 972 1683 Petri
1006 1631 1317 1698 Apostolorum
1353 1634 1567 1701 Principis
1602 1649 1781 1684 moveat
1808 1671 1822 1697 ‚
1858 1636 2069 1702 aequalem

230 1704 275 1750 &
309 1701 508 1752 eamdem
543 1739 557 1765 ,
594 1720 728 1771 quam
764 1705 830 1756 illi
867 1740 881 1764 ,
916 1701 1330 1754 condemnationem
1366 1704 1552 1771 recipiat
1582 1740 1595 1754 .
1632 1706 1674 1753 Si
1712 1703 1817 1752 vero
1853 1708 1954 1773 quis
1989 1707 2068 1763 alis-

227 1787 319 1838 qua
366 1770 504 1826 saeculi
550 1774 767 1841 potestate
803 1773 946 1825 fruens
996 1773 1069 1834 vel
1087 1816 1091 1826 .,
1103 1788 1260 1842 potens
1307 1773 1470 1838 pellere
1521 1774 1760 1823 tentaverit
1796 1774 2068 1842 praefatum-*4

225 1841 490 1907 Apostolicae
524 1843 758 1894 Cathedrae
792 1847 956 1911 Papam
991 1879 1005 1903 ,
1035 1857 1117 1891 aut
1152 1842 1337 1889 aliorum
1374 1842 1722 1893 Patriarcharum
1758 1861 2063 1912 quemquam,

225 1911 476 1961 Anathema
509 1912 562 1963 fit
587 1949 601 1961 .
646 1912 783 1963 Porro
820 1913 851 1961 si
887 1909 1087 1980 Synodus
1123 1908 1374 1963 universalis
1410 1911 1539 1961 fuerit
1575 1929 1839 1982 congregata
1869 1952 1885 1974 ,
1920 1916 2063 1976 &fa-

224 1985 294 2030 ἃα
330 1980 460 2031 fuerit
494 1985 630 2034 etiam
679 1981 735 2033 de
769 1981 911 2034 sanita
946 1987 1244 2032 Romanorum
1280 1980 1470 2032 Ecclesia
1519 1986 1682 2048 quaevis
1698 1983 1983 2046 (ambiguitas
2018 1994 2061 2039 &

223 2052 518 2100 controverfia
552 2088 569 2111 ,,
602 2067 781 2118 oportet
818 2052 1123 2103 venerabiliter
1156 2055 1201 2100 &
1234 2067 1335 2099 cum
1370 2055 1673 2121 convenienti-⁴¹
1687 2058 1933 2106 reverentia
1968 2056 2058 2113 ἃς,

224 2120 446 2188 propofita
481 2121 714 2187 quaestione
749 2119 953 2171 sciscitari
987 2158 1001 2181 ‚
1036 2125 1081 2172 δε
1115 2119 1376 2172 solutionem
1412 2124 1608 2190 accipere
1639 2160 1652 2184 ,
1691 2126 1767 2173 aut
1801 2125 2016 2192 proficere
2034 2165 2056 2190 ,‚

222 2206 301 2240 aut
335 2190 568 2258 perfeetum
605 2192 745 2240 facere
779 2227 792 2252 ‚
839 2209 928 2241 non
965 2208 1113 2240 tamen
1148 2190 1347 2245 audaciter
1383 2190 1656 2244 sententiam*
1678 2194 1826 2245 dicere
1861 2213 2055 2248 contram

223 2258 413 2311 summos
448 2260 625 2312 senioris
661 2266 812 2312 Romae
847 2261 1112 2313 Pontifices.
1323 2267 1326 2269 ’
1407 2283 1411 2286 ’
1768 2268 1792 2296 -’
2050 2273 2057 2289 ⁴

1914 203 2003 249 303

412 2456 905 2506 Scn011on.

296 2598 399 2635 Rimo
411 2610 499 2637 vetat
511 2601 632 2638 Canon
643 2604 747 2639 ullum
766 2603 984 2640 patriarcham
995 2628 1006 2644 ‚
1032 2606 1102 2641 Ro-

319 2661 454 2685 manum
478 2654 645 2696 praesertim
667 2653 886 2695 Pontificem,
914 2654 1020 2700 Regia
1031 2657 1098 2691 vio-

220 2698 323 2733 lentia
335 2700 408 2743 ejici
430 2701 518 2737 esuo
534 2702 656 2739 throno
669 2729 676 2737 .
704 2705 851 2740 Damnat
872 2705 1009 2748 impiam
1031 2707 1098 2740 Mi-

221 2746 342 2784 chaelis
366 2751 510 2797 Augusti
531 2777 543 2793 ,
580 2755 733 2789 Sanctum
756 2754 978 2790 patriarcham
1005 2755 1098 2800 lgna-

220 2797 306 2833 tiutn
317 2799 478 2842 ejicientis
486 2826 498 2843 ‚
522 2804 557 2840 ὅ(
568 2803 730 2839 Ludovici
744 2805 877 2840 secundi
891 2806 1097 2848 Imperatoris

219 2845 351 2882 stultam
362 2852 575 2887 temeritatem
589 2878 600 2894 ,
627 2856 682 2898 qui
694 2865 749 2897 per
768 2856 960 2899 promissum
980 2856 1096 2890 Orien—

219 2897 287 2931 tale
297 2898 495 2941 imperium&
510 2903 633 2939 Photio
652 2904 783 2939 delusus
803 2905 1022 2950 spoponderat
1042 2906 1096 2949 eji-

218 2957 292 2981 cere
316 2949 465 2985 Sanctum
485 2952 685 2990 Pontificem
711 2955 893 2990 Nicolaum
907 2981 914 2988 .
943 2955 999 2989 Est
1014 2957 1094 2989 anti-

219 3006 284 3040 qua
299 2998 486 3034 Graecorum
500 3002 673 3039 insolentia
685 3030 693 3038 .
721 3005 769 3039 Ita
779 3005 868 3039 enim
881 3005 1094 3040 Constantius

218 3046 387 3091 Augustus
408 3051 559 3086 Sanctum
580 3053 794 3090 Athanasium
806 3055 1071 3090 Alexandrinum
1083 3081 1092 3096 ,

217 3096 252 3130 ὃ(
264 3098 416 3132 Sanstum
430 3099 567 3135 Paulum
579 3103 778 3149 Episcopum
789 3105 1082 3149 Constantinopoli

215 3154 331 3181 tanum
343 3172 354 3188 ‚
380 3149 412 3182 δε
425 3149 595 3186 Liberium
607 3153 798 3189 Romanurn
810 3155 1008 3190 Pontificem
1032 3155 1092 3199 eje-

215 3196 261 3230 cit
275 3221 285 3237 ,
310 3209 349 3231 ac
367 3198 407 3232 de
417 3199 543 3242 Joanne
553 3201 780 3238 Alexandrino
806 3215 903 3246 atque
914 3205 1091 3239 Calandio-

218 3257 261 3280 ne
283 3246 499 3284 Antiocheno
520 3250 735 3294 patriarchis,
765 3265 819 3297 per
840 3254 1012 3288 Zenonem
1023 3254 1092 3288 Au-

217 3296 346 3339 gustum
370 3299 496 3342 eje-stis,
523 3301 630 3336 scribit
652 3302 693 3336 ad
716 3303 891 3337 Dardaniae
910 3304 1091 3347 Episcopos

47 3341 129 3380 Epist·
154 3351 197 3379 ¹3·
216 3346 350 3382 Sanetus
360 3347 517 3385 Pontifex
527 3352 673 3386 Gelafius
685 3353 819 3396 primus:
843 3353 913 3394 Esto
924 3354 1091 3387 Calandion

221 3397 412 3437 Imperatoris
441 3412 546 3434 nomen
571 3401 722 3442 abstulerit
746 3429 756 3444 ‚
785 3406 930 3448 Joannes
957 3406 1091 3446 Principi

217 3451 354 3480 mentitus
360 3448 447 3492 fuisse
455 3451 590 3492 jaHetur
599 3478 608 3492 ,
655 3464 695 3485 an
707 3458 798 3495 quiin
809 3453 951 3487 bominem
963 3456 1093 3497 Impera-

1167 2461 1256 2488 torem
1273 2455 1400 2497 peccaffev
1416 2454 1591 2490 dicebantur
1617 2481 1628 2498 ‚
1665 2459 1747 2492 nulla
1765 2464 1981 2494 interveniente
2002 2463 2052 2500 sy-
2069 2486 2132 2524 Cap
2159 2488 2191 2516 ,Β

1165 2505 1238 2537 nodo
1261 2506 1347 2545 dejici
1356 2505 1539 2541 debuerunt?
1565 2505 1679 2542 Latius
1693 2508 1758 2544 haec
1768 2512 1914 2545 referunt
1926 2510 2051 2546 in'Breb
2133 2507 2140 2517 ‘
2197 2508 2203 2519 ’

1166 2553 1270 2588 viario
1281 2554 1452 2590 Liberatus
1463 2554 1754 2603 Carthaginenfis,
1779 2560 1814 2594 &
1837 2561 1872 2594 in
1897 2560 2052 2596 Ecclefia-

1164 2603 1244 2638 stica
1269 2601 1405 2640 historia
1432 2606 1595 2651 Evagrius
1618 2606 1868 2652 Epiphanienfis
1895 2637 1902 2643 .
1942 2611 2049 2646 Porrd

1164 2653 1369 2697 Imperatoris
1381 2666 1503 2690 nomen
1516 2657 1558 2692 de
1569 2659 1664 2692 sacris
1675 2659 1823 2694 Ecclefiae
1851 2660 1971 2694 tabulis
1989 2671 2047 2695 au-

1162 2704 1243 2738 ferre
1254 2703 1415 2747 estipsum
1428 2710 1716 2743 excommunicare
1728 2734 1739 2750 ,
1764 2720 1861 2751 atque
1871 2710 1916 2744 ita
1937 2709 2044 2754 liquet

1162 2753 1630 2799 istasexcommunicationes,
1657 2770 1692 2793 ut
1713 2759 1848 2803 quidam
1875 2761 2044 2804 garriunt,

1162 2805 1397 2846 nequaquam&o
1409 2803 1573 2852 Gregorio
1585 2809 1724 2851 septimo
1743 2809 1908 2843 Pontifice
1931 2810 2045 2854 coepiss

1160 2853 1209 2886 se.
1240 2855 1314 2888 Hac
1326 2856 1404 2889 item
1424 2857 1475 2891 via
1499 2855 1571 2892 Leo
1599 2857 1722 2892 lsaurus
1732 2858 1885 2893 Sanctum
1909 2859 2044 2895 Germa·

1158 2914 1239 2937 num
1260 2903 1479 2941 patriarcham
1502 2907 1914 2951 Constantinopolitanum
1940 2909 2043 2953 ejeoeff

1159 2962 1231 2994 rat,
1257 2956 1473 3000 eamdemque
1495 2957 1644 3000 injuriam
1668 2958 1803 2992 Sanstus
1829 2958 2041 3003 Nicephoms

1156 3014 1195 3037 ac
1205 3005 1339 3038 Sanctus
1349 3005 1544 3040 Methodius
1556 3006 1682 3041 fuerant
1702 3008 1779 3052 paffi
1796 3034 1803 3041 .
1834 3008 1945 3044 Etiam
1968 3011 2039 3054 Syl-

1157 3055 1282 3087 verium
1293 3054 1490 3090 Pontificem
1513 3056 1712 3100 Justinianus
1739 3057 1934 3104 Augustus,
1959 3061 2037 3095 Saur-

1156 3106 1244 3138 ctum
1268 3104 1452 3139 Martinum
1473 3107 1615 3148 primum
1643 3108 1807 3142 Constans
1830 3108 2035 3145 exturbarat.

1157 3151 1281 3187 Eadem
1292 3154 1377 3197 apud
1389 3155 1532 3190 Francos
1543 3157 1699 3192 violentia
1711 3157 1940 3194 Praetextatum
1963 3159 2033 3195 Ro-

1157 3203 1402 3248 thomagensem
1414 3204 1487 3238 Rex
1502 3204 1707 3251 Chilpericus
1719 3233 1729 3250 ,
1757 3210 1906 3244 Sanctum
1930 3210 2035 3255 Rigo-

1156 3253 1285 3288 bertum
1303 3252 1499 3288 Remensem
1524 3255 1653 3291 Archi·
1666 3257 1865 3303 Episcopum
1896 3260 2032 3304 ejecerat

1158 3302 1297 3337 Carolus
1307 3303 1480 3338 Marcellus
1490 3331 1497 3338 .
1523 3305 1632 3341 Hasce
1642 3308 1741 3352 igitur
1753 3309 1923 3355 sacrilegas
1935 3320 2032 3344 teme-

1159 3353 1269 3387 ritates
1289 3352 1424 3388 damnat
1443 3357 1578 3398 praesens
1595 3357 1714 3392 Canon
1727 3384 1738 3401 ,
1767 3361 1878 3394 volens
1898 3362 1931 3393 in
1954 3359 2032 3400 Epi-

1161 3405 1276 3447 scopos
1298 3402 1374 3438 laesae
1386 3404 1567 3447 Majestatis
1578 3417 1650 3441 reos
1668 3417 1724 3443 aut
1735 3410 1891 3453 suspestos
1914 3407 2030 3441 servari
2045 3439 2071 3469 C

1158 3454 1332 3488 Canonem
1352 3465 1474 3497 quartae
1494 3456 1622 3500 Synodi
1635 3453 2030 3538 Toretanaezhssuidepre·
2072 3447 2114 3479 ψ’
2132 3449 2180 3479 3⁶‘

1861 3507 1978 3540 endirur
