2340 3762
121 1666 209 1709 Epist.
231 1677 259 1708 3.

144 3066 218 3106 cap.
238 3071 283 3102 5².

262 2543 269 2550 ,
306 2506 481 2552 Synodum
507 2506 722 2541 Innocentius
749 2505 872 2548 primus
896 2530 907 2546 ‚

241 2581 252 2592 .
308 2558 460 2594 Leonem
473 2556 638 2590 Ravenna
646 2555 846 2600 Episcopum
857 2580 868 2596 ,
895 2556 930 2588 in
947 2552 1116 2589 litterisad
1128 2554 1189 2587 Ni-

374 181 475 230 342

300 255 503 297 accipiendum
515 252 754 292 SPIRITUM
765 250 1013 291 SANCTUM
1025 274 1036 290 ‚
1062 248 1119 291 nist
1135 261 1180 283 ac·
1199 250 1203 257 '

300 310 413 346 efflant
435 304 611 348 &Ecclesia
631 305 826 347 Baptismum
842 326 849 333 .
877 304 958 333 Tunc
968 304 1049 333 enim
1063 301 1180 334 demam

296 355 386 398 plene
403 354 582 401 sanfflficaen
595 381 606 396 ‚
633 354 726 396 &effe
749 351 804 393 filii
817 351 995 393 Deipoffunt
1008 374 1020 391 ‚
1040 348 1070 392 fi
1080 353 1184 388 Sacra-

299 414 400 439 menta
409 414 527 449 utroque
538 405 714 448 nascantur.
745 399 850 448 Qod
863 401 968 445 ipsum
989 400 1109 436 affidue
1123 412 1179 436 tra·

299 454 351 490 dit
362 455 430 499 ejus
448 455 582 490 erratica
594 448 767 493 synodus,
794 462 857 486 nec
870 462 938 485 non
959 452 993 485 &
1005 452 1089 486 fidus
1107 453 1185 486 Col·

299 504 373 550 lega
399 506 530 539 sanetus
556 500 766 536 Firmilianus
794 501 998 536 Caesareensis
1025 528 1031 534 .
1068 502 1180 546 ltaque

298 554 479 598 Stephanus
499 553 534 585 ὅτ
545 550 730 595 Cyprianus
752 551 789 585 in
802 551 994 596 quibusdam
1006 554 1183 586 convenie-

294 603 375 638 bant
386 628 396 643 ,
423 603 458 634 in
470 599 665 646 quibusdam
680 611 773 637 erant
785 602 964 637 discordes.
993 601 1178 637 Convenie-

298 654 379 688 bant
400 649 507 695 primo
528 676 539 692 ,
566 650 655 694 quod
678 652 740 687 alia
761 652 838 687 ess‘et
859 654 893 687 in
921 651 1158 688 Paenitentiam
1174 678 1183 693 ‚

296 702 359 736 alia
370 712 488 737 manus
513 702 678 747 impositio
702 704 735 736 in
750 702 907 747 Spiritum
930 703 1101 737 sanetum.
1131 704 1184 738 Se-

296 750 428 793 cundo,
454 752 543 796 quod
565 763 679 787 manus
701 753 867 797 impositio
889 753 923 786 in
949 754 1182 790 Pcenitentiam

296 802 403 847 ipsum
427 802 634 838 Poenitentiae
659 828 671 844 ‚
697 803 844 847 imposita
867 804 944 838 vero
967 807 1001 837 in
1026 804 1183 848 Spiritum

297 854 453 888 Sannum
477 865 591 888 manus
614 854 691 888 esset
711 855 815 899 ipsum
828 856 1072 889 Sacramentum
1088 854 1180 888 Chri-

295 902 405 937 stianae
421 904 717 938 Confirmationis:
745 905 873 939 Dicunt
895 905 985 939 enim
1006 906 1099 940 fuisse
1109 915 1181 939 eam

296 965 433 989 manum
444 980 454 995 ‚
481 954 571 997 cujus
582 966 636 998 per
648 956 782 989 Sanstos
798 954 976 999 Apostolos
985 955 1066 989 fasta
1080 956 1183 998 impo-

296 1004 369 1038 sitio
382 1004 558 1039 laudatura
573 1005 688 1040 saneto
699 1006 791 1041 Luca
806 1006 841 1040 in
855 1001 1059 1049 Apostolic'is
1072 1006 1176 1039 Actis.

296 1053 418 1088 Tertio
441 1054 703 1094 conveniebant,
728 1055 817 1099 quod
831 1054 996 1100 Apostatae
1020 1056 1055 1088 in
1068 1055 1182 1089 Eccle-

297 1104 339 1138 sla
364 1103 521 1148 baptizati
544 1106 598 1150 per
619 1115 753 1140 manum
777 1105 1042 1140 Poenitentialem
1055 1129 1067 1146 ‚
1094 1113 1183 1139 extra

294 1164 409 1189 autem
439 1155 593 1199 baptizati
605 1157 707 1189 essent
729 1154 1118 1199 recipiendipermanum
1129 1154 1185 1189 do·

296 1206 442 1239 nativam
462 1205 602 1248 Spiritus
624 1205 731 1239 Sansti
744 1229 755 1246 ,
782 1205 870 1250 quod
895 1205 950 1239 ille
967 1216 1057 1240 extra
1074 1205 1185 1240 Eccle-

295 1256 372 1289 siam
398 1255 518 1288 nonsit
543 1265 600 1299 per
623 1252 877 1290 inhabitationis
889 1257 1048 1301 gratiam,
1077 1257 1188 1300 proin-

295 1305 402 1348 deque
429 1303 500 1339 istic
512 1316 573 1340 nec
594 1305 663 1340 dari
678 1317 738 1341 nee
748 1307 852 1350 accipi
864 1307 959 1350 pollit
973 1332 981 1341 .
1009 1306 1123 1341 Ambo
1137 1307 1183 1341 fa-

296 1354 448 1389 tebantur
457 1367 624 1400 acceptam
638 1356 672 1390 in
695 1355 801 1391 haerefi
811 1355 1108 1392 Confirmationem
1118 1357 1181 1391 effe

298 1404 422 1440 irritam
435 1430 445 1447 ‚
471 1406 708 1441 exsufflandam
721 1431 730 1446 ,
748 1406 974 1451 repetendam;
1000 1408 1109 1441 omnis
1127 1419 1179 1442 eo·

297 1467 370 1490 rum
380 1455 539 1491 discordia
551 1466 618 1491 erat
631 1456 671 1490 de
680 1458 778 1491 solius
790 1458 953 1500 Baptismi
966 1458 1160 1500 repetitione
1169 1480 1178 1495 ,

295 1517 396 1550 atque
408 1505 454 1540 ita
465 1516 603 1550 acceptae
613 1506 700 1550 apud
711 1506 893 1541 Haereticos
905 1506 1181 1542 ConfirmatIonis

298 1556 472 1590 infirmitas
482 1556 527 1590 est
538 1556 661 1599 dogma
672 1557 846 1600 antiquum
861 1556 1012 1590 universae
1022 1554 1082 1590 sub
1093 1556 1180 1593 eoeio

295 1604 450 1641 Ecclefiae
464 1629 475 1646 ,
501 1605 600 1639 etiam
610 1605 772 1639 Romanu
782 1628 790 1637 .

345 1654 426 1689 Hoc
439 1655 544 1699 ipsum
555 1655 591 1688 in
604 1654 753 1698 Epistola
765 1654 807 1689 ad
820 1652 978 1690 Thusciae
998 1655 1031 1690 ἀ
1043 1655 1184 1698 Campa·

296 1706 359 1741 niae
370 1706 552 1749 Episcopos
572 1704 671 1739 tradit
682 1705 817 1739 Sanetus
828 1704 987 1740 Pontifex
1003 1704 1162 1740 Eusebius
1175 1716 1183 1736 2

298 1762 460 1792 Haemicos
469 1765 568 1787 omnes
579 1779 590 1794 ,
616 1761 789 1798 quicumque
812 1759 980 1799 Dergratia
1007 1765 1182 1791 convertun-

299 1814 351 1840 tur
362 1831 374 1847 ,
400 1806 435 1841 ὀ*
443 1811 476 1838 in
485 1803 605 1838 sanae
614 1806 777 1837 Trinitatis
789 1812 903 1838 nomme
916 1807 1066 1838 credentes
1082 1805 1180 1847 bapt}-

298 1849 364 1891 zatl
379 1853 470 1900 sunt,
505 1856 648 1887 Romanae
669 1852 805 1895 Ecclefiae
816 1854 962 1898 Regulam
983 1863 1120 1888 tenentes
1128 1861 1184 1896 per

299 1918 411 1941 manus
422 1903 629 1948 impofitionem
648 1905 827 1938 reconclliari
834 1909 1026 1946 precipimus
1038 1928 1046 1937 .
1075 1903 1118 1937 Et
1130 1914 1183 1947 pa·

299 1956 366 1991 lam
379 1956 482 1991 edicit
494 1953 700 1998 imponendae
708 1963 826 1987 manus
840 1953 1032 1996 qualitatem
1044 1966 1056 1986 .·
1074 1955 1184 1987 Manm

299 2004 488 2048 impositionis
508 2004 730 2038 Sacramentum
755 2014 865 2046 magna
875 2008 1067 2037 veneratione
1086 2010 1184 2038 tenen·

299 2058 372 2091 dum
383 2054 422 2096 est
436 2079 447 2096 ,
469 2056 550 2098 quod
559 2052 598 2087 ab
612 2054 682 2087 aliis
688 2052 793 2096 perfici
813 2053 970 2095 nonpotest
981 2077 992 2093 ,
1019 2051 1076 2095 nifi
1081 2054 1102 2085 ἃ
1107 2050 1184 2096 sum·

300 2111 358 2140 mis
370 2104 579 2142 sacerdotibus
588 2126 602 2144 ,
626 2115 677 2137 nec
687 2110 815 2145 tempore
826 2103 1019 2145 Apostolorum
1046 2102 1084 2136 ab
1093 2104 1165 2137 alm
1174 2126 1185 2142 ‚

300 2158 395 2201 qucim
418 2155 457 2189 ab
467 2154 534 2197 Ppfis
558 2153 698 2197 apostolis
719 2154 824 2198 legitur
842 2151 993 2196 auescitur
1009 2153 1183 2196 peraHum.

302 2206 361 2243 Ab
391 2206 460 2241 alio
481 2205 579 2249 quam
610 2201 651 2238 ab
665 2203 832 2247 Episcopo
853 2204 1083 2246 praesumptum
1104 2203 1184 2238 dicit

300 2258 366 2293 esse
379 2260 499 2291 mltum
512 2279 524 2296 ,
549 2260 658 2294 inane,
684 2264 736 2288 nec
746 2258 825 2289 inter
835 2251 1031 2295 Ecclqfiastt'ca
1053 2265 1186 2296 unquam

257 2342 265 2352 ,
300 2309 495 2342 Sacramenta
504 2305 722 2348 reputandum:
742 2304 826 2352 Quae
837 2313 964 2339 certum
974 2304 1019 2337 est
1033 2304 1069 2337 in
1083 2303 1185 2338 solam

302 2357 606 2393 Confirmationem
625 2354 799 2400 quadrare.
825 2354 938 2388 Etiam
959 2354 1060 2398 prima
1081 2353 1186 2398 Syno-

261 2421 269 2432 ·
306 2408 367 2444 dus
390 2407 612 2447 Arelatensis,
637 2404 772 2440 Siricius
794 2403 952 2439 Pontifex
972 2404 1005 2437 in
1018 2404 1135 2439 litteris
1144 2403 1184 2438 ad

307 2458 465 2494 Ecclesias
487 2457 680 2497 Africanas,
707 2455 742 2489 in
762 2454 910 2498 Epistola
933 2454 975 2489 ad
985 2453 1185 2489 Toletanam

945 2505 980 2538 in
1005 2503 1120 2540 litteris
1146 2504 1187 2538 ad

308 2617 416 2645 cetam
438 2604 690 2649 Metropolitam
713 2604 981 2649 Aquilejensem‚
1008 2605 1089 2639 acin
1105 2604 1189 2638 litte-

309 2659 353 2694 ris
365 2658 406 2692 ad
418 2656 592 2691 Rusticum
606 2654 855 2689 Narbonensem
868 2654 1189 2698 Archi-Episcopum

311 2709 447 2745 Sandius
468 2706 540 2741 Leo
557 2705 723 2750 Magnus,
750 2715 812 2739 nec
836 2716 903 2739 non
918 2706 961 2739 ἀ
971 2706 1028 2739 alii
1052 2703 1190 2739 Pontifi-

311 2771 364 2795 ces
376 2783 387 2799 ,
413 2758 526 2792 Patres
535 2766 573 2789 ac
585 2753 712 2799 Syhodi
731 2754 844 2800 paffim
853 2766 891 2789 ac
902 2755 1008 2800 palam
1019 2755 1190 2790 adfirmant

311 2808 478 2844 haeteticos
498 2807 533 2841 in
545 2806 667 2840 Haeresi
685 2805 888 2848 baptizatos,
913 2805 1062 2850 adeoque
1084 2804 1118 2838 ἀ
1132 2804 1191 2838 ibi-

313 2859 389 2896 dem
401 2857 612 2893 confirmatos
623 2880 635 2896 ,
661 2855 807 2899 imposita
819 2855 854 2888 in
867 2854 1025 2898 Spiritum
1038 2857 1190 2890 Sanctum

315 2920 415 2945 manu
428 2933 438 2949 ‚
464 2908 497 2942 id
510 2907 555 2940 est
566 2931 577 2947 ‚
597 2906 714 2941 iterato
725 2904 995 2941 Confirmationis
1008 2907 1194 2940 Sacramen-

316 2967 374 3001 to,
400 2959 462 2992 effe
486 2957 519 2990 in
535 2955 715 2990 Ecclesiam
735 2954 975 2990 admittendos.
1005 2955 1191 2991 Gennadia-

317 3007 353 3044 ni
379 3008 421 3043 de
454 3006 684 3042 Ecclesiasticis
705 3004 917 3050 dogmatibus
942 3004 1045 3040 libelli
1069 3006 1192 3049 supple·

317 3069 466 3093 mentum
493 3054 608 3091 diserte
629 3056 710 3091 dicit
735 3055 864 3090 adultos
884 3066 993 3089 manus
1020 3054 1194 3098 impositione

320 3107 531 3151 confirmandos
542 3131 553 3148 ‚
573 3108 719 3150 parvulos
730 3115 829 3139 autem
837 3107 1073 3140 communiendos
1087 3117 1194 3139 manus

319 3158 496 3200 impofitione
518 3159 553 3191 Θ
576 3155 749 3200 Chrismate
768 3178 779 3195 ‚
804 3155 839 3190 δε
860 3157 904 3191 fic
925 3154 966 3190 ad
989 3154 1196 3190 Eucharistiae

320 3207 474 3252 mysteria
486 3206 706 3242 admittendos
717 3231 724 3238 .
752 3205 910 3240 Lucidius
932 3207 1044 3250 eloqui
1057 3218 1125 3240 non
1138 3218 1195 3250 po-

322 3267 403 3294 terat
415 3257 659 3291 Sacramentum
675 3256 789 3291 nostrae
799 3256 1076 3291 Confirmationis
1088 3280 1097 3290 .

373 3307 422 3342 At
443 3314 567 3341 certum
580 3305 623 3338 est
636 3306 758 3351 dogma
779 3305 864 3341 istud
887 3306 980 3340 fuisse
990 3308 1114 3350 semper
1123 3306 1199 3341 alie·

323 3357 488 3393 niffimum
508 3356 550 3390 ab
563 3351 704 3389 Ecclesia
726 3356 878 3389 Romana
891 3381 902 3396 ,
927 3357 960 3390 δε
971 3357 1065 3390 omni
1076 3356 1198 3392 Catho-

322 3409 384 3443 lica
401 3432 407 3439 .
435 3406 570 3440 Etenim
590 3404 632 3438 de
646 3403 722 3437 data
742 3414 796 3446 per
805 3405 998 3439 Donatistas
1012 3407 1196 3441 Confirma-

323 3458 417 3495 tione
438 3454 549 3493 scribit
568 3454 701 3491 Saucius
716 3452 859 3498 Optatus
880 3453 1061 3500 Episcopus
1070 3456 1204 3492 Milevi-

893 171 1530 218 Drssenrarro

1237 259 1352 287 tanus:
1379 254 1535 298 Nunqutd
1541 264 1594 289 nos
1607 257 1842 292 vxmmmaemm
1854 261 1945 296 ohan
1964 263 2094 308 vestram
2105 290 2118 308 ‚
2135 267 2165 297 L.
2169 274 2195 304 3.

1238 310 1271 335 ut
1291 304 1395 337 merito
1418 310 1472 338 nor
1492 304 1606 349 muftas
1632 312 1794 341 morituras
1805 311 1988 351 appelletis?
2011 317 2119 364 Quod
2135 301 2297 344 L.2.c.1o4‘·

1238 352 1343 395 ipsum
1352 353 1387 387 in
1397 353 1488 390 libris
1497 365 1613 391 contra
1623 354 1780 392 petiliani
1791 358 1971 395 Donatista
1997 363 2120 402 litteras

1239 402 1587 451 SanausAugustinus
1597 407 1718 451 tradit,
1745 419 1806 444 nec
1826 421 1896 445 non
1912 410 2120 458 incognitus,

1240 453 1354 488 doctus
1367 463 1477 491 tamen
1503 468 1601 499 atque
1613 459 1767 502 antiquus
1776 484 1789 503 ,
1816 458 1945 496 Auctor
1957 461 2033 497 libri
2044 474 2124 498 con·

1239 514 1286 538 tra
1298 504 1509 550 Fulgentium
1521 507 1650 542 Donati
1659 508 1759 543 stam.
1783 511 1950 559 roirca
1971 522 2026 556 pet
2052 525 2121 549 ma-

1238 565 1318 589 num
1330 555 1366 589 in
1377 557 1534 600 Spiritum
1545 558 1696 593 Sanctum
1707 560 1879 597 Haereticis
1888 562 1929 597 ad
1942 562 2121 600 Ecclesiam

1239 606 1446 642 venientibus
1466 609 1649 652 impositam
1675 621 1880 654 nequaquam
1902 612 1944 647 ab
1975 612 2123 648 adductis

1238 656 1383 699 synodis
1408 667 1465 692 aut
1490 657 1640 694 Patribus
1664 660 1861 705 intelligitur
1885 662 2124 699 Confirmatio-

1237 706 1289 740 nis
1313 730 1324 746 ‚
1357 705 1410 740 sed
1446 709 1587 743 omnino
1612 709 1820 745 Poenitentiae
1856 711 2121 749 Sacramentum.

1240 754 1383 791 Abunde
1394 755 1427 791 id
1440 759 1531 802 supra
1543 759 1671 794 ostendi
1683 760 1724 795 ad
1747 760 1920 805 septimum
1944 763 2122 799 Ganonem

1240 807 1893 855 primaeSynodiConstantinopolitanae:
1920 813 2060 849 Ostendi
2087 814 2126 850 δε

1241 858 1344 900 lapsos
1369 859 1403 892 δε
1414 869 1508 893 natos
1520 860 1700 896 Haereticos
1724 862 1820 897 fuiffe
1830 862 1942 898 eadem
1957 861 2126 899 Poeniten·

1239 908 1308 941 ciali
1329 918 1428 942 manu
1452 920 1619 953 receptos,
1651 922 1711 945 nec
1722 921 1831 947 tamen
1854 913 1922 948 sine
1938 913 2125 948 rationibus

1242 958 1388 1000 ipsamin
1397 959 1515 992 aliisin
1527 959 1762 996 Poenitentiam
1775 985 1786 1003 ‚
1814 962 1850 996 in
1863 962 1937 996 aliis
1962 964 1996 997 in
2025 963 2127 1008 Spiri—

1241 1018 1310 1041 tum
1321 1007 1472 1042 Sanstum
1484 1009 1576 1043 fuisse
1586 1011 1781 1052 appellatam
1801 1033 1808 1043 .
1830 1012 1868 1045 ln
1881 1011 1972 1056 lapsis
2001 1012 2124 1047 solum-

1242 1058 1343 1092 modo
1353 1057 1540 1092 restituebat
1550 1061 1700 1093 amissum
1711 1083 1722 1099 ‚
1748 1061 1784 1093 in
1797 1062 1883 1095 natis
1892 1072 2001 1097 autem
2016 1061 2124 1106 primo

1241 1107 1338 1142 dabat
1350 1118 1518 1151 nunquam
1526 1109 1621 1143 antea
1631 1107 1706 1143 habi
1711 1120 1782 1143 turn
1790 1109 1945 1153 Spiritum
1955 1110 2123 1153 Sanctum,

1242 1158 1275 1191 δε
1288 1158 1375 1202 ipsos
1387 1168 1442 1201 per
1452 1159 1547 1193 antea
1559 1158 1644 1193 male
1654 1169 1823 1204 acceptum
1838 1160 2003 1204 Baptisma
2025 1161 2123 1196 facie-

1242 1208 1296 1243 bat
1320 1208 1356 1242 in
1375 1207 1509 1243 Christo
1530 1209 1653 1244 renasci
1675 1209 1734 1244 ista
1758 1221 1896 1251 manus,
1923 1208 2061 1255 ideoque
2081 1221 2126 1246 ex

1244 1258 1332 1293 vario
1354 1259 1417 1293 suae
1427 1260 1627 1303 operationis
1647 1259 1750 1295 modo
1760 1260 1885 1295 variam
1901 1259 2128 1296 nomenclatu-

1242 1320 1311 1343 ram
1334 1308 1456 1343 merito
1466 1309 1677 1344 sortiebatur.

1293 1359 1412 1405 Neque
1421 1360 1517 1395 refert
1528 1382 1541 1400 ,
1564 1358 1654 1404 qued
1665 1360 1799 1397 Sanctus
1808 1360 1996 1406 Cyprianus
2007 1371 2124 1397 manus

1244 1410 1278 1444 iu
1299 1410 1457 1455 Spiritum
1476 1410 1631 1446 Sanstum
1655 1409 1737 1446 dat'ae
1759 1412 1916 1447 virtutem
1941 1410 2056 1458 probet
2080 1423 2127 1446 ex

1244 1471 1345 1494 manu
1366 1459 1560 1504 Apostolica
1581 1459 1617 1493 in
1637 1459 1728 1494 Αᾶἰε
1747 1460 1951 1505 Apostolicis
1971 1461 2100 1497 laudam
2115 1484 2126 1494 .

1246 1509 1382 1544 Etenim
1405 1509 1525 1544 sanetis
1545 1509 1696 1544 Patribus
1718 1511 1899 1546 Ecclesiam
1918 1521 1995 1546 ante
2013 1512 2124 1548 Sacra-

1244 1559 1478 1594 mentariorum
1489 1559 1725 1594 Haereticorum
1736 1560 1810 1595 lites
1832 1560 2029 1596 docentibus
2051 1571 2125 1597 eve-

1246 1609 1296 1642 nit
1309 1609 1344 1641 in
1358 1608 1493 1642 materia
1513 1609 1818 1648 Sacramentorum,
1845 1610 1935 1653 quod
1963 1610 2028 1644 illis
2047 1619 2127 1644 ante

1248 1657 1387 1692 Arianas
1398 1657 1572 1692 discordias
1582 1657 1776 1692 docentibus
1796 1658 1881 1692 circa
1901 1657 2057 1693 Domini·
2067 1669 2131 1694 no·

1250 1707 1306 1742 stri
1320 1707 1393 1752 Jesu
1407 1706 1530 1741 Christi
1543 1717 1673 1742 naturas
1684 1708 1823 1742 evenisse
1834 1707 1943 1743 scribit
1953 1708 1995 1743 ad
2011 1707 2131 1744 Eccle-

1247 1758 1325 1793 siam
1337 1757 1373 1793 N
1375 1757 1661 1793 eoCaesareensem
1671 1757 1805 1792 Sanctus
1815 1757 1950 1792 Basilius
1965 1758 2127 1804 Magnuse

1246 1812 1393 1843 Invoniaes
1403 1809 1500 1843 multa
1509 1832 1520 1849 ,
1545 1819 1614 1851 quae
1625 1809 1671 1841 ad
1679 1807 1808 1843 hominis
1820 1808 2049 1849 conjunmonem
2055 1816 2130 1851 per-

1247 1863 1342 1891 tinent
1354 1881 1365 1898 ,
1389 1869 1458 1900 quae
1468 1859 1514 1891 ad
1522 1861 1707 1893 Divinitans
1719 1864 1864 1892 rationem
1875 1864 1993 1901 antiqui
2016 1860 2129 1892 Patres

1246 1905 1400 1949 referunt.
1426 1907 1519 1954 Qas
1528 1906 1674 1951 ipsorum
1695 1907 1812 1943 liberas
1834 1908 1870 1941 δε
1887 1907 1934 1942 ob
1953 1907 2043 1952 pacis
2063 1907 2130 1942 Ec-

1247 1956 1422 1992 clesiasticae
1430 1958 1538 2000 quieta
1550 1967 1696 2002 tempora
1705 1958 1828 1991 securas
1838 1957 2025 1992 locutiones
2035 1955 2129 1992 Aria-

1249 2007 1284 2041 ni
1295 2005 1504 2051 postmodum
1530 2015 1627 2051 atque
1640 2005 1882 2050 Apollinaristae
1894 2006 1930 2039 in
1940 2004 2069 2041 suorum
2081 2017 2130 2041 et-

1248 2067 1356 2091 rorum
1365 2058 1510 2091 fomenta
1521 2054 1680 2090 detorsere
1691 2079 1699 2087 .
1729 2055 1858 2089 Eodem
1871 2055 1974 2090 modo
1984 2053 2132 2090 hae'cDo·

1248 2107 1330 2140 mini
1345 2105 1431 2148 apud
1441 2105 1597 2141 Sandum
1627 2103 1790 2147 Ioannem
1801 2103 2044 2149 Evangelistam
2064 2116 2133 2140 ver·

1249 2155 1287 2190 ba
1299 2180 1311 2197 ‚
1335 2157 1474 2199 ,Quorum
1494 2152 1667 2198 remissrt‘tis
1685 2162 1829 2197 peccata,
1854 2160 2048 2190 remittuntur
2061 2161 2105 2189 eis
2117 2179 2131 2197 ,

1248 2205 1289 2241 de
1309 2204 1420 2240 sansto
1441 2203 1650 2239 Poenitentiae
1681 2205 1889 2240 Sacramento
1915 2204 2130 2250 accipienda,

1249 2258 1432 2299 frequenter
1441 2253 1611 2299 Baptismo
1621 2254 1762 2299 applicat
1771 2256 1906 2290 Sanctus
1913 2255 2132 2301 Augustinus:

1248 2306 1379 2350 Nempe
1403 2314 1615 2340 communem
1638 2304 1809 2347 utriusque
1829 2305 2029 2341 sacramenti
2055 2306 2132 2340 effe-

1248 2358 1334 2391 stum
1357 2355 1492 2400 potius,
1517 2354 1616 2400 quam
1641 2365 1756 2390 eorum
1782 2354 1942 2398 disparata
1966 2355 2131 2390 elementa

1249 2405 1404 2441 attendit.
1437 2404 1485 2440 lta
1498 2404 1597 2450 igitur
1621 2404 1656 2440 &
1677 2406 1810 2440 sanstus
1832 2405 2040 2449 Cyprianus,
2054 2415 2131 2447 nee

1251 2467 1317 2492 non
1346 2456 1379 2489 &
1401 2455 1459 2490 alii
1479 2454 1613 2500 quidam
1633 2454 1743 2489 Patres
1764 2465 1880 2489 manus
1894 2453 2064 2489 Haeteticis
2088 2453 2134 2488 ad.

1252 2506 1425 2541 Ecclesiam
1438 2503 1645 2540 venientibus
1656 2505 1809 2548 impositae
1829 2505 1865 2539 in
1876 2504 2033 2547 Spiritum
2055 2505 2134 2539 San-

1249 2558 1359 2596 stum,
1385 2553 1462 2590 licet
1488 2554 1728 2590 Poeuitentialis
1745 2555 1784 2589 sit
1797 2578 1810 2595 ‚
1834 2555 1987 2589 virtutem
2009 2565 2051 2590 ex
2062 2553 2133 2599 pari

1250 2605 1511 2641 Confirmatricis
1521 2615 1638 2640 manus
1650 2604 1779 2649 energia
1792 2603 1964 2640 laudarunt
1975 2629 1983 2638 .

1299 2656 1380 2690 Haec
1392 2664 1502 2691 tamen
1517 2655 1679 2700 applicare
1691 2655 1798 2690 nolim
1811 2654 1851 2690 ad
1862 2654 1995 2689 Eusebii
2016 2653 2133 2689 Ponti-

1250 2706 1320 2740 ficis
1335 2706 1543 2742 Decretalem
1567 2704 1773 2750 Epistulam,
1792 2716 1866 2740 vnec
1886 2705 1966 2739 item
1986 2704 2026 2737 ad
2042 2702 2132 2738 Gen-

1252 2757 1341 2790 nadii
1355 2755 1559 2791 Massiliensis
1570 2755 1830 2799 supplementum
1858 2755 1911 2787 seu
1922 2751 2030 2797 potius
2048 2753 2132 2787 anti-

1251 2807 1378 2841 dotum.
1408 2805 1521 2840 Ambo
1534 2804 1752 2839 suntmodicae
1763 2803 1967 2837 auctoritatis.
1994 2801 2132 2837 Etenim

1251 2854 1476 2900 Epistola¹ista
1500 2878 1512 2894 ,
1539 2852 1679 2887 Eusebio
1698 2853 1855 2886 Pontifici
1893 2850 2055 2895 perperam
2077 2851 2132 2886 ad-

1253 2906 1368 2948 scripta
1382 2928 1393 2945 ‚
1418 2904 1464 2938 est
1487 2902 1594 2938 oetavi
1619 2912 1676 2937 aut
1698 2903 1781 2936 noni
1803 2902 1909 2937 saeculi
1936 2903 2049 2943 faetus,
2074 2912 2132 2945 pet

1251 2955 1408 2990 Isidorum
1421 2954 1640 2988 Mercatorem
1653 2962 1797 2996 portatus
1807 2976 1818 2993 ,
1843 2963 1880 2986 ac
1894 2962 1949 2996 per
1959 2951 2132 2988 Riculfum

1253 3004 1548 3050 Moguntinensem
1574 3001 1700 3037 Archi·
1716 3002 1913 3046 Episcopum
1946 3003 2069 3046 sparsus
2092 3002 2133 3037 in

1252 3054 1445 3094 Franciam‚
1470 3050 1656 3087 &omnino
1675 3053 1744 3098 agit
1771 3051 1812 3087 de
1837 3052 1998 3086 distinffis
2024 3053 2132 3086 Sacra-

1254 3105 1391 3140 mentis.
1419 3103 1488 3137 Hic
1501 3102 1673 3138 verborum
1685 3113 1876 3144 contextus,
1902 3105 2132 3145 Manusfflcoque
2196 3112 2211 3122 ⁸

1254 3153 1457 3198 impofitloxac.
1482 3154 1686 3197 nequaquam
1706 3153 1750 3187 est
1771 3153 1912 3198 ejusdem
1933 3151 2132 3187 continuati-
2198 3168 2200 3172 >

1255 3216 1312 3239 vus
1324 3229 1335 3245 ,
1361 3204 1415 3238 sed
1430 3203 1560 3238 diversae
1572 3203 1700 3247 penitus
1714 3203 1852 3238 materiae
1870 3201 1975 3246 palam
1997 3198 2132 3235 inchoa-

1254 3256 1357 3291 tivus.
1385 3255 1429 3288 Et
1455 3252 1496 3287 ab
1522 3265 1590 3288 uno
1611 3252 1651 3287 ad
1665 3253 1755 3288 aliud
1777 3251 1885 3288 subit&
1905 3251 2060 3286 transilire
2083 3249 2130 3284 est

1256 3304 1413 3349 Epistolis
1438 3304 1506 3338 istis
1529 3303 1710 3338 admodum
1734 3302 1893 3338 familiare
1920 3325 1928 3334 .
1963 3298 2131 3334 Gennadii

1257 3353 1463 3389 Maffilienfis
1483 3353 1690 3388 Antidotum
1717 3353 1764 3387 est
1785 3363 1868 3397 opus
1891 3349 2000 3384 nescio
2036 3348 2129 3391 cujus

1259 3405 1372 3445 Galli,
1399 3402 1486 3448 apud
1496 3414 1577 3446 quos
1590 3404 1657 3438 nati
1668 3402 1808 3437 haeretici
1814 3411 1868 3443 pet
1878 3397 2049 3439 Chrisma,
2071 3399 2131 3433 uti·

1260 3466 1324 3500 que
1345 3454 1571 3490 caeremoniale
1589 3477 1602 3494 ,
1623 3452 1722 3489 ‘nullo
1745 3449 1848 3486 modo
1873 3447 2136 3506 Sacramengale,

2050 3509 2087 3534 m
