2340 3762
634 174 700 206 1>ss
737 170 970 203 OCTAVA
1006 155 1250 200 SYNODO
1285 149 1630 200 GENE'RAH.
1877 171 1968 217 335

211 244 275 279 ciis
295 241 335 278 ad
346 244 348 246 ’
359 229 593 285 Episcopatum
625 239 834 284 promotione
871 235 1090 272 contendebat
1153 234 1202 268 aa
1213 237 1356 267 Romana
1370 231 1495 274 Ecclefia
1507 232 1739 279 ‚1noababente
1750 236 1897 270 mai-ulam
1921 250 1975 272 aut
1985 250 2033 274 ru-

164 324 173 332 ,
213 294 375 329 Nicotaus
385 292 541 326 Pontifex
554 316 567 333 ,
592 292 626 325 ὃ(
636 292 675 324 de
689 289 878 323 Gunthario
902 287 1092 322 Coloniensi

208 354 251 378 ac
263 343 490 387 Theutgaudo
502 341 688 382 Trevitenfi
720 339 824 375 Archi
834 357 846 363 -
857 338 1028 381 Episcopis
1052 337 1093 371 ab

41 388 157 428 A.'865.
212 392 284 436 ipro
307 394 466 427 canonice
495 392 624 434 dejectis
654 389 764 425 scribit
790 387 903 423 Abbas
924 388 1059 432 R‘egino
1081 400 1092 420 ι

213 445 398 478 Ludovicum
408 443 585 477 secundum
596 445 806 483 Imperatorem
816 439 929 472 adeunt
944 462 955 477 ,
969 435 1091 480 firiptls

211 504 248 526 ac
269 494 357 527 diffla-
379 492 577 534 vociferantes
591 490 627 533 se
648 491 755 533 injuste
774 490 827 533 effl-
849 487 988 531 depositos
1002 510 1014 527 ,
1039 487 1096 530 ipsi

211 547 387 585 Imperatori
422 545 456 577 δ’
477 547 555 574 omni
570 540 687 583 sanc‘lae
714 538 847 581 Ecclefiae
871 540 1018 579 injuriam
1041 538 1092 581 effe

203 592 347 636 fudam,
371 593 436 626 cum
455 603 608 635 nunquam
628 592 764 625 auditum
777 589 819 630 fit
843 591 896 622 vel
915 587 1031 631 uspiam
1049 590 1093 622 le-

210 642 290 676 uum
309 666 321 682 ‚
362 642 441 685 quod
462 643 540 675 ullus
563 643 811 683 Metropolitanus
829 638 892 681 fine
917 637 1092 681 conscientia

211 695 366 734 Principis
400 693 455 726 vel
467 691 634 734 praefi'ntia
654 693 779 726 aliorum
800 689 1092 731 Metropolitanorum

203 741 300 783 fuerit
309 744 507 786 degradatus.
537 743 630 776 Hinc
642 742 743 787 igitur
760 752 816 785 per
827 750 964 775 omnem
976 737 1091 772 orbem

211 791 407 827 buccinabat
421 790 558 826 Photius
570 792 633 837 fibi
652 802 730 825 cum
751 790 823 829 solo
835 790 992 824 Romano
1016 788 1092 830 Epi·

208 843 309 884 scopo
322 843 386 877 effe
396 843 469 876 lites
478 866 489 882 ‚
516 853 585 875 non
597 853 673 877 cum
684 841 780 875 omni
800 839 922 874 Latina
934 836 1091 873 Christia-

207 892 315 925 nitate
328 915 342 932 ‚
364 891 456 932 cujus
477 891 595 923 melior
604 900 697 931 pars,
723 888 897 922 Gallicana
920 885 1090 926 Ecclesia,

207 941 342 974 sentiret
353 941 462 973 secum
483 938 524 972 de
534 937 766 981 promovendis
777 936 868 971 laicis
881 960 892 975 ‚
916 933 958 969 de
982 934 1090 979 degra-

206 988 326 1024 dandis
352 988 578 1032 Metropolitis
615 999 652 1021 ac
675 986 844 1030 praesertim
867 984 1090 1025 Patriarchis,

207 1039 250 1072 de
263 1038 449 1083 appellandi
476 1051 514 1073 ac
524 1036 686 1073 evocandi
706 1036 794 1079 jure,
821 1048 883 1070 nec
902 1048 972 1071 non
994 1036 1091 1070 omni

207 1088 369 1123 Romano
391 1089 558 1123 Primatu.
585 1089 666 1137 Qo
690 1089 768 1122 fuco
789 1087 918 1121 seduxit
945 1085 1089 1120 multos:

208 1134 389 1173 Praesertim
404 1139 461 1173 ubi
473 1139 663 1173 Ludovicus
674 1137 843 1183 Augustus
855 1161 866 1177 ,
892 1137 927 1170 in
939 1136 1091 1170 Orienta-

206 1188 252 1221 lis
270 1189 404 1233 lmperii
426 1190 516 1232 spem
536 1188 659 1232 abipso
679 1188 939 1230 circumscriptus
952 1210 963 1226 ‚
988 1185 1092 1220 Nico-

205 1237 300 1272 laum
313 1238 513 1274 Pontificem
525 1238 567 1273 ab
587 1239 782 1284 imaginaria
803 1235 1090 1273 Schismaticoxum

206 1288 348 1332 Synodo
358 1287 552 1324 damnatum
559 1291 748 1334 promiserat
758 1288 834 1323 sede
858 1299 897 1323 ac
918 1285 1013 1321 Italia
1038 1298 1090 1321 ex-

205 1337 337 1374 turbare
349 1364 356 1371 .
382 1341 591 1389 Qapropter
606 1339 758 1375 intestina
772 1337 859 1374 bella
883 1349 921 1371 ac
940 1335 1090 1372 domesti-

167 1412 171 1416 -
205 1398 263 1423 cas
275 1390 467 1433 quaestiones
492 1390 533 1426 ad
554 1399 681 1434 tempus
696 1388 838 1423 dormire
849 1389 884 1422 in
897 1386 1007 1422 Gallia
1020 1412 1032 1428 ,
1054 1386 1088 1420 &

206 1449 324 1472 omnes
335 1440 401 1482 ejus
412 1441 594 1484 Episcopos
603 1452 641 1474 ac
656 1438 808 1482 Synodos
820 1436 990 1471 adversum
1002 1448 1090 1471 com—

207 1498 327 1522 munes
346 1491 447 1523 totius
473 1489 645 1522 latinitatis
663 1510 675 1526 ,
701 1486 807 1521 immo
832 1483 1088 1520 Christianitatis

206 1535 318 1571 hostes
328 1539 438 1573 secum
451 1537 610 1583 congredi
621 1536 779 1571 Pontifex
791 1535 899 1571 voluit
923 1547 963 1571 ac
981 1535 1067 1579 juffit
1080 1560 1087 1567 .

205 1587 420 1631 singulariter
454 1587 581 1622 addidit
607 1588 648 1622 ad
673 1587 819 1621 intestini
854 1585 934 1620 belli
971 1585 1088 1619 ducem

204 1636 451 1671 Hincmarum:
481 1639 545 1670 Tua
567 1640 638 1670 vero
650 1659 661 1676 ,
678 1636 782 1678 frater
802 1640 983 1676 limmate,
1007 1633 1089 1666 Cha-

205 1690 286 1719 ritas
297 1687 362 1720 cum
375 1685 539 1730 Epulatam
548 1688 652 1732 legerit
667 1711 678 1728 ‚
703 1699 774 1722 mox
793 1697 826 1721 ut
837 1692 930 1721 etiam
951 1686 997 1719 ad
1013 1686 1086 1718 alios

206 1735 467 1781 Archi-Episcopo:
478 1763 489 1779 ,
516 1744 566 1782 qut·
580 1744 612 1773 in
625 1743 725 1784 Regno
729 1737 845 1783 gloriosi
849 1738 908 1781 filit
928 1736 1014 1779 nostri
1028 1740 1088 1768 Ca-

206 1787 262 1818 roli
291 1786 388 1822 Calvi
408 1793 499 1833 Regis
518 1787 689 1832 consistunt,
713 1785 887 1832 deferatur,
907 1786 1091 1832 fitmmopere'
1107 1814 1108 1818 ,

203 1834 414 1878 agerestudeat
425 1863 435 1879 ,
460 1840 494 1872 (9¹
503 1848 538 1872 ut
548 1841 585 1873 de
596 1840 757 1884 bisfinguli
783 1846 816 1873 in
826 1838 894 1883 suis·
903 1836 1067 1877 dtoecefibw
1075 1858 1087 1874 2

202 1885 267 1917 unc?
289 1894 356 1918 cum
379 1888 586 1931 Sufflaganeis
599 1889 690 1934 ficii,
716 1895 920 1924 convenienter
931 1887 1060 1921 tranare
1073 1910 1083 1925 ,

200 1934 238 1967 (Ὗ
247 1933 330 1968 nobis
343 1948 412 1979 ΨΜ
421 1942 585 1981 repererint
590 1934 746 1984 ficggirere
757 1948 858 1973 curent
870 1963 882 1979 ,
906 1949 954 1973 eos
980 1941 1086 1969 incita-

200 1995 236 2017 re
247 1995 306 2018 non
317 1988 443 2031 negligat
456 2013 463 2020 .
491 1988 556 2023 Rei
567 1990 743 2033 successum
754 1988 854 2024 edicit
866 1989 903 2023 in
916 1986 1084 2022 Remenfis

25 2027 162 2062 [BR-¹⁷·
199 2032 355 2068 Ecclefiae
372 2037 522 2070 Historia.
543 2038 766 2072 Flodoardus:
795 2041 899 2082 ‚Quam
919 2036 1085 2079 Epistolam

203 2087 389 2118 Hincmarus
405 2084 592 2128 suscipiens,
617 2093 650 2120 in
672 2088 837 2120 Corbonaco
862 2088 982 2120 Palatio
1002 2084 1084 2126 confi-

194 2132 285 2173 stent}
296 2138 371 2179 Regi
385 2137 491 2168 Carolo
500 2147 565 2169 cum
582 2137 717 2178 pluribus
728 2134 884 2180 Episcopis
902 2137 1004 2179 relegit
1015 2159 1026 2175 ‚
1051 2135 1085 2168 <²5

196 2191 255 2226 per
265 2185 339 2217 alios
351 2185 612 2228 Archi-Episcopos
624 2212 636 2228 ‚
655 2185 730 2229 ficut
740 2188 885 2219 mandato
906 2193 1062 2227 acceperat
1074 2209 1085 2226 ‚

200 2234 325 2276 dirigere
344 2235 482 2275 studuit.
519 2237 612 2270 Facta
635 2235 702 2271 haec
728 2238 802 2271 sunt
826 2247 916 2271 anno
939 2235 1082 2270 Domini

201 2285 474 2328 ostingentefimo
507 2286 706 2330 sexagesimo
734 2286 872 2330 septimo
897 2310 910 2326 ‚
944 2284 1084 2319 Nicolai

201 2332 375 2368 Pontificis
387 2335 506 2369 ultimo
532 2337 566 2370 &
577 2336 705 2371 decimo
717 2361 728 2377 ‚
755 2336 864 2372 Basilii
878 2335 1011 2370 Caesaris
1024 2335 1082 2378 pri-

202 2394 260 2417 mo
274 2407 282 2415 .
309 2384 403 2419 Hinc
416 2385 506 2419 enim
518 2386 718 2421 Gallicarum
733 2386 945 2430 Synodorum
955 2386 1082 2429 respon—

201 2432 290 2466 soriae
316 2458 328 2475 ‚
366 2445 420 2478 per
440 2436 596 2470 Sanstum
621 2436 802 2471 Artardum
838 2436 1081 2471 Nannetensem

201 2482 402 2526 Episcopum
415 2486 513 2519 miffae
524 2509 536 2526 ,
563 2485 674 2521 litterae
693 2486 862 2521 laudatum
882 2485 1081 2520 Pontificem

200 2543 388 2575 repererunt
400 2544 566 2568 mortuum
579 2559 590 2575 ‚
609 2548 649 2571 ac
659 2537 849 2571 ordinatum
862 2537 1080 2571 successorem

203 2581 391 2617 Adrianum
403 2584 580 2618 secundum
591 2609 598 2616 .
622 2587 718 2621 Hinc
731 2586 809 2620 item
820 2585 907 2620 idem
919 2585 1080 2620 Nicolaus

199 2632 259 2665 fibi
274 2633 345 2667 lites
358 2632 451 2668 hasce
470 2635 593 2668 moveri
606 2637 735 2678 questus
753 2635 798 2669 est
821 2636 838 2669 a
853 2635 1019 2670 Michaele
1044 2635 1078 2670 &

200 2681 321 2717 Basilio
338 2683 605 2726 Imperatoribus:
632 2686 736 2734 Qod
749 2697 867 2729 nempe
880 2686 983 2720 Caesar
994 2685 1078 2720 Basi-

199 2731 264 2768 lius
277 2732 420 2779 Augusti
431 2734 605 2769 Michaelis
617 2748 713 2780 prava
728 2735 861 2782 vestigia
882 2736 971 2782 sequi
981 2747 1076 2781 coge·

201 2790 287 2816 retur
301 2807 309 2816 .

231 2832 405 2869 ·Tertium
425 2833 596 2870 Photianae
617 2837 800 2880 iniquitatis
822 2836 1074 2871 fundamentum

198 2880 332 2916 adducit
344 2883 376 2915 in
390 2884 510 2919 eisdem
527 2886 567 2920 ad
579 2885 770 2922 Gallicanos
794 2887 972 2931 Episcopos
993 2887 1074 2920 litte-

198 2931 337 2965 risidem
349 2932 506 2968 Pontifex
522 2936 701 2971 Nicolaus:
730 2941 828 2970 Graeci
846 2939 911 2970 odio
935 2938 970 2970 eb·
993 2943 1073 2971 invi-

196 2981 251 3014 dia
261 2989 362 3015 contra
374 2994 426 3015 nos
436 2984 614 3021 inflammati
636 2987 717 3021 nobis
739 2986 822 3030 quasi
836 2991 960 3020 crimina
982 2985 1070 3021 haer-e-

192 3029 258 3074 [eos
271 3037 430 3075 impingere
440 3034 596 3067 moliuntur
608 3060 617 3069 .
644 3039 718 3070 odio
729 3038 849 3080 quidem
860 3060 871 3076 ‚
890 3042 963 3078 quia
974 3036 1073 3070 Pham

196 3088 402 3123 promotionem
413 3083 626 3118 damnavimus
638 3110 649 3127 ,
674 3090 786 3130 Ignatii
795 3086 982 3128 dejeHionem
994 3088 1072 3120 nullo

192 3129 381 3174 susclpientes
406 3130 527 3176 adsensu
547 3158 555 3166 .
591 3137 717 3168 Invidia
741 3139 812 3171 vero
831 3161 842 3178 ,
868 3143 940 3179 quia
965 3140 1072 3181 Regem

197 3184 393 3226 Bulgarorum
406 3181 577 3216 michaelem
587 3190 701 3219 nomine
713 3211 725 3226 ,
750 3197 910 3230 cumgente
918 3185 944 3229 s
937 3199 974 3219 ua
986 3211 997 3227 ,
1010 3187 1071 3228 fide

197 3230 445 3275 C'hrtstisuftepta
460 3255 470 3272 ,
496 3234 516 3264 ἁ
536 3234 609 3267 Sede
629 3237 719 3268 Beati
729 3238 813 3269 Petri
833 3235 1010 3275 institutores
1037 3238 1071 3270 (7

195 3282 358 3315 dominam
384 3284 554 3326 expettvtffe
578 3286 780 3318 audiverunt.
809 3286 940 3318 Volentes
961 3287 1071 3327 quippe*

195 3334 374 3374 nimiumque
385 3331 559 3367 anhelantes
570 3331 683 3376 eosdem
694 3336 841 3377 Bulgaros
853 3336 872 3366 ἃ
883 3336 973 3367 Beati
984 3337 1069 3368 Petri

186 3379 553 3426 fiabiefflonesubducere,
574 3382 682 3426 suoque
701 3390 821 3426 imperio
838 3382 896 3426 sub
915 3391 1068 3426 praetextu

194 3429 372 3472 chrtstmnae
382 3434 539 3478 Religionir
551 3435 656 3468 callide?
662 3432 839 3479 subjugare,
865 3434 940 3468 talla
950 3435 987 3468 de
991 3433 1064 3478 san-

1151 296 1224 328 gam
1249 293 1301 316 aut
1324 285 1441 325 aliquid
1461 282 1660 326 hujusmodi,
1670 286 1861 327 predicant,
1889 290 2034 329 quatenus
2094 293 2109 317 ιι

1155 335 1225 375 illi,
1252 337 1352 375 utpote*
1361 333 1460 366 adhuc
1470 339 1502 366 in
1510 333 1570 374 fide
1582 334 1688 370 rudes,
1714 331 1784 374 baecv
1799 338 1954 370 audientes
1979 349 2035 370 nos

1157 383 1240 426 quast
1245 391 1347 417 noxios
1374 386 1408 417 ό·
1419 382 1605 426 diversarum
1616 379 1761 424 haereseon
1768 379 1950 425 squaloribus
1972 385 2035 430 res-

1152 432 1253 477 persor
1277 441 1398 473 vitent,
1425 434 1589 474 declinent,
1616 442 1707 475 atque
1727 433 1851 474 penitus
1877 431 2014 475 deserant
2028 455 2083 485 „ig

1156 484 1256 518 Dixit
1266 482 1408 519 Photius
1420 485 1455 517 in
1466 495 1589 518 errores
1600 483 1706 517 varios
1720 483 1839 526 lapsam
1848 482 2040 519 Romanam.

1158 535 1334 569 Ecclesiam
1346 561 1357 576 ‚
1367 534 1385 567 ὲ
1399 533 1532 568 Christo
1545 532 1698 567 Domino
1710 533 1900 576 apostatasse
1915 556 1926 574 ,
1954 532 2043 567 ided-

1156 596 1219 628 que
1232 584 1414 619 Primatum
1425 584 1491 627 ejus
1504 582 1654 627 migrasse
1664 582 1705 615 ad
1731 582 1904 617 secundam
1929 581 2043 617 Eccle-

1156 635 1204 668 fiae
1225 634 1332 668 sedem
1345 659 1356 675 ‚
1385 646 1455 678 quae
1475 633 1567 677 juxta
1590 631 1983 675 Constantinopolitanos
2006 633 2041 668 ὃς

1156 682 1439 720 chalcedonenses
1460 684 1613 718 Canones
1633 681 1679 716 est
1692 681 1839 715 Ecclesia
1852 682 2043 717 Constanti-

1157 733 1348 777 nopolitana
1361 760 1368 767 .
1395 733 1570 768 Haereseon
1584 734 1814 767 Romanarum
1841 733 1894 766 seu
1919 732 2042 767 calum-

1157 784 1285 817 niarum
1306 784 1491 820 indiculum
1513 784 1599 817 milit
1620 782 1662 816 ad
1688 780 1849 827 Bulgariae
1870 781 2000 826 Regem
2029 807 2045 825 ‚

1156 831 1210 866 hic
1221 833 1263 867 ad
1274 832 1476 869 Pontificem
1488 832 1671 869 Nicolaum
1685 856 1693 868 .

1357 1045 1706 1107 CAPUT
1773 1051 1833 1104 v.

1154 1185 1433 1234 Enumerantur
1455 1202 1503 1231 ac
1518 1184 1732 1251 refutantur
1743 1183 1870 1234 Photiz‘
1894 1190 1932 1234 in
1956 1190 2039 1247 Ro*

1220 1292 1381 1324 manum
1404 1293 1454 1324 ac
1469 1294 1611 1324 omnem
1623 1279 1815 1325 Latinam
1828 1269 1972 1328 'Eccle-

1420 1364 1759 1434 stamcalumniae.

1291 1505 1617 1572 CALUMMA
1666 1509 1902 1556 Panna.

1269 1642 1384 1711 Qod
1397 1645 1602 1714 jejunemus
1622 1646 1661 1693 in
1684 1646 1921 1697 Sabbathis.’

1245 1783 1375 1828 Ntiqua
1386 1783 1455 1818 haec
1477 1785 1562 1818 inter
1578 1785 1734 1820 Latinam
1758 1785 1791 1820 &
1815 1787 1963 1824 Graecam
1973 1739 2072 1825 Ec·-²

1177 1869 1179 1871 ,
1270 1833 1399 1867 cleliam
1412 1833 1545 1878 quaestio
1557 1833 1687 1868 abunde
1707 1835 1852 1879 superins
1874 1837 1915 1872 ad
1942 1839 2064 1884 quin-3

1149 1882 1371 1927 quagefimum
1393 1883 1548 1927 quintum
1567 1883 1771 1921 Trullanum
1795 1886 1967 1923 Ganonem
1988 1885 2073 1926 effi·

1149 1931 1320 1967 elucidata.
1346 1933 1502 1967 Ostendit
1514 1945 1613 1968 unam
1626 1935 1699 1977 Jesu
1711 1935 1834 1972 Christi
1845 1937 2038 1981 Ecclefiam,

1148 1982 1256 2017 varios
1266 1982 1302 2016 in
1315 1982 1409 2016 variis
1420 1981 1573 2026 gentibus
1586 1981 1761 2018 habentem
1777 1988 1882 2021 sacros
1895 1988 1976 2023 titus
1996 2001 2036 2024 ac

1148 2042 1254 2067 mores
1286 2056 1297 2072 ,
1321 2032 1385 2067 esse
1407 2032 1574 2076 Reginam
1598 2034 1808 2069 varietatibus
1830 2036 2035 2073 circumami-

1148 2083 1254 2125 stam,
1280 2082 1420 2124 ideoque
1431 2080 1588 2117 Sabbathi
1598 2081 1759 2126 jejunium
1771 2097 1839 2120 non
1861 2090 1924 2123 effe
1942 2098 2037 2123 com⁴

1147 2142 1313 2176 petentem
1324 2133 1452 2167 causam
1466 2157 1477 2173 ‚
1502 2143 1544 2166 ex
1555 2144 1619 2177 qua
1637 2133 1881 2171 schismaticum
1905 2138 2033 2173 Altaris

1145 2182 1180 2216 δε
1204 2179 1459 2218 Christianitatis
1482 2181 1645 2231 diffidium
1672 2184 1848 2220 seminetur
1868 2212 1876 2220 .
1901 2185 2032 2225 Verum

1146 2244 1208 2267 nos
1218 2231 1281 2267 effe
1294 2232 1563 2276 Apostolicorum
1576 2233 1758 2269 Canonum
1770 2234 1944 2272 damnatos
1956 2250 2032 2282 prae-

1145 2284 1338 2317 varicatores
1348 2308 1358 2324 ‚
1387 2294 1423 2317 ac
1437 2282 1481 2316 ita
1492 2283 1678 2328 legitimam
1691 2286 1779 2319 suam
1794 2287 2030 2330 separationem

1143 2332 1297 2377 imperito
1309 2332 1432 2377 populo
1443 2333 1628 2376 persuadere
1639 2335 1733 2368 omni
1745 2337 1797 2369 via
1821 2346 1960 2372 conatus
1982 2339 2032 2373 est

1143 2382 1305 2423 Photius,
1331 2381 1472 2426 ideoque
1495 2394 1598 2428 nugas
1620 2382 1638 2417 a
1662 2384 1838 2421 miserabili
1861 2386 2026 2423 Trullana

1143 2433 1281 2476 Synodo
1295 2431 1461 2468 inchoatas
1472 2430 1641 2469 adversum
1660 2445 1722 2470 nos
1733 2436 1909 2480 complevit
1922 2463 1929 2471 .

1279 2647 1760 2693 CALUMNIA
1830 2648 1886 2693 ΙΙ.

1127 2782 1250 2850 'Quod
1263 2787 1447 2852 Spiritum
1459 2788 1490 2830 S
1490 2782 1641 2831 ank-ium
1658 2781 1685 2830 ιὶ
1699 2790 1814 2831 Patre
1843 2788 1902 2831 <9⁴
1913 2784 2019 2848 Filio

1319 2918 1321 2920 -
1352 2853 1539 2923 procedere
1557 2857 1768 2920 sentiamus
1781 2888 1795 2900 .

1228 2981 1394 3026 Ntiquum
1406 2983 1549 3019 Nestorii
1570 2979 1814 3024 Haerefiarchae,
1839 2993 1876 3017 ac
1897 2979 2014 3016 Theo·

1251 3032 1356 3067 doreti
1369 3034 1520 3077 Cyrenfis
1531 3032 1711 3077 Episcopi,
1736 3032 1866 3075 nupera
1890 3033 2016 3076 Joanne

1133 3080 1307 3117 Monacho
1318 3082 1626 3125 Hierosolymitano
1650 3081 1890 3124 resuscitatum,
1916 3093 2017 3127 atque

1132 3131 1149 3164 a
1167 3131 1302 3175 septima
1316 3132 1453 3175 Synodo
1473 3131 1664 3167 damnatum
1686 3144 1828 3168 errorem
1848 3133 2014 3177 resumpsit

1133 3179 1293 3223 Photius‚
1319 3182 1437 3225 dequo
1449 3181 1490 3216 ad
1502 3182 1626 3217 amicos
1645 3184 1718 3218 suos
1739 3183 1773 3217 in
1784 3182 1907 3218 Graecia
1930 3194 2008 3218 con-

1132 3230 1262 3265 stitutos
1289 3231 1409 3274 scripsit
1437 3232 1654 3267 Ecclefiarum
1689 3244 1800 3277 pacem
1834 3232 2012 3268 defiderans

2172 1026 2213 1064 ’τ’-
2226 1032 2258 1064 ι’

1132 3280 1317 3316 Barlaamus
1332 3281 1513 3325 Episcopus
1535 3283 1746 3326 Gyracensis.
1776 3286 1920 3326 spanum
1940 3286 2015 3316 §ano
2031 3301 2116 3340 Epist·
2143 3312 2169 3334 ,-

1130 3330 1208 3364 c‘lum
1230 3342 1268 3364 ex
1282 3337 1376 3368 Patre
1396 3332 1529 3374 Filioque
1547 3342 1693 3376 tanquam
1713 3345 1753 3367 ex
1773 3344 1830 3367 uno
1865 3337 2011 3376 principio

1124 3383 1281 3422 procedere
1302 3383 1424 3415 videtur
1446 3381 1572 3425 Ecclefia
1594 3386 1729 3417 Romana
1747 3393 1844 3418 tenere
1871 3388 1940 3414 ante
1963 3384 2010 3412 in·

1127 3432 1261 3466 choatum
1266 3429 1396 3476 schisma
1407 3430 1569 3476 plusquam
1586 3439 1755 3478 quingentis
1778 3437 1866 3467 annis
1877 3454 1885 3462 .
1913 3431 2007 3464 Beate

1884 3483 1961 3513 enim
