2340 3762
641 146 711 176 ne
747 145 995 177 ςευτῙΜΑ
1030 129 1273 175 ὃγκουο
1308 124 1645 173 Geminam.

1895 145 1989 196 233

230 206 428 255 {exhumatus
450 239 462 256 ,
499 215 533 251 &
550 214 682 260 publice
714 214 748 248 in
783 214 859 247 foto
905 213 1114 254 Amastriano
1132 235 1135 269 ,ι
1158 222 1166 228 ·
1181 220 1280 255 puero
1293 210 1457 251 decenni,
1477 210 1603 256 gloriose
1623 214 1777 251 imperium
1798 216 1961 249 Divinitas
1981 229 2061 253 acce-

231 269 363 304 exussus
384 291 395 307 ,
421 267 512 310 quod
543 268 723 301 sauciatum
754 262 984 308 Reliquiarum
1008 264 1116 299 osores
1131 270 1135 310 ‚¹
1175 267 1239 304 pit.
1269 262 1311 295 Et
1325 262 1427 305 ipsum
1458 259 1582 294 Divina
1604 260 1735 295 bonitas
1754 262 1861 299 statim
1882 265 2063 301 honoravit

230 317 440 355 iconoclastae
461 317 565 360 ipsum
586 326 817 350 venerarentur
840 324 876 347 ut
897 323 1057 358 magnum
1081 313 1116 348 in

232 368 528 410 coelispattonum.
554 367 604 401 Ita
626 365 728 407 hodie
745 364 902 408 Hussitae,
929 362 964 396 in
986 365 1115 406 Sansto-

229 429 305 453 rum
331 418 502 462 Reliquias
526 416 817 452 &invocationem
827 414 1118 457 contumacissimi,

229 467 373 503 fetidam
385 467 521 512 Ioannis
530 466 627 500 Huffi
639 466 789 502 braccam
801 474 994 500 venerantur
1008 489 1015 498 .

409 749 755 804 CAPUT
824 751 939 798 XI.

264 921 441 993 &ptime
468 917 652 987 generalis
675 922 707 964 S
693 918 814 983 ynodi
843 917 1084 983 convocatio,

404 1011 528 1074 locus,
563 1025 707 1077 tempus
730 1043 744 1069 ‚
778 1007 947 1074 Pmfts,

572 1092 752 1163 Episcopi
770 1129 785 1149 .,

322 1271 527 1308 Onstantino
539 1269 762 1314 Coptonymo
782 1266 928 1302 successit
948 1265 1035 1301 filius
1049 1265 1122 1301 Leo

350 1332 507 1367 quartus,
531 1320 550 1354 a
562 1331 665 1354 matre
681 1317 907 1353 Chazarorum
929 1317 1033 1362 Regis
1054 1317 1122 1349 filia

230 1372 340 1409 'dinus
350 1371 559 1407 Chazarenus
570 1395 581 1411 ‚
608 1371 644 1404 in
657 1370 783 1412 imperii
794 1368 933 1402 exordio
946 1366 1123 1411 propende-

233 1423 315 1458 rein
326 1421 538 1456 clementiam
563 1420 597 1452 &
606 1418 833 1452 orthodoxam
845 1417 999 1458 pietatem
1013 1415 1119 1455 visus3

232 1479 268 1507 nt
279 1472 316 1506 in
335 1471 402 1505 fine
417 1477 581 1504 venenum
606 1468 640 1500 in
652 1465 752 1500 corde
774 1465 877 1499 latens
888 1463 1013 1498 detexit
1030 1489 1037 1496 .
1065 1466 1124 1496 Me-

232 1522 290 1556 dia
302 1519 489 1555 hebdomada
493 1519 678 1560 jejuniorum
690 1542 700 1557 ,
715 1516 824 1559 inquit
834 1514 875 1549 ad
888 1514 957 1558 ejus
969 1515 1123 1557 quintum

233 1583 274 1606 ac
299 1570 508 1606 noviffimum
528 1579 655 1602 annum
678 1564 904 1609 Theophanes
920 1590 931 1605 ,
958 1574 1056 1601 tentus
1087 1562 1125 1604 est

231 1621 370 1668 Jacobus
393 1623 482 1652 Proto
509 1617 688 1659 spatharius
701 1641 712 1657 ‚
740 1618 775 1651 Θ
797 1618 933 1658 Papias,
959 1616 994 1648 <5
1015 1618 1127 1648 strate·

174 1711 178 1715 .
234 1674 329 1716 gius,
355 1667 614 1711 &Theophanes,
641 1666 824 1700 cubicularii
839 1690 850 1706 ,
876 1667 937 1698 una
960 1676 1026 1699 cum
1049 1666 1123 1698 altis

235 1716 319 1755 ‘viris
331 1717 499 1763 Religiofih
525 1720 556 1751 εό
579 1719 658 1760 quod
679 1722 824 1760 imagines
845 1717 1028 1749 adorarent.
1056 1716 1126 1749 Eos

236 1768 420 1809 verberari,
446 1767 604 1802 serviliter
617 1767 787 1801 detonderi
801 1766 886 1808 juffit
900 1790 910 1806 ,
936 1766 1020 1800 acin
1036 1777 1127 1809 pom-

237 1831 315 1865 pam
337 1818 415 1853 duci
435 1843 443 1851 .
480 1816 588 1851 Addit
611 1817 777 1860 Georgius
797 1815 967 1850 Cedrenus
986 1839 993 1847 .
1024 1816 1127 1848 Media

231 1872 413 1913 jejuniorum
420 1865 592 1911 septimana
603 1871 766 1909 Imperator
778 1867 854 1899 duas
865 1871 1008 1911 imagines
1020 1870 1128 1907 reperit

239 1921 440 1962 inpulvtnart
452 1923 556 1952 uxoris
568 1916 632 1961 ficae
648 1921 747 1951 Irenes
759 1941 771 1957 ‚
797 1927 873 1958 quas
884 1913 949 1950 curn
968 1917 1127 1959 diligenter

238 1971 307 2014 effet
316 1970 528 2012 contemplatus
538 1993 550 2009 ‚
575 1966 854 2011 inquistiionefalla
863 1966 1060 2009 deprehendit
1075 1978 1127 2000 eas

238 2022 261 2054 ἃ
275 2023 377 2061 Papia
401 2021 541 2052 Palatino
551 2041 562 2057 ‚
588 2016 710 2059 altisque
725 2018 872 2051 nonnullis
893 2020 1128 2051 Primiceriorum

234 2068 461 2113 futJJeillatas:
488 2069 575 2115 ,Quos
601 2068 636 2100 δ’
648 2066 823 2099 crucianbus
830 2065 1039 2111 suppliciisque
1053 2080 1130 2113 gra·

239 2120 362 2160 w'fflmis
373 2118 498 2151 addixit
524 2140 531 2149 .
563 2121 600 2149 In
619 2128 740 2150 uxorem
755 2127 866 2160 quoque
885 2121 1001 2151 lrenem
1022 2123 1130 2151 acriter

236 2169 281 2211 'est
291 2168 427 2202 tnvec‘lus
441 2194 451 2209 ,
477 2179 601 2210 eamque
608 2174 692 2200 nauci
705 2167 756 2211 effe
774 2169 873 2207 dixit,
902 2179 968 2210 quae
977 2165 1030 2210 suo
1042 2170 1130 2200 Patri

241 2223 422 2261 Imperatori
442 2217 629 2250 horribilibus
654 2220 688 2252 (9⁹
701 2222 888 2251 intemeratis
908 2218 981 2259 fidei
993 2216 1129 2257 mysteriis

236 2270 368 2312 prolatis
381 2266 534 2312 diversum
542 2268 764 2310 planej'uraffet
778 2292 784 2299 .
811 2265 985 2307 Constanter
1005 2265 1129 2311 adseve-

240 2329 360 2353 rantem
381 2316 441 2361 ase
457 2330 509 2351 eas
524 2330 581 2351 non
601 2319 652 2362 effi*
671 2316 755 2361 visas
767 2319 876 2359 repulit
887 2342 898 2358 ‚
927 2329 1016 2360 neque
1031 2317 1130 2359 postea

241 2379 308 2403 cum
319 2380 354 2402 ea
362 2379 424 2402 rem
434 2367 539 2401 babuit
550 2395 557 2400 .
586 2368 640 2401 Ex
652 2380 719 2412 quo
730 2367 818 2402 vides
832 2368 981 2402 miseram
1003 2369 1130 2402 Irenem

241 2428 311 2454 non
327 2419 384 2452 nisi
397 2418 514 2461 ejerata
526 2417 715 2453 orthodoxa
728 2419 794 2451 fide
804 2418 899 2452 fuisse
911 2418 928 2451 a
942 2418 1132 2455 Constanti-

242 2479 293 2503 no
305 2467 525 2511 Copronymo
537 2468 580 2503 ad
589 2468 649 2501 filii
663 2468 707 2501 sui
724 2469 854 2511 nuptias
865 2469 1034 2503 admissam
1047 2493 1054 2501 .

298 2517 447 2551 Leonem
470 2518 599 2552 seduxit
621 2518 757 2552 Nicetas
778 2518 965 2554 Patriarcha
991 2544 1002 2560 ,
1028 2517 1132 2552 homo
1152 2526 1154 2528 ·

244 2566 382 2603 Sclavus
405 2592 416 2607 ‚
443 2566 596 2601 barbarus
616 2593 627 2608 ,
664 2567 844 2603 Eunuchus
864 2594 875 2609 ‚
910 2568 1132 2603 Constantino

244 2617 411 2651 decollato
424 2615 618 2652 Patriarchae
641 2628 695 2660 per
709 2618 965 2652 Constantinum
990 2619 1132 2653 Caballi-

243 2678 328 2701 num
351 2668 499 2701 suffectus
519 2691 530 2707 ‚
557 2668 598 2701 de
618 2678 685 2712 quo
708 2668 794 2702 idem
815 2668 981 2711 Scriptor:
1007 2673 1132 2702 Nicetes

247 2718 334 2750 titulo
344 2718 432 2751 tenus
447 2716 630 2751 Patrtarcba
642 2724 785 2762 imagines
800 2742 811 2758 ,
837 2730 906 2761 quae
927 2724 961 2752 in
972 2727 1073 2761 parvo
1084 2721 1133 2752 do-

245 2777 314 2799 mus
330 2767 517 2801 Patriarchae
527 2766 638 2810 secreto
648 2777 738 2801 erant
747 2770 857 2810 lapillis
878 2778 994 2803 ornatae
1005 2793 1015 2809 ‚
1039 2769 1109 2812 rafit
1122 2794 1132 2810 ,

248 2814 381 2858 aliasque
392 2823 482 2850 etham
493 2830 593 2852 omnes
599 2827 658 2861 per
667 2827 763 2852 totam
781 2819 971 2853 Paniarchae
995 2821 1112 2853 domum
1124 2845 1132 2854 .

248 2864 365 2908 Pergit
391 2866 580 2902 Cedrenus.
610 2872 669 2902 Leo
687 2893 698 2909 ,
726 2868 745 2902 ὲ
765 2880 854 2912 patre
879 2869 914 2903 ὅς
935 2881 998 2903 avo
1019 2868 1132 2905 doetus

248 2914 393 2957 expilare
405 2916 560 2952 Ecclefias
573 2941 584 2958 ,
609 2930 672 2952 cum
683 2917 788 2961 insano
792 2918 986 2962 pretiosorum
997 2922 1133 2962 lapidum

250 2975 348 2998 amore
371 2975 527 3008 ageretur,
550 2979 683 3001 coronam
692 2971 819 3002 Heraclii
829 2976 862 3002 in
873 2981 983 3013 magna
1003 2973 1066 3003 aede
1086 2973 1132 3004 de-

249 3015 386 3047 dicatam
400 3015 560 3049 adamavit
571 3041 582 3056 ‚
608 3018 797 3061 ablatamque
803 3018 934 3062 gestavit
945 3025 979 3052 in
985 3021 1133 3062 publicum

247 3063 412 3109 progressus
434 3077 443 3105 3
478 3067 547 3099 inde
572 3067 688 3099 domum
713 3069 825 3111 reversi
841 3078 928 3112 caput
951 3070 1134 3104 carbunculis

248 3119 393 3158 graviter
408 3113 444 3154 est
457 3115 591 3155 affec‘lum
603 3141 613 3156 ‚
638 3117 941 3161 vehementiffimaque
953 3131 1017 3154 eum
1028 3121 1134 3162 invafit

245 3163 366 3205 febris:
393 3168 488 3206 Atque
502 3166 669 3198 mimulam
694 3169 996 3210 animaminfeltciter
1015 3171 1135 3204 exhala-

252 3219 325 3254 w't,
343 3213 455 3254 justum
473 3213 787 3259 sacrilegr'tproemium
803 3217 966 3261 consecutus
979 3245 986 3252 .

303 3265 400 3298 Fasta
423 3263 489 3298 haec
513 3266 576 3299 esse
599 3266 709 3298 mense
727 3266 931 3310 Septembri,
956 3269 1136 3304 indistione

254 3322 366 3358 quarta
381 3338 392 3354 ‚
421 3325 511 3348 anno
524 3314 666 3349 Domini
690 3316 972 3361 septingentesimo
991 3321 1137 3365 octuage-

254 3362 337 3396 fimo
348 3362 574 3408 Theophanes
583 3364 751 3405 adfirmat,
778 3365 913 3402 &addit
928 3381 939 3400 .-
970 3370 1136 3403 Sextoidus

253 3412 434 3455 Septembris
458 3418 543 3448 Irene
559 3416 685 3457 pitffima
706 3427 772 3448 cum
789 3415 913 3461 filiosuo
923 3418 1114 3459 Constantino
1127 3443 1138 3460 ‚

354 3462 461 3504 christ.
478 3468 558 3508 Lupi
569 3470 656 3508 oper.
670 3468 748 3499 Tem.
761 3470 815 3501 HL

1181 311 1299 356 insigni
1320 311 1481 346 miraculo
1504 334 1516 351 ,
1542 312 1583 344 de
1615 321 1681 355 quo
1706 310 1793 348 idem
1815 314 1974 356 scriptor.
2004 320 2064 349 Hoc

1179 374 1257 395 anno
1267 368 1299 394 in
1313 363 1408 405 longis
1429 360 1566 394 Thraciae
1588 366 1680 394 muris
1689 363 1815 404 quidam
1838 362 1923 397 homo
1941 365 2065 406 fodiens

1182 420 1301 446 invenit
1313 424 1412 446 arcam
1421 413 1597 453 lapideam,
1624 423 1714 454 quam
1733 411 1797 445 ct'cm
1820 416 2004 457 expurgaffet
2030 417 2066 449 Θ

1181 463 1350 507 revelasset,
1378 468 1480 496 virum
1496 464 1648 502 jacentem
1670 468 1803 503 reperit,
1828 464 1865 497 Θ·
1887 465 2069 507 conglutinas

1180 524 1230 547 tas
1251 525 1330 547 arcae
1350 513 1469 546 litteras
1494 511 1558 544 haec
1584 517 1766 546 continentes
1780 526 1792 546 .·
1820 511 2070 549 CHRISTUS

1182 563 1454 598 NASCETUR
1493 561 1558 595 EX
1594 560 1801 595 VlRGlNE
1839 562 1880 595 M
1897 563 2071 598 ARIA.

1183 613 1355 654 CREDO
1380 613 1431 647 IN
1461 611 1575 647 EUM
1598 636 1604 643 .
1647 610 1740 644 SUB
1768 612 2072 647 CONSTANTI-

1184 665 1254 700 ΝΟ
1293 664 1361 697 ΕΤ
1396 661 1547 697 lRENE
1584 659 2011 704 IMPERATOMBUS,
2037 663 2074 698 Ο

1183 715 1289 762 SOL,
1316 713 1522 748 ITERUM
1550 711 1622 744 ME
1649 708 1838 746 VIDEBIS
1862 736 1869 743 .
1897 713 1975 747 Erat
2000 713 2074 756 quis

1185 766 1345 805 sanctus,
1370 764 1475 807 qualis
1499 762 1666 795 &Beatus
1677 761 1759 804 Job,
1786 760 1977 796 Gentilium
1990 762 2072 798 Pro-

1185 812 1280 857 pheta
1293 828 1303 847 :
1332 813 1500 848 Venturus
1518 811 1608 845 enim
1618 812 1789 846 Dominus
1801 808 1924 855 ubique
1949 811 2074 848 &sem-

1184 875 1239 908 per
1251 862 1366 897 habuit
1377 863 1452 896 suos
1464 862 1567 897 testes.

1234 914 1362 947 Eodem
1376 923 1522 956 tempore
1537 912 1710 948 defunctus
1719 912 1765 948 est
1779 914 1915 949 Nicetas
1927 912 2073 949 Pseudo-

1186 962 1374 998 Patriarcha
1382 988 1394 1005 ,
1420 964 1630 1008 succeffitque
1640 963 1762 999 Paulus
1774 975 1906 1008 quartus
1917 988 1929 1004 ‚
1955 972 2075 1010 genere

1186 1014 1329 1058 Cyprius
1350 1012 1575 1048 Salaminenfis
1597 1037 1608 1061 ,
1635 1025 1746 1048 mente
1765 1014 1973 1049 orthodoxus
1997 1039 2008 1054 ,
2038 1022 2075 1047 at

1184 1064 1310 1100 Leonis
1331 1064 1475 1110 Augusti
1496 1062 1606 1098 adhuc
1628 1063 1697 1096 vivi
1707 1073 1799 1097 metu
1822 1061 1966 1098 haerefim
1979 1063 2078 1097 fimu—

1187 1116 1257 1149 lans
1280 1140 1291 1155 ‚
1328 1112 1556 1149 haereticorum
1580 1113 1820 1149 communione
1847 1113 1980 1149 faedatus
2003 1137 2016 1153 ‚
2040 1112 2077 1146 &

1187 1165 1438 1201 iconoclastiam
1472 1165 1507 1198 in
1531 1166 1586 1199 sua
1612 1164 1861 1200 consecratione
1884 1163 2044 1207 profess'us
2067 1187 2077 1196 .

1187 1215 1280 1250 Hinc
1291 1215 1429 1260 piisfima
1441 1214 1590 1261 Augusta
1604 1215 1696 1250 Irene
1707 1238 1718 1255 ‚
1742 1213 1997 1251 Antecessorum
2008 1214 2079 1248 suo-

1186 1277 1258 1301 rum
1269 1267 1369 1310 impia
1382 1266 1498 1301 Edicta
1512 1266 1652 1300 suaviter
1661 1265 1803 1300 dormire
1813 1265 1918 1300 finens
1928 1289 1940 1306 ‚
1965 1261 2079 1298 orthos

1187 1316 1282 1351 doxae
1292 1316 1465 1362 religionis
1476 1342 1486 1365 ².
1513 1317 1659 1361 itemque
1671 1315 1860 1361 monasticae
1873 1313 2081 1359 profeffionis

1187 1378 1267 1401 mox
1278 1365 1370 1401 dedit
1391 1366 1599 1407 libertatem,
1625 1376 1725 1408 quarn
1751 1375 1870 1408 quarto
1891 1362 1964 1408 post
1988 1374 2081 1397 anno

1188 1416 1360 1458 infigniter
1383 1415 1553 1458 promovit
1580 1438 1593 1454 ,
1619 1414 1857 1458 Episcopatum
1882 1414 2082 1456 deponenS,

1186 1465 1220 1498 ἀ
1245 1464 1445 1508 poenitentiae
1467 1464 1562 1499 caufit
1588 1463 1623 1497 in
1637 1464 1836 1499 monaster-io
1859 1463 1890 1497 se
1902 1462 2082 1504 claudens,

1189 1514 1310 1548 Paulus
1319 1513 1527 1554 patriarcha,
1553 1512 1595 1548 de
1618 1525 1687 1558 quo
1713 1513 1843 1549 laudata
1857 1513 2015 1557 Princeps
2041 1524 2083 1547 ac

1187 1566 1254 1609 ejus
1273 1565 1363 1598 filius
1381 1564 1622 1599 Constantinus
1644 1565 1679 1598 in
1700 1563 1816 1598 litteris
1834 1562 2009 1597 Divalibus
2037 1560 2080 1598 ad

1188 1617 1373 1661 praesentem
1408 1614 1583 1657 Synodum
1608 1638 1616 1644 .
1655 1614 1756 1646 Nobis
1789 1614 2045 1657 interrogantibus
2069 1637 2080 1654 ‚

1189 1665 1390 1711 ,Quamobrem
1407 1663 1461 1697 hoc-
1469 1663 1581 1706 fecerit-
1594 1686 1605 1703 ‚
1631 1662 1782 1706 respondit
1799 1677 1806 1696 ι
1834 1666 1921 1707 ‚Quia
1939 1662 1970 1705 fi
1988 1672 2081 1697 morto

1184 1723 1409 1760 praeoccupatus
1441 1715 1528 1756 fuero
1563 1719 1596 1746 in
1622 1713 1806 1759 Episcopatu
1843 1717 1948 1756 Regiae
1971 1714 2078 1754 urbis,

1189 1767 1352 1801 anathema
1376 1764 1486 1797 habebo
1506 1766 1527 1796 a
1550 1773 1614 1798 tota
1636 1763 1791 1796 Catholica
1815 1761 1943 1801 Ecclesia
1966 1787 1977 1803 ,
2004 1764 2084 1805 queat

1190 1819 1314 1851 ducitin
1325 1814 1466 1849 tenebras
1483 1821 1662 1849 exteriores.
1689 1813 1846 1847 Haerefim
1869 1813 2081 1848 Iconoclasti-

1190 1879 1260 1903 cam
1276 1892 1287 1908 ,
1312 1865 1378 1909 ejus
1392 1866 1562 1910 profanam
1573 1864 1768 1908 Synodum,
1795 1866 1885 1899 suam
1911 1876 1988 1898 cum
2012 1864 2081 1898 illis

1190 1918 1464 1953 communionem
1490 1927 1527 1950 ac
1542 1915 1773 1959 Episcopatum
1786 1915 1963 1950 detestatus
1977 1939 1988 1955 ,
2014 1926 2080 1958 poeq

1192 1970 1300 2003 nitens
1318 1992 1331 2010 ,
1359 1967 1543 2001 lamentans
1571 1989 1583 2006 ,
1616 1965 1658 1999 de
1694 1965 1821 1999 Divina
1859 1965 2081 2000 misericordia

1193 2021 1323 2063 speransv
1340 2016 1387 2051 est
1406 2016 1458 2060 pie
1487 2016 1659 2050 defunctus
1682 2015 1717 2049 in
1741 2013 1808 2049 haec
1832 2014 2002 2048 n0visslma
2026 2038 2037 2055 ,
2064 2015 2084 2049 ὲ

1190 2066 1402 2112 Theophane
1413 2065 1544 2102 laudata
1556 2089 1569 2108 ‚
1595 2065 1690 2100 verba
1704 2079 1715 2099 .·
1743 2064 1948 2107 Nisisynodus
1961 2071 2081 2099 univer⁴

1188 2118 1264 2163 falls
1273 2118 1331 2162 fiat
1350 2143 1361 2158 ‚
1387 2119 1533 2157 &erton
1558 2122 1612 2159 qut
1626 2115 1664 2157 est
1684 2122 1717 2149 in
1740 2116 1837 2149 medio
1862 2114 1975 2157 vestri,
2000 2122 2087 2158 corri-¹

1188 2179 1282 2214 gatur
1292 2193 1303 2210 ‚
1326 2165 1454 2211 salutem
1465 2179 1522 2201 non
1536 2166 1688 2200 habebitis
1702 2191 1709 2198 .

1242 2219 1307 2254 His
1319 2218 1422 2253 territi
1447 2217 1482 2252 ἀ
1503 2217 1649 2252 concuffi
1669 2218 1756 2252 fuere
1780 2215 1923 2262 Augusti
1951 2216 2085 2252 Princi-

1194 2281 1269 2313 pes,
1298 2269 1437 2303 Senatus
1458 2291 1469 2307 ,
1495 2280 1533 2303 ac
1554 2268 1717 2311 populus,
1743 2278 1948 2312 pergantque
1971 2267 2022 2300 illi
2046 2267 2082 2301 in

1195 2319 1312 2354 litteris
1334 2317 1510 2354 Divalibus
1536 2344 1543 2350 .
1583 2316 1766 2360 Accersentes
1796 2324 1878 2350 viros
1905 2323 2083 2361 negotiorum

1196 2368 1450 2412 Ecclefiasticorum
1462 2377 1599 2410 expertos
1609 2391 1620 2407 ‚
1642 2369 1676 2402 Θ
1687 2367 1838 2409 christum
1850 2372 1945 2401 Deum
1957 2367 2085 2407 nostrum

1195 2427 1387 2459 invocantes,
1414 2417 1602 2460 &confiltum
1612 2429 1678 2452 cum
1690 2424 1733 2452 eis
1737 2417 1889 2460 facientes
1903 2442 1914 2458 ,
1945 2417 2084 2461 quisnam

1195 2472 1302 2515 dignus
1313 2468 1511 2514 effetproveht
1532 2470 1577 2501 ad
1593 2470 1753 2502 sacerdotii
1777 2468 1954 2502 cathedram
1982 2471 2086 2512 Regias

1194 2526 1359 2560 civitatis,
1383 2521 1515 2553 &unius
1527 2518 1631 2560 consilii
1642 2518 1775 2552 omnibus
1794 2517 1889 2560 faelis
1912 2524 1945 2551 in
1972 2517 2085 2551 Thara-

1188 2570 1264 2614 fium
1290 2595 1300 2615 2
1326 2571 1434 2604 virum
1459 2568 1696 2604 nobiliffimum
1721 2591 1733 2608 ‚
1760 2569 1899 2612 primum
1922 2569 1940 2603 ὲ
1960 2567 2086 2603 Princi-

1198 2632 1274 2664 pum
1288 2621 1434 2660 secretis,
1460 2619 1479 2653 ὲ
1492 2619 1597 2654 Paulo
1610 2619 1800 2656 patriarcha
1822 2619 1866 2653 ad·
1883 2619 2083 2662 dignitatem

1195 2671 1280 2705 hanc
1306 2670 1450 2705 &fidem
1462 2670 1719 2714 reparandamin
1742 2669 1893 2704 extremis
1917 2679 2086 2702 commen-

1196 2722 1309 2755 datum
1329 2746 1336 2758 ,
1362 2719 1475 2755 faed'am
1491 2744 1503 2761 ,
1530 2720 1702 2755 laceratam
1715 2744 1726 2761 ‚
1754 2719 1772 2752 ὲ
1795 2719 1876 2754 Sede
1890 2717 2083 2762 Apostolica

1195 2771 1503 2806 anathematizatam
1529 2771 1704 2804 Ecclesiam
1730 2770 1785 2803 ille
1806 2794 1818 2810 ,
1844 2768 1958 2812 utpote
1979 2766 2084 2803 homo

1196 2823 1298 2856 laicus
1323 2822 1357 2855 δε
1380 2832 1484 2856 rerum
1499 2820 1795 2855 Ecclefiasticarum
1821 2830 1888 2852 non
1912 2817 2007 2863 plene
2030 2830 2086 2862 pe·

1196 2874 1277 2907 ritus
1304 2896 1316 2913 ‚
1341 2872 1500 2907 recusavit
1525 2869 1697 2905 admittere
1725 2882 1731 2901 :
1771 2868 1913 2902 Admisit
1947 2868 2082 2903 tandem

1197 2924 1355 2962 emistus,
1381 2933 1419 2956 ac
1429 2921 1635 2967 generalem,
1664 2920 1717 2954 cui
1746 2918 1920 2953 Romanus
1943 2919 2088 2962 praefide·

1198 2985 1246 3007 ret
1275 2973 1477 3018 Episcopus,
1502 2969 1674 3015 Synodum
1695 2967 1883 3013 stipulatus.
1913 2969 1992 3013 Ejus
2012 2979 2085 3014 ger-

1198 3022 1291 3056 mane
1302 3023 1527 3056 orthodoxum
1545 3031 1642 3063 atque
1655 3020 1884 3063 Episcopalem
1900 3021 2083 3054 sermonem

1203 3073 1461 3116 Apologeticum
1484 3071 1525 3105 ad
1537 3069 1672 3103 omnem
1696 3070 1810 3115 Regiae
1828 3068 1972 3104 civitatis
1984 3072 2083 3113 p'opu-

1199 3125 1265 3156 lum
1287 3121 1439 3165 adjunxit
1461 3122 1521 3154 suae
1535 3120 1575 3154 ad
1590 3121 1752 3164 joannem
1771 3122 1920 3155 odiavum
1942 3120 2083 3154 Pontifi-

1199 3184 1271 3206 cem
1294 3172 1328 3204 in
1351 3171 1524 3215 Synodum
1535 3171 1720 3213 praesentem
1748 3170 1927 3214 praefationi
1947 3169 2083 3205 Anasta-

1199 3223 1257 3256 ssus
1279 3220 1552 3254 Bibliothecarius
1570 3244 1581 3261 ,
1607 3221 1640 3255 &
1666 3222 1786 3266 pergit,
1814 3225 1860 3253 Et
1881 3220 2008 3255 libenter
2032 3232 2082 3253 au-

1199 3274 1317 3305 dierunt
1326 3282 1426 3304 omnes
1439 3282 1506 3313 quae
1516 3268 1677 3314 dillasunt
1691 3297 1701 3312 ,
1728 3269 1895 3314 consensum
1910 3272 2080 3313 praebentes

1200 3331 1232 3355 ut
1256 3320 1339 3363 fieret
1370 3322 1525 3360 synodus.
1564 3320 1748 3368 Qomodd
1777 3320 1885 3355 statim
1908 3319 2083 3355 restituerit

1202 3374 1300 3406 sacras
1322 3371 1481 3415 imagines
1500 3394 1511 3409 ‚
1535 3370 1687 3405 Basilicas
1708 3396 1719 3413 ‚
1746 3371 1939 3406 monasteria
1953 3391 1964 3407 ,
1990 3366 2082 3401 cleri-

1200 3432 1314 3457 corum
1324 3420 1553 3466 disciplinam,
1580 3419 1686 3456 immo
1712 3422 1747 3456 δε
1775 3431 1899 3456 novum
1921 3416 2084 3453 monaste-

1601 3471 1636 3504 G
1660 3482 1685 3516 g
1944 3465 2031 3503 rium
