2340 3762
613 172 1018 224 Scu02115,-E·r
1052 164 1245 211 Nous
1280 171 1665 210 tumtunm-‚v
1712 189 1717 194 ·>
1883 169 1981 228 1'87

232 255 324 293 lucri,
348 260 381 285 ut
390 252 508 295 aliquid
516 252 554 285 ab
570 263 600 285 eo
611 252 742 295 absoluto
756 256 903 293 accipiat,
930 258 1036 286 contra
1052 246 1101 295 sa·
1175 257 1289 285 eorum
1311 257 1485 291 proventus
1504 247 1559 281 fibi
1571 246 1775 284 retinebant.
1802 248 1845 284 Et
1866 247 1955 282 hunc
1976 249 2059 298 abu-l

233 314 299 338 oras
323 303 438 347 regulas
458 307 682 336 excommunicet
703 327 714 342 ‚
738 302 901 335 inhibemus
923 299 937 331 .’
970 301 1021 333 De
1043 298 1110 332 illo.v
1172 298 1245 332 sum
1259 297 1436 331 damnatio
1451 299 1565 341 quinta
1579 298 1633 332 sua
1648 298 1800 332 Romana
1817 300 1954 341 Synodo
1976 297 2055 332 Gre-

231 352 321 397 euim
331 352 460 386 excelsu
473 363 601 387 notarat
610 351 772 394 dejectum
792 364 833 386 ex
845 350 961 385 eodem
976 349 1105 393 Episco-
1172 348 1284 392 gorius
1308 348 1482 390 septimus:
1514 348 1709 382 Interd18um
1727 349 1915 383 sacerdotale
1935 349 2055 390 officium

233 410 310 445 patu
330 403 548 438 Hincmarum
575 413 727 446 nepotem
754 427 762 434 .
796 402 839 439 Et
863 399 905 434 ad
934 399 1105 435 Albertum
1168 404 1267 439 pretio
1276 403 1494 433 tntervenieme
1505 397 1603 432 mallus
1617 397 1781 440 Episcopus
1793 397 1932 438 restituar.
1961 399 2056 442 ,Quod

234 452 456 496 Episcopum,
484 453 575 486 suurn
599 463 698 496 nuper
719 451 913 494 discipulum
940 450 974 484 &
994 460 1105 484 mona·
1165 446 1321 488 fifecerit‚
1349 447 1429 488 officii
1434 445 1484 489 fili
1488 450 1652 490 periculum
1657 446 1784 491 subeat.
1814 449 1856 482 Et
1881 450 1921 481 de
1949 447 2066 490 Synow

233 500 335 537 chum
348 527 358 543 ‚
386 502 494 537 scribit
516 502 651 537 sanstus
673 503 785 537 Petrus
801 500 971 535 Damiani.
1000 504 1087 533 Cave
1098 522 1109 539 ‚
1173 498 1216 532 do
1229 497 1488 540 Rothomagenfi
1504 522 1514 536 ‚
1541 498 1621 530 facia
1637 510 1691 541 per
1703 498 1918 532 Theodinum
1938 498 1980 532 -&
1997 496 2058 530 A!-

234 563 273 585 ne
294 564 373 586 more
393 553 589 599 quorumdam
607 577 618 591 ,
647 564 705 586 non
727 554 825 585 dicam
849 550 1000 590 Pastorum
1019 574 1030 589 ,
1051 548 1112 593 sed
1173 547 1298 582 bertum
1314 572 1324 587 ‚
1350 547 1532 582 Alexandri
1555 547 1641 580 tertii
1667 549 1809 591 Legatos
1837 546 2029 584 cardinales
2043 571 2056 588 ‚

228 601 390 644 fabrorum
413 626 424 642 ,
459 608 594 644 culquam
612 603 799 636 sacerdotum
815 599 870 644 sub
889 605 1022 641 pecunlae
1053 598 1109 643 spe
1173 597 1282 632 scribit
1295 597 1445 642 Rogerus
1456 595 1679 630 Hovedenfis.
1708 601 1755 630 De
1778 605 1865 631 novis
1888 598 1972 631 libris
1988 601 2058 630 Ex·
2074 593 2101 621 F·
2127 599 2191 629 531·

237 654 251 694 (
274 653 359 686 deest
381 651 448 686 haec
473 653 589 686 vocula
615 654 627 694 )
662 654 782 686 tltulum
822 650 980 692 cujuslibet
1009 659 1108 684 reatus
1171 653 1469 686 communicatorum,
1495 647 1577 681 &de
1587 647 1793 690 quadraginta
1818 648 1923 681 &0670
1943 648 2028 680 libris
2045 672 2057 689 ,

233 710 366 744 opponas
386 727 397 743 ,
433 713 556 746 eumque
587 703 628 738 ab
649 700 900 742 administratione
923 697 1108 746 suspendens
1170 706 1299 741 quaepro
1308 696 1488 739 absolutione
1501 702 1661 740 exiguntur
1675 720 1685 735 ,
1712 696 1793 728 nibil
1807 697 1974 738 persedum
1998 697 2058 738 est,

230 751 473 794 postmodumper
484 758 593 787 terrem·
601 754 674 786 lucri
685 753 864 786 commodum
883 756 917 783 in
932 748 985 792 sui
991 751 1106 793 gradus
1172 753 1242 789 quia
1269 746 1409 789 Episcopl
1432 747 1633 780 Normandiae
1671 747 1748 781 illud
1766 747 1913 779 decretum
1932 753 2057 788 recipere

227 804 305 843 jura
324 801 460 843 restituas
474 827 482 834 .
517 806 602 837 Giezi
624 804 729 844 nempe*
747 811 876 835 meretur
895 801 1033 841 lepram,
1055 805 1108 841 qul
1173 799 1324 831 noluerunt
1342 821 1350 828 .
1381 797 1543 830 Eumdem
1580 797 1746 831 excessum
1784 796 1818 830 in
1860 797 2059 840 Anglicanis
2076 785 2111 815 Α·
2133 791 2217 818 1²37·

60 869 146 909 Epist.
155 881 166 901 Χ
171 881 199 907 4·
229 850 318 895 suam
328 850 1012 894 mutarpropecuniaecupiditatesententiam.
1042 848 1109 880 Ad·
1173 846 1351 888 Matthaeus
1376 845 1467 879 Paris
1492 870 1503 886 ‚
1529 857 1568 880 ac
1595 846 1732 880 similem
1759 847 1795 880 in
1824 844 2060 880 Leodiensibus

233 902 344 945 jungit
369 901 402 934 &
428 902 531 934 alium
544 899 696 934 abusum,
723 903 789 943 ,Qui
809 899 985 932 commodum
1009 898 1086 930 tollit
1098 905 1107 936 ,·
1176 895 1453 930 Archi-Diaconis
1465 896 1646 940 graviffime
1665 894 1870 943 reprehendit
1902 894 2061 930 Gerardus

235 948 469 990 &ministerium
480 950 601 991 reddit,
626 960 723 983 exere
734 955 819 986 petre
845 949 1000 981 vibratum
1021 953 1053 979 in
1065 948 1110 979 51-
1176 945 1357 989 Episcopus
1377 945 1640 986 Cameracensis,
1665 947 1758 989 cujus
1784 948 1856 980 vere
1888 946 2065 990 Episcopa-

234 1010 347 1033 mamm
363 996 508 1043 spiculum
524 1010 583 1035 non
606 1000 726 1033 evadit.
760 998 910 1049 Qidam
931 997 1108 1042 Episcopi,
1176 997 1239 1030 lem
1258 996 1440 1039 Epistolam
1453 996 1526 1030 vide
1537 996 1622 1039 apud
1645 996 1831 1033 Baldricum
1855 996 2061 1033 Noviomen·
2081 1015 2236 1051 [ape-23,

235 1050 284 1083 uti
296 1049 330 1082 in
341 1050 405 1084 alia
415 1049 562 1094 deplorat
576 1048 746 1093 Epistola,
774 1049 929 1091 suspensis
954 1059 1009 1081 aut
1021 1045 1100 1088 dejev
1180 1048 1242 1079 sem
1266 1046 1465 1090 Episcopum
1487 1046 1521 1079 in
1536 1044 1709 1080 Chronico
1731 1046 1877 1081 Ecclefiae
1911 1047 2061 1080 Camera-

227 1097 295 1134 *stis
305 1098 628 1137 Clericisreddebant
638 1100 787 1134 officium
812 1107 867 1133 aut
886 1099 1045 1145 gradum,
1072 1098 1106 1134 ἃς
1181 1097 1295 1133 censis.

64 479 218 520 L4.1-:piss.

65 530 93 552 1.

693 1501 1372 1633 CANON
1495 1501 1683 1589 V..

338 1772 548 1818 Eccatum
577 1768 633 1819 ad
669 1784 854 1818 mortem
881 1769 942 1817 est
962 1805 976 1829 ,
1012 1767 1191 1836 quando
1219 1767 1399 1834 quidem
1426 1785 1658 1835 peccantes
1694 1772 1932 1839 incorrepti
1967 1789 2067 1839 per-

283 1901 291 1904 ·
372 1838 518 1888 sistunt
542 1875 556 1886 .
604 1842 703 1887 Hoc
728 1837 834 1887 vero
864 1837 1051 1888 deterius
1075 1838 1136 1888 est
1161 1874 1175 1898 ,
1223 1838 1253 1886 s1
1301 1854 1346 1887 et
1393 1855 1642 1902 arroganter
1692 1842 1798 1891 elati
1840 1840 2065 1905 insurgunt

234 1908 439 1966 adversus
463 1911 671 1977 pietatem
705 1923 750 1958 et
773 1910 1006 1959 veritatem
1030 1930 1045 1969 3
1082 1925 1128 1958 et
1156 1908 1428 1977 praeferentes
1457 1927 1705 1960 mammona
1732 1914 1819 1961 Dei
1859 1911 2067 1963 obedien-

233 1982 308 2030 tiae
328 2016 343 2040 ,
379 1979 622 2029 nullatenus
646 1978 910 2042 regularibus
934 1985 1026 2046 ejus
1053 1981 1282 2048 praeceptis
1311 1978 1566 2028 intendunt.
1610 1987 1659 2030 In
1687 1982 1754 2030 his
1783 2000 1871 2031 non
1893 1982 1952 2031 est
1967 1987 2067 2031 Do-

233 2051 380 2098 minus
406 2052 554 2108 Deus,
591 2049 668 2096 nist
694 2050 914 2097 humiliati
945 2049 971 2097 ὲ
998 2052 1176 2117 proprio
1207 2049 1455 2116 resipuerint
1483 2049 1660 2100 fortasse
1690 2051 1852 2101 exceffu
1869 2090 1881 2102 .
1917 2056 2064 2120 Opor-

234 2133 304 2168 tet
327 2119 444 2167 enim
469 2135 540 2168 eos
566 2119 705 2181 magis
733 2117 935 2168 accedere
962 2117 1018 2167 ad
1045 2123 1191 2169 Deum
1212 2155 1225 2179 ‚
1279 2135 1323 2168 et
1351 2137 1451 2168 cum
1475 2123 1673 2170 contrito*
1696 2121 1828 2171 corde
1862 2122 2070 2172 remissio-

234 2206 337 2239 nem
365 2189 491 2254 huJ‘us
514 2190 687 2256 peccati
724 2204 768 2237 et
798 2187 1111 2252 indulgentiam
1138 2205 1311 2258 petere,
1348 2206 1393 2238 et
1417 2200 1506 2240 non
1532 2192 1707 2254 gloriari
1732 2195 1779 2241 in
1805 2194 1966 2242 illicito
1990 2191 2070 2241 da·-

232 2274 289 2308 το
318 2295 330 2306 .
354 2264 494 2326 Juxta
521 2261 634 2307 enim
660 2257 720 2307 est
743 2262 961 2309 Dominus
991 2261 1058 2309 his
1081 2296 1095 2321 ‚
1131 2262 1209 2328 qui
1237 2260 1446 2310 tribulato
1470 2260 1566 2311 sunt
1593 2260 1752 2313 corde.
1789 2267 1877 2313 Eos
1919 2266 2066 2326 igiturj

236 2330 316 2394 qui
341 2329 581 2391 gloriantur
608 2327 648 2377 se
670 2346 746 2397 per
770 2328 992 2379 dationem
1018 2331 1110 2379 auri
1134 2329 1358 2382 ordinatos
1384 2333 1429 2379 in
1453 2333 1643 2381 Ecclefia
1666 2368 1680 2393 ‚
1718 2348 1761 2382 et
1792 2335 1838 2382 in
1867 2334 1948 2382 hac
1976 2342 2071 2382 ma-'

236 2399 356 2461 ligna
380 2397 688 2448 consuetudine
711 2435 725 2459 ,
760 2417 856 2465 quae
879 2401 1039 2449 alienat
1065 2398 1091 2449 a
1115 2405 1218 2450 Deo
1251 2416 1296 2450 et
1322 2403 1443 2450 omni
1473 2403 1723 2452 Sacerdotio
1740 2441 1753 2464 ,
1790 2402 1984 2472 sperant,
2021 2422 2067 2453 et

236 2485 292 2516 ex
312 2468 393 2516 hoc
419 2467 662 2535 impudenti
697 2468 807 2519 facie
841 2486 886 2519 et
911 2488 996 2520 non
1011 2486 1168 2538 operto
1191 2489 1267 2520 ore
1281 2470 1652 2539 exprobrabilibus
1677 2473 1821 2523 verbis
1848 2492 1949 2534 eos,
1985 2477 2066 2540 qui

236 2536 298 2584 ob
339 2539 546 2587 virtutem
582 2541 682 2588 vitae
717 2537 743 2587 a
781 2544 933 2590 San&o
959 2543 1119 2609 Spiritu
1140 2542 1264 2591 electi
1299 2557 1344 2591 et
1380 2542 1601 2594 constituti
1638 2544 1724 2593 fine
1759 2543 1937 2594 datione
1971 2547 2064 2594 auri

236 2605 335 2654 sunt
356 2643 369 2668 ‚
405 2608 701 2667 inhonorant,
742 2610 890 2676 primo
926 2610 1105 2677 quidem
1141 2610 1414 2661 noviffimum
1451 2614 1631 2676 gradum
1667 2614 1729 2665 sui
1766 2615 1929 2666 ordinis
1965 2613 2064 2670 defi.

236 2678 408 2725 nimus:
446 2676 579 2745 Qod
602 2678 634 2727 fi
661 2678 973 2746 permanserint
997 2718 1010 2742 ‚
1047 2699 1125 2748 per
1147 2685 1398 2750 epitimium
1424 2687 1720 2749 corrigantur.
1757 2689 1799 2734 Si
1829 2685 1934 2735 vero
1962 2686 2063 2750 quis

237 2747 439 2796 claruerit
469 2747 592 2816 super
613 2748 934 2800 consecratione
960 2751 1044 2800 hoc
1073 2752 1311 2820 aliquando
1334 2753 1496 2804 faciens
1519 2792 1534 2817 ‚
1569 2756 1780 2819 efficiatur
1829 2754 2063 2806 secundum

237 2824 532 2890 Apostolicam
559 2826 774 2889 regulam,
814 2845 910 2896 quae
934 2828 1079 2879 dicit:
1119 2824 1181 2874 Si
1209 2823 1323 2897 quis
1354 2823 1638 2898 Episcopus
1671 2840 1764 2898 per
1796 2825 2063 2895 pecuniam

240 2893 536 2962 a‘tgnitatem
572 2893 701 2946 hanc
738 2899 1003 2950 obtenuerit
1020 2939 1038 2961 ,
1075 2895 1165 2948 vel
1195 2896 1459 2976 Presbyter
1495 2915 1590 2952 aut
1624 2901 1889 2952 Diaconus
1925 2939 1943 2961 ,
1973 2897 2063 2950 de..

232 2979 458 3038 ponatur
493 2961 566 3023 e&
599 2967 708 3040 ipse
759 2963 822 3023 Εἴ
853 2973 941 3046 qui
976 2992 1086 3024 eum
1128 2969 1453 3043 consecravit
1485 3014 1504 3036 ,
1554 2965 1619 3026 Εἴ
1648 2972 1922 3025 excidatur
1958 2992 2062 3033 om-v

170 3062 173 3065 ·
238 3038 449 3091 nimodis
478 3043 630 3094 etiam
657 3041 690 3094 d
721 3048 1051 3099 communione
1079 3089 1096 3109 ,
1135 3041 1547 3119 quemadmodum
1585 3049 1755 3099 Simon
1795 3047 1998 3120 Magus
2020 3046 2055 3099 d

237 3132 314 3168 me
354 3119 503 3166 Petro
537 3157 546 3168 .
585 3125 789 3176 Similiter
821 3145 866 3177 et
892 3134 1011 3193 juxta
1034 3127 1262 3178 secundam
1302 3131 1495 3191 regulam
1533 3129 1768 3180 sanotorum
1810 3135 2056 3192 Patrum-.‚

238 3201 318 3269 qui
340 3195 454 3263 apud
480 3197 1120 3267 Chalcedonem·convenerunt
1145 3242 1159 3266 ,
1195 3221 1291 3272 quae
1315 3208 1377 3254 ait
1428 3218 1443 3248 .·
1505 3201 1544 3250 S
1546 3200 1567 3250 i
1615 3216 1728 3274 quts
1777 3200 2058 3274 Episcopus

235 3280 327 3342 per
359 3270 600 3340 pecunias
636 3268 1052 3340 consecrationem
1076 3273 1267 3347 fecerit
1296 3314 1313 3335 ,
1359 3263 1424 3324 Εἴ
1451 3270 1558 3345 sub
1599 3275 1765 3346 precio
1812 3276 2059 3346 redegertt‘

231 3342 462 3411 gratiam
491 3383 508 3402 ,
554 3358 651 3414 que
688 3360 780 3394 non
815 3344 973 3418 potest-
1006 3346 1205 3408 vendi,
1250 3345 1662 3422 ordinaverttque
1692 3364 1785 3420 per
1815 3351 2058 3421 pecunius

246 3411 551 3490 Epismpum
589 3457 605 3478 ³
646 3416 736 3468 vel
771 3422 813 3470 C
816 3417 1179 3494 horepiscopum
1204 3460 1222 3483 ,
1251 3419 1365 3493 five
1390 3421 1705 3500 Presbyteros
1731 3464 1750 3486 ,
1787 3437 1879 3477 aut
1917 3423 2057 3490 Dia-

310 3487 545 3542 „vart'stfLupi
555 3495 788 3538 oper.T0m.111
1532 3501 1562 3534 A
1590 3509 1610 3531 a
1659 3511 1682 3538 2
1897 3499 2007 3539 chaos,
