2340 3762
68 424 138 454 01.
161 431 190 458 7.

66 579 225 615 L27·C=16.

63 1078 138 1116 Cap.
155 1087 171 1114 3
178 1086 202 1114 3.

64 1127 113 1154 49.
134 1122 182 1154 48.

63 3242 150 3283 epist:
159 3252 206 3281 51.

656 198 722 234 ‘Dr-2
761 201 998 238 ,sap-rma
1034 185 1278 231 Srnono
1312 181 1657 242 Genauam.

244 272 351 318 ipsum
363 272 404 307 de
415 270 539 307 Christi
553 275 696 309 Domini
722 286 760 309 ac
782 274 921 308 aliorum
934 274 1123 307 Sannorum

245 332 284 357 ac
298 324 511 366 profanorum
535 325 734 369 imaginibus
753 325 850 369 egisse
869 324 1037 358 Simonem
1061 333 1123 357 ma-

245 383 326 417 gum
347 397 358 413 ‚
395 375 429 408 &
450 374 680 409 Mareellinam
702 374 909 418 Carpocratis
935 374 1123 416 sequacem,

245 423 380 457 testatur
389 424 426 459 in
439 424 524 458 libro
534 425 576 458 de
587 424 751 459 haerefibus
763 426 893 459 §annus
913 423 1124 467 Augustinus.

244 469 471 509 Christianum
492 474 613 518 dogma
624 474 787 519 eleganter
809 474 894 518 apud
907 474 1126 507 Ammianum

243 521 481 558 Marcellinum
512 527 649 568 exponit
671 525 843 569 Euprafius
867 524 986 558 Praetor
1006 523 1127 558 Roma·

241 583 326 615 nus,
353 573 467 609 dicens
477 574 518 607 ad
531 574 803 610 Valentinianum
817 574 1020 619 Augustum.
1051 576 1127 607 Par-

244 624 305 657 cius
315 629 395 667 agito
410 647 422 664 ,
442 625 563 667 pitffime
577 628 749 668 Principum
759 649 773 670 ‚-
795 624 847 657 hos
859 631 937 658 em'm
947 650 957 665 ‚
987 635 1058 667 quos
1081 630 1127 656 in-

242 672 336 715 terfici
347 681 507 715 tamquam
520 681 621 708 noxios
626 676 717 717 jubes
730 701 740 717 ‚
767 683 800 709 ut
810 678 953 714 Martyres
975 699 986 715 ‚
1012 675 1049 707 id
1066 673 1104 713 est
1115 698 1126 712 ,

242 722 532 758 DllelTATl
558 725 591 759 A
604 726 634 761 C
644 725 675 760 C
685 727 713 760 E
726 725 754 759 P
765 725 801 759 T
812 726 845 760 O
858 725 879 759 S
901 750 913 768 ‚
939 726 1005 759 colit
1027 725 1127 767 religio

243 771 419 813 christiana
431 799 438 806 .

295 822 352 857 Ad
373 824 557 859 secundum
587 824 691 860 homo
714 826 848 870 quidem
882 822 1126 862 schismaticus,

243 870 382 917 insignis
393 881 502 907 tamen
515 876 702 909 Graecorum
712 878 835 910 rituum
849 875 1002 918 interpres
1023 874 1127 907 Nico-

242 922 313 955 laus
324 921 489 957 Cabalilas
499 923 582 958 teile
599 925 775 967 respondet
795 935 1008 959 communem
1032 923 1127 957 istam

242 982 304 1015 pro
317 970 481 1006 defundis
497 973 683 1008 orationem
697 976 759 1008 effe
770 975 976 1018 complexam
990 999 1000 1016 ‚
1027 974 1058 1007 δε
1070 984 1126 1016 pro

241 1020 315 1055 aliis
336 1022 417 1056 Deo
440 1023 618 1066 supplicare
635 1047 647 1064 ‚
673 1036 731 1068 pro
761 1025 834 1060 aliis
857 1026 978 1070 gratias
1012 1034 1125 1068 agere:

243 1074 304 1104 Pro
314 1073 375 1106 San
381 1072 437 1105 εἵω-
447 1072 525 1107 nibil
532 1084 599 1107 orat
612 1076 752 1108 sacerdos
764 1100 776 1116 ‚
799 1075 857 1119 sed
861 1077 961 1117 potius
983 1086 1030 1108 eos
1041 1082 1106 1106 orat
1117 1097 1127 1113 ,

243 1128 277 1155 ut
289 1122 327 1154 ab
337 1128 383 1155 eis·-
395 1128 428 1156 1η
437 1124 616 1157 orationibus
643 1126 826 1167 adjuvetur.
854 1126 899 1159 Et
922 1126 1004 1158 infra
1029 1125 1062 1158 in
1075 1136 1128 1157 eo-

242 1171 317 1206 dem
329 1172 417 1207 libro
430 1174 520 1207 sacrae
530 1174 671 1219 liturgiae
683 1177 883 1219 expolitorio
896 1200 902 1207 .
933 1178 987 1208 Hic
998 1175 1128 1207 nonnulli

242 1221 442 1266 deceptisunt
451 1245 463 1262 ‚
487 1235 545 1257 non
551 1232 720 1268 gratiarum
731 1226 872 1259 ac‘lionem
887 1250 896 1265 ,
918 1224 977 1269 sed
989 1233 1045 1266 pro
1055 1227 1127 1257 san-

243 1271 304 1306 c‘lis
315 1273 359 1304 ad
371 1276 469 1307 Deum
476 1273 722 1316 supplicationem
731 1300 744 1316 ‚
769 1287 864 1310 eorum
886 1281 1053 1309 memoriam
1075 1275 1126 1318 effe

239 1330 390 1365 putantes
402 1348 412 1363 ,
439 1322 532 1366 nescio
543 1327 694 1367 undenam
708 1335 826 1368 accepta
840 1326 894 1359 bac
915 1327 1063 1370 cogitandi
1089 1336 1128 1357 oc·

247 1383 375 1405 catone.
401 1377 507 1415 Neque
533 1368 612 1413 em'ni
634 1388 673 1408 ex
681 1376 748 1417 ipsis
776 1376 861 1409 rebus
879 1375 918 1414 est
930 1376 994 1408 baec
1013 1376 1129 1408 credere

243 1420 493 1463 confirmaturum,
520 1434 572 1456 nec
581 1435 618 1456 ex
653 1424 719 1465 ipsis
732 1425 834 1457 verbis
849 1423 1004 1466 sacrificii.
1033 1424 1130 1455 Erro-

244 1480 317 1506 rem
337 1469 476 1513 copiose
501 1481 539 1504 ac
560 1472 724 1517 eleganter
742 1481 910 1517 expugnat
936 1498 942 1504 .
968 1473 1013 1505 Et
1034 1472 1127 1505 istam

245 1530 306 1565 pro
324 1518 488 1556 defunctis
509 1532 719 1556 communem
732 1547 743 1563 ,
768 1522 918 1566 adeoque
938 1521 1128 1565 ambiguam

245 1569 400 1614 precandi
422 1572 600 1606 formulam
622 1573 715 1607 variae
738 1573 877 1618 liturgias
898 1584 967 1606 non
989 1571 1128 1607 habent.

245 1622 386 1654 Sanctus
404 1620 547 1662 Joannes
559 1621 814 1664 Chrysostomus
827 1647 837 1662 ,
864 1623 990 1656 Latinae
1015 1622 1132 1655 Eccle-

247 1670 301 1703 ἦε
311 1680 363 1705 tuo
373 1681 439 1704 rem
451 1694 465 1710 „
491 1670 581 1713 supra
592 1671 610 1705 ὲ
622 1674 737 1706 Sanc'to
751 1672 940 1716 Augustino
953 1672 1130 1710 laudatum,

245 1720 396 1754 imitatus
409 1720 514 1763 palam
526 1720 697 1766 distinguit
708 1724 791 1768 duos
807 1722 1030 1756 defunnorum
1047 1721 1133 1755 ordi-

243 1779 324 1803 nes:
353 1770 491 1812 ,Quorum
513 1794 523 1811 ,
550 1772 660 1815 inquit
679 1772 720 1806 de
743 1774 888 1813 Sanctis,
909 1771 1132 1815 supplicationi-

245 1819 304 1853 bus
325 1816 438 1862 respice
457 1832 508 1853 nos
531 1824 633 1854 Deus.
662 1822 704 1855 Et
729 1820 771 1856 de
792 1823 865 1856 aliis
889 1821 1132 1865 piedefunctis:

245 1872 393 1903 Memento
404 1875 530 1903 omnium
542 1895 552 1911 ,
579 1877 631 1913 qui
636 1874 887 1916 pra-dormierunt
907 1877 940 1904 in
956 1871 1011 1915 spe
1038 1869 1134 1913 refier-

243 1919 385 1954 :catomis
399 1925 476 1955 vitae
501 1916 775 1956 aeternae.⁵Sancti
800 1922 911 1957 lvonis
934 1922 993 1956 ista
1015 1921 1132 1965 opinio

243 1970 361 2014 passim
372 1969 516 2015 rejicitur
528 1996 537 2012 ‚
565 1970 680 2015 utpote
690 1972 731 2006 ab
742 1972 881 2016 antiquo
895 1972 1044 2006 Ecclesiae
1054 1971 1134 2015 dog-

243 2030 333 2054 mate
357 2022 529 2055 recedens.
556 2021 686 2064 Repeto
707 2023 837 2057 laudata
860 2023 1004 2065 superius
1026 2023 1131 2056 Sanni

245 2069 434 2114 Augustini
457 2070 553 2104 verba
576 2082 584 2102 t
607 2074 727 2112 InJ'uria
749 2071 786 2111 est
800 2080 857 2113 pro
877 2075 1007 2110 Martyre
1030 2083 1132 2112 orare,

243 2121 330 2161 qu'us
343 2119 486 2154 debemus
497 2121 680 2155 orationibus
701 2124 902 2155 commendari
912 2147 919 2153 .
947 2121 1072 2157 Eadem
1087 2122 1131 2156 est

244 2170 330 2205 matio
340 2169 497 2213 cujusque
507 2170 612 2205 Sancti
622 2196 629 2204 .

295 2220 350 2255 Ad
362 2220 497 2255 tertium
519 2220 690 2264 respondet
711 2222 842 2257 sannas
864 2221 1072 2269 Augustinus
1097 2222 1130 2256 in

195 2314 203 2322 .
241 2270 382 2304 laudato
406 2270 492 2304 libro
514 2271 555 2305 de
575 2282 648 2305 cura
660 2274 786 2317 agenda
819 2284 877 2316 pro
891 2274 1046 2308 mortuis.
1074 2272 1133 2313 Ista

241 2321 674 2365 quaestioviresimelltgenttae
705 2335 780 2357 meae
801 2328 914 2363 vincit,
949 2324 1134 2367 quemadmo-

243 2371 316 2404 diem
326 2371 508 2412 opitulentur
525 2374 673 2410 Martyres
696 2378 759 2414 eis,
786 2385 855 2415 quos
873 2382 929 2416 per
953 2386 1000 2408 eos
1021 2382 1133 2407 certum

242 2420 282 2461 est
293 2421 460 2460 adJ'uvari.
491 2421 595 2454 Utrum
604 2422 718 2464 ipfiper
733 2422 843 2466 shipsos
867 2423 963 2466 adfint
984 2436 1040 2458 uno
1061 2432 1131 2457 tem-

239 2480 314 2514 pore
326 2479 391 2502 tam
404 2470 527 2512 diverfis
537 2471 605 2504 locir
616 2495 626 2511 ‚
654 2471 709 2506 ubi
723 2474 739 2507 a
755 2474 886 2508 diverfis
915 2476 1131 2516 invocantur3

245 2518 367 2561 anipst's
392 2525 426 2551 in
446 2521 502 2552 Ioco
524 2527 641 2554 meritis
646 2521 713 2565 suis
724 2535 847 2568 congruo
867 2524 906 2557 ab
926 2531 1003 2558 omni
1024 2534 1131 2557 morta-

246 2572 321 2604 lium
345 2568 563 2612 conversatione
587 2578 706 2605 remotis
730 2598 740 2614 ,
777 2577 811 2607 (9⁹
837 2583 937 2608 tamen
952 2575 1131 2618 generaliter

247 2618 402 2653 orantibus
421 2627 479 2661 pro
503 2622 670 2664 indigentia
689 2621 923 2665 supplicantium
946 2649 956 2664 ‚
983 2624 1057 2666 fi;ut
1079 2635 1131 2658 nos

246 2679 363 2704 oramus
383 2676 439 2710 pro
462 2677 585 2703 mortuis
599 2696 609 2711 ‚
636 2673 743 2714 quibm
765 2679 867 2716 utique
889 2686 947 2707 non
966 2673 1131 2718 praesenta·

248 2732 337 2761 mur,
361 2729 412 2752 nec
432 2719 482 2751 uba·
490 2718 570 2760 fiat,
596 2733 647 2755 nec
666 2725 742 2764 quid
764 2734 857 2767 agant
871 2722 999 2766 scimus.
1026 2724 1130 2771 Qod

246 2770 463 2814 igiturSanffi
494 2772 526 2804 in
542 2771 631 2805 coelis
650 2783 709 2814 pro
725 2774 820 2807 nobis
832 2785 950 2815 orent,
978 2775 1132 2818 quodque

249 2817 374 2854 anobis
387 2819 533 2864 legitime
554 2820 759 2856 honorentur
783 2835 821 2858 ac
846 2825 1060 2866 invocentur,
1086 2825 1131 2859 est

249 2867 387 2903 omn'no
410 2869 642 2912 Apostolicum
668 2884 706 2907 ac
728 2873 966 2919 Evangelicum
988 2876 1131 2919 dogma;

249 2931 293 2954 an
305 2927 410 2953 autem
423 2920 547 2955 nostras
567 2922 606 2956 ad
619 2923 649 2956 se
664 2935 769 2966 preces
785 2916 887 2959 sciant
913 2927 962 2960 vel
974 2927 1108 2959 audiant
1121 2950 1131 2965 ‚

239 2969 295 3012 ⁴1st
307 2980 351 3002 res
365 2967 593 3005 Ecclefiasticae
604 2974 788 3015 quaestionis
803 3000 809 3006 .
839 2975 916 3017 Ejus
925 2976 1132 3010 adfirmativae

242 3031 321 3068 pssrs
333 3017 443 3064 paffim
457 3020 594 3055 traditur
618 3023 651 3056 ἀ
662 3023 679 3056 ὲ
695 3023 816 3058 Graecis
842 3026 876 3059 ὅς
893 3025 909 3058 a
924 3026 1053 3059 Lat-inis
1073 3025 1132 3059 Pa-

239 3073 376 3112 trib.u³‚'
404 3070 557 3113 neg²tiva
575 3094 586 3110 ‚
612 3072 701 3114 quod
723 3074 914 3119 Vigilantio
928 3101 938 3116 ,
963 3076 1131 3110 Iconocla—

241 3124 320 3165 stis,
348 3118 499 3154 Claudio
521 3119 776 3158 Taurinenfium
799 3125 981 3169 Episcopo,
1011 3126 1128 3160 Erroni

241 3173 278 3208 in
298 3170 421 3208 Gafliis
446 3179 502 3212 per
523 3169 675 3206 Sanctum
697 3172 930 3209 Hildebertum
954 3177 1126 3210 Turonen-

240 3223 307 3258 sem
331 3217 656 3263 Archi-Episcopum
681 3221 807 3256 devicto
831 3248 842 3264 ,
868 3224 1097 3259 Waldensibus
1121 3252 1130 3267 ‚

241 3270 446 3309 wicleffistis
469 3294 481 3311 ,
508 3267 706 3304 Lutheranis
730 3273 966 3308 &Calvinistis
985 3275 1132 3318 placeat,

241 3323 308 3367 jam
328 3323 458 3359 dudum
480 3320 570 3364 apud
582 3330 699 3355 omnes
720 3321 926 3357 orthodoxos
949 3323 1033 3358 male
1043 3324 1129 3361 olet.

244 3374 293 3409 Ea
305 3370 528 3409 nihilominus
539 3382 607 3405 non
621 3370 755 3405 admissa
765 3396 776 3412 ‚
802 3371 992 3408 sanctorum
1004 3374 1130 3411 invoca-

242 3423 371 3459 tionem
396 3424 448 3460 illi
474 3422 635 3460 fateantur
655 3445 670 3466 ,
701 3422 734 3459 δε
760 3433 875 3470 pacem
899 3423 960 3461 ista
996 3427 1130 3475 questio

244 3472 401 3509 habebit.
585 3508 587 3510 .

346 3522 456 3572 Chrtst-
469 3528 548 3572 Lupi
560 3532 645 3573 Oper.
660 3531 738 3565 Tom.
750 3534 804 3567 m

1901 189 2005 241 7219

1397 370 1871 446 CAPUT'v.

1329 538 1546 607 Quaestiotzes
1579 538 1720 605 aliquot
1755 518 1936 607 destinis

1505 611 1727 677 imaginibus
1748 645 1763 656 .

1155 799 1157 801 .
1263 771 1362 805 Rima
1371 769 1501 815 quaestio
1524 769 1592 810 est,
1618 770 1777 816 Qonam
1801 779 1944 814 tempore
1968 770 2002 805 in
2024 782 2078 806 ec-

1286 822 1378 856 ciefia
1399 820 1466 854 fieri
1492 821 1650 862 coeperint
1673 821 1835 865 imagines
1858 822 1922 855 Dei
1945 820 2075 861 Patris,

1189 870 1339 915 adeoque
1368 870 1471 905 totius
1481 870 1688 904 Samstiffimae
1698 870 1901 906 Trinitatis?
1928 870 2079 913 Respon-

1190 922 1253 955 deo
1274 921 1360 964 apud
1382 920 1561 954 Armenios
1583 923 1646 955 elie
1659 921 1733 955 satis
1744 921 1913 966 antiquas.
1941 920 2077 954 Etenim

1192 974 1224 1005 in
1236 982 1292 1005 eos
1304 969 1413 1005 scribit
1427 969 1638 1014 Nicephorus
1653 971 1823 1016 Calixtus.
1852 976 2001 1015 Imatgines
2018 973 2079 1003 Pa·
2096 991 2256 1027 L·18.c.53.

1192 1029 1252 1055 tris
1279 1023 1314 1055 (τ
1332 1023 1464 1063 spiritus
1491 1021 1752 1064 Sanc‘lieffigtant‚
1778 1024 1858 1064 quod
1875 1031 2019 1063 perquam
2039 1019 2079 1061 est

1190 1071 1351 1115 absurdum
1379 1095 1388 1104 .
1426 1075 1577 1114 Imagines
1599 1077 1679 1104 enim
1696 1080 1844 1113 corporum
1863 1082 1960 1104 eorum
1982 1069 2080 1113 sunt,

1192 1133 1258 1165 quae
1281 1123 1380 1154 videri
1415 1122 1449 1154 (w
1472 1119 1668 1164 circumscribi
1693 1121 1809 1165 possunt
1830 1146 1841 1163 ,
1877 1133 1936 1154 non
1958 1131 2079 1160 eorum,

1192 1184 1257 1215 quae
1279 1169 1437 1213 invisibilia
1453 1170 1528 1215 sunt
1550 1195 1561 1212 ,
1602 1172 1636 1204 (9
1657 1173 1853 1215 intelligentia
1876 1169 2080 1214 comprehendi

1193 1231 1355 1265 nequeunt.
1384 1220 1508 1256 Merito
1520 1220 1755 1266 redarguuntur
1775 1221 1815 1256 de
1828 1223 1980 1266 usurpata
2003 1221 2083 1263 ejus·
2143 1262 2149 1267 ¹

1194 1272 1459 1307 modinovitate.
1488 1272 1590 1319 Qod
1610 1272 1700 1306 enim
1721 1271 1905 1316 Nicephori
1933 1261 2222 1314 temporeEPlststn

1193 1324 1346 1358 Romana
1368 1322 1509 1357 Ecclefia
1532 1322 1598 1356 Dei
1625 1321 1730 1356 Patris
1764 1322 1947 1367 imaginem
1970 1319 2083 1355 adhuc

1195 1375 1380 1417 ignoraret,
1408 1374 1511 1415 liquet
1527 1383 1569 1405 ex
1582 1372 1697 1405 litteris
1717 1372 1853 1406 Nicolai
1875 1371 1970 1415 primi
1995 1370 2086 1403 Pon·

1195 1423 1294 1454 tificis
1305 1421 1345 1454 ad
1356 1420 1560 1454 Michaelem
1582 1420 1771 1464 Augustum
1783 1445 1794 1461 ‚
1820 1421 1985 1455 laudantis
1998 1420 2091 1454 solas

1194 1471 1357 1514 imagines
1377 1467 1499 1503 Christi
1525 1469 1671 1504 Domini
1696 1494 1707 1510 ‚
1736 1471 1886 1515 Deiparae
1907 1470 2084 1515 Virginis,

1193 1532 1230 1554 ac
1250 1520 1391 1555 aliorum
1414 1521 1607 1555 Sanctorum
1627 1544 1635 1552 .
1662 1519 1811 1555 Adducit
1832 1531 1941 1555 tamen
1966 1545 1976 1560 ,
2005 1521 2083 1555 licet

1195 1572 1261 1604 alio
1282 1570 1371 1611 fine,
1400 1571 1560 1605 rationem
1583 1594 1596 1611 ‚
1629 1581 1671 1603 ex
1693 1582 1756 1614 qua
1782 1567 1994 1614 postmodum
2016 1570 2083 1604 Dei

1195 1620 1301 1654 Patris
1311 1619 1470 1663 imagines
1482 1620 1637 1654 Romana
1650 1619 1790 1654 Ecclefia
1801 1620 1928 1655 admisit
1941 1633 1949 1654 z
1977 1623 2060 1654 Deus
2070 1645 2085 1661 ,

1195 1677 1246 1712 qut
1255 1669 1292 1710 est
1304 1668 1458 1711 invisibilis
1485 1671 1718 1711 &incorporeus
1732 1695 1742 1711 ‚
1770 1682 1827 1703 non
1845 1679 1901 1713 per
1926 1676 2085 1713 propriam

1190 1720 1388 1764 substantiam
1401 1722 1532 1752 Deitatis
1544 1743 1556 1759 ‚
1576 1718 1636 1762 sed
1648 1728 1707 1762 per
1727 1719 1890 1763 subjeo‘lam
1913 1730 2089 1754 creaturam

1197 1775 1339 1813 apparuit
1352 1772 1518 1802 mortalium
1540 1771 1645 1802 oculis:
1674 1771 1713 1803 In
1739 1771 1843 1804 forma
1866 1770 1994 1814 antiqui
2017 1771 2089 1805 die·

1198 1831 1269 1853 rum
1295 1844 1302 1851 .
1339 1817 1433 1853 Hinc
1460 1819 1495 1852 in
1521 1819 1635 1853 eadem
1663 1821 1768 1863 ipsum
1791 1820 1930 1855 Ecclesia
1953 1821 2082 1866 pingit.

1195 1868 1299 1918 Qod
1310 1869 1444 1912 quando
1457 1869 1629 1913 incoeperit
1641 1895 1652 1911 ,
1679 1870 1783 1906 fateor
1796 1882 1849 1905 me
1860 1872 2010 1916 ignorare
2025 1897 2032 1903 .

1249 1918 1374 1954 Verum
1398 1919 1576 1954 Armenios
1598 1944 1609 1960 ,
1636 1922 1724 1965 quod
1750 1923 1890 1964 Spiritus
1916 1922 2023 1956 Sanni
2046 1920 2082 1955 in

1197 1969 1357 2005 columba:
1368 1971 1471 2014 specie
1484 1971 1645 2015 imagines
1658 1973 1802 2008 facerent
1815 1995 1826 2011 ‚
1840 1971 1972 2015 peffime
1984 1973 2089 2006 Nice·

1197 2019 1317 2065 phorus
1328 2019 1450 2065 arguit.
1482 2019 1529 2054 Ea
1543 2020 1633 2054 enim
1646 2021 1689 2054 est
1700 2022 1851 2056 omnium
1865 2022 2085 2056 Ecclefiarum

1196 2070 1399 2105 consuetudo
1426 2070 1644 2115 antiquiffima
1665 2097 1676 2114 ‚
1703 2083 1759 2117 per
1780 2074 1963 2116 praesentem
1977 2073 2087 2116 Syno-

1196 2121 1274 2155 dum
1287 2121 1420 2165 probata
1444 2121 1477 2154 ἀ
1490 2121 1681 2157 confirmata
1702 2148 1709 2155 .
1733 2123 1777 2156 Et
1798 2124 1839 2157 de
1852 2124 1970 2156 Sancto
1985 2123 2091 2156 Inno-

1196 2172 1306 2206 centio
1318 2169 1424 2214 primo
1445 2169 1609 2206 Pontifice
1634 2172 1838 2207 scribitliber
1857 2172 2084 2207 pontificalis:

1199 2228 1281 2256 Fecit
1293 2227 1399 2255 turrim
1420 2232 1589 2266 argenteam
1613 2233 1679 2255 cum
1695 2232 1812 2265 patena
1825 2249 1836 2264 ,
1862 2225 1898 2258 ab·
1918 2222 2085 2257 columbam

1198 2275 1393 2306 deauratam.
1422 2273 1465 2306 Et
1480 2273 1601 2307 Clerici
1624 2284 1661 2307 ac
1676 2272 1839 2308 Monachi
1852 2271 2085 2313 Antiocheni‘‚

1178 2307 1228 2357 ¹in
1242 2322 1361 2357 libellis
1373 2323 1491 2366 Joanni
1514 2323 1659 2358 secundo
1675 2323 1870 2358 Patriarchae
1892 2323 2092 2357 Constanti-·

1197 2374 1390 2417 nopolitano
1411 2385 1447 2407 ac
1459 2372 1526 2415 ejus
1547 2373 1687 2416 Synodo
1724 2372 1904 2414 exhibitis,
1931 2373 2020 2407 lestis
2045 2372 2082 2407 in

1196 2424 1333 2466 synodo
1353 2424 1722 2466 Constantinopolitana
1735 2424 1792 2459 sub
1804 2425 1930 2458 Menna
1945 2424 2087 2458 Patriar·

1198 2474 1259 2509 cha
1279 2499 1289 2514 ,
1316 2473 1458 2518 allegant
1482 2472 1632 2508 adversus
1654 2476 1808 2509 Severum
1830 2476 1922 2509 suum
1943 2473 2087 2507 Pan-iar-

1193 2523 1308 2559 cham.
1342 2522 1563 2566 Pru-sumptum
1578 2524 1615 2564 est
1630 2525 1743 2568 abipso
1765 2527 1799 2560 &¹
1810 2524 1880 2566 hoc,
1907 2525 2083 2565 Beatifflrm':

1195 2580 1280 2608 Nam
1293 2574 1438 2608 columbas
1458 2586 1562 2607 aureat
1587 2577 1621 2609 ὢ·
1630 2584 1788 2619 argenteas
1801 2600 1813 2616 ,
1834 2581 1867 2608 in
1871 2575 2007 2617 formam
2020 2577 2040 2607 5
2036 2580 2085 2616 pi-

1195 2631 1271 2658 ritus
1287 2624 1390 2658 saner}
1406 2622 1497 2667 super
1510 2628 1628 2658 Divina
1646 2627 1772 2660 lavacra
1795 2628 1950 2660 &altaria
1970 2632 2084 2665 appen-

1190 2675 1244 2719 sas
1258 2701 1268 2716 ,
1295 2676 1356 2707 una
1377 2686 1441 2708 cum
1459 2677 1531 2709 aliis
1548 2675 1605 2717 sibi
1627 2677 1840 2719 adproprtavtt
1863 2699 1873 2715 ,
1900 2677 2000 2708 dicens
2024 2686 2081 2708 non

1195 2734 1324 2769 oportere
1334 2731 1366 2758 in
1370 2723 1396 2768 s
1386 2731 1467 2767 pecie
1480 2725 1619 2760 columba·
1636 2729 1784 2769 Spiritum
1795 2726 1936 2760 sanHum
1947 2730 2083 2757 nomin&

1193 2788 1238 2810 re.
1269 2776 1312 2809 Et
1333 2776 1367 2810 in
1381 2775 1515 2810 historia
1539 2777 1594 2811 sua
1610 2777 1833 2812 Ecclefiastica
1847 2801 1858 2818 ‚
1885 2787 1938 2819 per
1951 2777 2084 2818 praesen·

1195 2838 1261 2860 tem
1277 2826 1448 2870 Synodum
1464 2827 1592 2862 laudata
1604 2852 1615 2867 ,
1642 2827 1784 2870 Joannes
1796 2826 2079 2861 Diacrinomenus

1195 2876 1303 2910 scribit
1326 2876 1367 2911 de
1389 2877 1516 2921 Xenaja
1538 2879 1592 2911 seu
1615 2876 1804 2914 Philoxeno
1821 2877 2080 2920 Hierapolitano

1197 2927 1361 2970 Episcopo
1385 2940 1397 2967 ,·
1421 2927 1604 2961 Provinciae
1631 2926 1812 2960 Eufratefiae
1836 2926 2054 2969 Metropolita
2071 2951 2083 2968 ,

1199 2977 1390 3021 nequiffimo
1400 2975 1561 3021 discipulo
1574 2977 1704 3011 Severi.
1732 2978 1820 3020 Nosse
1842 2979 1915 3011 dicit
1937 2978 1972 3010 eb·
1986 2978 2083 3018 illud,
2099 2980 2165 3015 Ast.
2188 2984 2218 3020 5.'

1193 3027 1243 3069 esse
1263 3027 1388 3068 puerilis
1393 3026 1499 3070 sensus
1518 3026 1629 3070 fingere
1652 3032 1685 3059 in
1698 3028 1840 3061 columbae
1852 3029 1926 3071 idolo
1938 3028 2084 3068 sanc‘lff-

1196 3089 1274 3110 mum
1287 3078 1320 3111 &
1332 3078 1518 3110 adorandum
1528 3078 1669 3118 spiritum
1682 3101 1691 3117 ‚
1714 3076 1882 3122 prasertim
1894 3084 1960 3112 cum
1973 3082 2083 3112 Evam-

1195 3129 1297 3171 geltcae
1318 3138 1504 3169 nequaquam
1529 3127 1658 3160 tradant
1679 3129 1787 3161 littera·
1799 3154 1808 3169 ,
1836 3136 1909 3172 quia
1922 3128 2029 3170 fadus
2040 3128 2081 3170 est

1198 3176 1327 3210 columba
1351 3179 1481 3217 spiritus
1493 3201 1503 3217 ,
1525 3174 1584 3218 sed
1601 3183 1672 3218 quia
1682 3177 1817 3220 inspecie
1836 3179 1976 3213 columbae
1986 3188 2080 3222 appa-

1199 3233 1260 3260 ruit
1273 3227 1451 3268 aliquando.
1479 3227 1568 3268 ,Quia
1577 3230 1650 3260 vero
1676 3227 1884 3273 dispensatorie
1896 3255 1907 3270 ,
1935 3242 1993 3263 non
2009 3228 2081 3272 sub-

1196 3276 1379 3316 stantialiter
1383 3274 1478 3318 semel
1485 3275 1608 3319 ‹stensus
1620 3276 1658 3318 est
1670 3303 1681 3319 ‚
1704 3291 1761 3313 non
1773 3281 1840 3314 ideo
1851 3288 1957 3323 aptum
1969 3280 2078 3320 eslpiis

1196 3330 1319 3367 corporis
1334 3326 1443 3359 idolum
1463 3325 1618 3367 faciendi.
1646 3327 1810 3363 Adversus
1839 3329 1903 3364 hoc
1914 3329 2018 3364 Severi
2043 3329 2077 3362 ὅε

1197 3374 1373 3409 Philoxeni
1387 3376 1508 3420 dogma
1518 3377 1735 3413 interlocutus
1748 3380 1792 3413 est
1805 3382 1937 3414 Sanctus
1951 3375 2075 3411 Thara-

1198 3426 1257 3459 sius
1270 3425 1454 3460 Patriarcha
1465 3426 1856 3472 constantinopolitanus
1867 3442 1878 3461 :
1905 3433 1941 3460 In
1962 3433 2078 3461 nomine

1198 3478 1215 3509 5
1217 3476 1297 3510 ant‘t'i
1307 3478 1434 3520 spiritus
1452 3474 1650 3520 fitperpqfitas
1669 3478 1817 3513 columbas
1836 3484 2006 3519 receperunt
2016 3479 2076 3512 Pa·

1598 3528 1627 3563 E
1652 3539 1672 3563 e
1721 3539 1744 3565 2
1945 3533 2005 3562 tres
2020 3551 2026 3560 .
