2340 3762
11 775 16 793 ἶ
65 774 128 807 L7-
146 782 223 806 c-30.

621 110 927 165 Senomls,
965 122 1026 152 ET
1062 104 1256 151 Norls
1292 117 1681 151 ILLusTRAn.

289 194 391 233 Ροιτὸ
402 193 443 228 de
453 192 602 236 Symboli
616 192 765 228 tradendi
790 202 939 235 tempore
960 186 1068 224 scribit
1078 186 1117 221 ad

241 249 383 283 sororem
406 245 494 278 suam
515 243 767 284 Mareellinam,
793 253 894 287 agens
914 241 956 273 de
980 239 1119 283 persecu-

240 298 333 332 tione
350 296 405 329 fibi
429 307 482 337 per
506 293 733 329 Valentiniani
758 291 891 327 secundi
914 290 1118 333 Imperatoris

239 358 374 382 matrem
392 345 548 379 Arianam
561 344 722 388 Iustinam
746 354 858 382 mota,
882 342 1018 376 sanstus
1040 342 1119 374 Am-

241 396 381 432 brosius.
409 398 548 438 Sequenti
563 397 613 428 die
625 419 637 435 ,
662 404 729 428 erat
748 403 848 428 autem
858 395 1035 430 Dominica,
1057 388 1120 433 post

239 447 373 481 lectiones
408 454 496 489 atque
516 445 680 479 tradatum
698 469 710 484 ,
736 445 853 485 dimtffis
885 441 1100 475 catechumenis
1113 463 1124 480 ‚

240 498 403 536 symbolum
414 495 564 538 aliquibus
575 495 815 538 Competentibus
826 499 859 528 in
869 491 1043 535 Bapttsterii
1062 499 1123 524 tra-

241 548 346 581 debam
357 546 501 589 Bafiltca·
529 545 617 580 Infra
629 547 735 590 palam
757 545 837 581 dicit
858 543 952 578 fuisse
967 541 1120 576 Domini-

67 619 153 650 ὅπῃ.
190 617 223 648 de
240 610 311 632 carn
325 599 514 632 Palmarum
527 619 535 626 -
563 596 607 630 Et
620 596 706 640 apud
729 596 882 631 Sanctum
895 593 1122 637 Augustinum

67 666 226 697 temp.115,
240 649 344 683 sermo
360 650 394 681 in
406 647 520 683 eadem
533 647 732 682 Dominica:
757 645 914 685 symbolum
924 644 1009 678 vohis
1028 643 1122 677 tradi·

238 705 299 731 turl
315 696 440 741 fiamus,
458 696 579 740 fratres
599 696 770 737 chariffimi.
800 695 843 729 Et
868 695 909 728 de
929 695 1094 737 Episcopo
1108 715 1119 732 ‚

239 746 565 793 quiBurgundiones
585 747 735 790 perduxit
757 744 797 780 ad
809 744 907 779 fidem
929 742 1040 778 scribit
1064 743 1123 776 So·

65 813 141 852 C²P·
158 822 202 850 13,
236 810 340 834 crates
363 813 374 832 .·
401 798 478 831 Cum
496 809 543 832 eos
566 804 600 831 in
616 796 680 839 fide
698 796 868 839 erudiviffet
885 820 897 836 ,
922 796 1026 828 oc‘lavo
1048 795 1096 825 die
1111 816 1122 832 ,

239 850 296 893 qui
316 848 380 882 fnit
399 846 546 888 Pascha,
572 848 693 880 lavacro
705 844 910 888 Baptismatis
932 849 1043 878 tinxit.
1072 842 1117 875 Et

239 895 392 941 Synodus
414 895 611 940 Agathenfis
631 908 638 927 :
664 895 823 934 symbolum
843 896 959 935 placuit
984 891 1117 925 omnihus

238 944 371 988 ,Ecclefiis
393 957 454 979 una
467 947 517 980 dte
532 969 543 986 ,
569 946 606 978 id
624 944 684 986 est,
709 954 780 978 ante
798 943 857 976 odo
877 945 943 977 dies
955 946 1117 976 Dominicae

243 995 478 1040 Resurredionts
500 1020 512 1036 ‚
532 994 650 1038 publice*
677 1002 708 1028 in
731 993 857 1037 Ecclesia
876 993 1121 1036 Competentihus

62 1043 127 1073 1⁴²·
141 1052 219 1079 ως·
230 1048 399 1091 pra-dicari
412 1071 419 1078 .
447 1046 666 1092 Qodipsum
677 1046 810 1082 tradunt
822 1045 856 1079 in
868 1056 967 1088 opere
977 1044 1018 1078 de
1030 1043 1120 1077 insti-

63 1084 203 1118 L'²·“²¹⁷·
235 1097 368 1131 tutione
381 1096 586 1131 Clericorum
597 1095 777 1131 Rhabanus
798 1095 961 1136 Maurus,
986 1094 1121 1130 Sanetus

237 1147 377 1181 Isidorus
387 1147 589 1190 Hispalensis
603 1146 785 1190 Episcopus
794 1146 830 1181 in
841 1145 933 1180 libris
950 1143 992 1180 de
1004 1144 1118 1178 Eccle-

235 1197 368 1232 fiasticis
378 1197 516 1238 officiis,
534 1197 613 1231 &in
623 1196 717 1230 simili
730 1207 828 1240 opere
845 1195 1011 1230 Alcuinus
1025 1194 1118 1228 Flac-

237 1259 296 1282 cus
304 1273 315 1288 ,
325 1259 427 1292 agens
437 1248 479 1283 de
492 1246 620 1281 laudata
632 1246 814 1283 Dominica
826 1259 834 1279 ε
862 1244 979 1288 Pascha
984 1251 1116 1287 petitum

232 1296 285 1341 jeu
309 1301 547 1339 Competentium
572 1298 678 1329 dicitur
702 1320 713 1336 ‚
750 1303 822 1339 quia
845 1294 931 1329 bodie
958 1294 1119 1335 symbolum

236 1347 480 1390 Competentihus
507 1346 682 1380 tradebatur
704 1372 710 1379 .
738 1345 937 1390 Symbolum
964 1346 1047 1378 olim
1071 1355 1122 1378 ne-

237 1407 405 1439 quaquam
421 1397 575 1430 omnibus
584 1395 829 1430 catechumenis
839 1420 850 1434 ‚
876 1395 930 1427 sed
942 1395 1002 1427 soli
1016 1395 1120 1435 supre-

236 1454 299 1479 mae
320 1445 592 1488 competentium
613 1443 701 1477 claffi
721 1443 925 1477 credebatur:
955 1441 1122 1475 Ubicum-

236 1504 302 1539 que
314 1495 399 1538 apud
413 1494 568 1537 antiquos
583 1493 732 1527 Ecclesiae
744 1493 924 1536 Scriptores
934 1491 1014 1535 quid
1035 1492 1122 1534 lege-

237 1543 333 1580 risde
352 1543 529 1579 traditione
549 1543 701 1585 symboli
719 1567 731 1584 ,
770 1542 1032 1587 Conpetentium
1053 1552 1121 1575 me·

239 1595 380 1629 moriam
400 1595 513 1639 paffim
531 1592 676 1627 additam
698 1592 840 1628 videbis.
866 1593 915 1627 At
938 1590 1017 1626 vero
1038 1601 1120 1626 cate·

239 1644 397 1679 chumeni
410 1646 445 1678 in
457 1643 729 1686 Competentium
740 1643 871 1678 classem
881 1641 1120 1676 adscendebant

239 1697 277 1728 in
300 1694 482 1730 Dominica
506 1692 692 1728 palmarum
712 1715 723 1732 ,
748 1692 868 1728 exinde
890 1693 976 1727 dista
999 1689 1117 1736 Pascha

238 1747 479 1786 Competenttum
489 1768 496 1775 .
786 1743 790 1748 ⁴

290 1794 396 1828 Aliud
414 1803 525 1828 tamen
538 1792 655 1827 docere
675 1792 802 1826 viderur
811 1792 944 1827 Sanctus
955 1793 1121 1835 Hierony-

238 1856 314 1879 mus
326 1844 361 1878 in
375 1844 492 1878 litteris
503 1843 544 1878 ad
556 1842 805 1877 pammachium
817 1867 828 1883 ‚
855 1843 1022 1877 adversum
1035 1853 1122 1877 erro·

239 1906 291 1929 res
300 1895 437 1939 Joannis
451 1893 605 1937 Episcopi
615 1893 917 1936 Hierosolymitani
928 1917 935 1924 .
962 1892 1122 1936 Confitetw

237 1946 278 1982 do
297 1945 382 1987 apud
400 1956 453 1981 nos
475 1942 616 1987 ejusmodi
639 1943 697 1983 est,
723 1951 757 1977 ut
778 1947 817 1976 ils
830 1967 841 1984 ,
867 1949 919 1987 qut·
940 1942 1119 1985 baptizandi

230 1993 330 2038 sunt,
352 2003 407 2037 per
427 1995 633 2038 quadraginta
654 1995 719 2027 dies
736 1992 854 2036 publice
875 1995 1032 2028 tradamus
1048 1993 1118 2038 san·

238 2044 321 2078 Ham
332 2045 367 2078 (a
377 2045 564 2077 adorandam
574 2045 758 2094 Trinitatem
770 2068 778 2075 .
807 2044 851 2077 Et
862 2042 1002 2078 secunda
1014 2043 1120 2087 Syno-

237 2094 301 2128 dus
323 2093 522 2128 Bracarenfis
543 2106 555 2126 :
583 2095 778 2134 Praeciplmus
796 2117 808 2133 ,
833 2101 890 2134 ut,
910 2091 983 2136 ficut
1003 2099 1119 2136 antiqui

238 2148 376 2178 canones
378 2142 510 2185 jubent,
535 2150 607 2176 ante
627 2147 738 2186 viginti
749 2144 813 2176 dies
825 2141 979 2186 Baptismi
999 2145 1045 2176 ad
1047 2152 1120 2186 pur-

235 2200 387 2238 gationem
398 2192 552 2238 exorcismi
570 2192 768 2226 catechumeni
788 2201 930 2234 currant,
956 2198 989 2226 in
1010 2194 1117 2236 quihus

240 2249 354 2288 viginti
369 2244 473 2278 diebus
495 2254 594 2277 omnes
613 2243 814 2277 catechumeni
834 2243 992 2282 symbolum
1002 2269 1014 2286 ‚
1042 2245 1121 2287 quod

238 2293 300 2334 est,
326 2293 492 2329 CREDO
514 2293 566 2327 ΙΝ
578 2292 729 2327 DEUM
747 2292 956 2327 PATREM
979 2295 1120 2328 OMNI-

239 2342 536 2383 POTENTEM,
542 2341 708 2386 specialiter
719 2344 876 2376 doceantur
885 2368 892 2375 .
919 2343 1056 2388 Propter
1066 2342 1120 2380 ha·

239 2394 294 2427 sce
313 2392 448 2427 Patrum
470 2393 505 2426 &
527 2394 708 2427 Canonum
726 2392 960 2428 dissonantiam
983 2395 1117 2438 quidam

241 2442 429 2477 existimant
450 2441 609 2476 variarum
635 2443 855 2477 Eceleliarum
877 2444 1001 2478 varium
1028 2445 1120 2480 fuine

241 2503 385 2525 morem.
412 2493 501 2526 Nam
516 2493 600 2527 intra
619 2493 720 2535 ipsam
732 2493 876 2527 Galliam
899 2495 991 2529 fuisse
1013 2507 1118 2529 mores

242 2541 349 2575 varios
362 2542 466 2585 palam
477 2543 621 2577 ostendit
641 2543 797 2578 adductus
810 2544 930 2579 Canon
945 2545 972 2578 A
978 2545 1113 2589 gathen·

241 2592 280 2625 sis
293 2615 300 2622 .
327 2593 372 2626 Et
383 2604 423 2626 ex
437 2591 497 2626 isto
512 2592 691 2627 Bracarenfi
701 2593 842 2628 Canone
854 2594 943 2629 vides
954 2594 1118 2639 Hispanas

240 2640 402 2676 Ecclesias
421 2641 603 2676 etiamnum
626 2652 703 2676 tunc
729 2643 1001 2687 Competentibus
1020 2645 1118 2679 tradi·

240 2691 320 2725 disse
341 2692 534 2735 Symbolum
558 2692 791 2736 Apostolicum
804 2717 814 2733 ‚
841 2705 1046 2738 nequaquam
1060 2695 1119 2729 Ni-

240 2752 366 2776 caenum
380 2754 434 2777 aut
446 2742 873 2787 Constantinopolitanum:
900 2744 1018 2779 Hocce
1028 2747 1118 2780 enim

241 2790 383 2835 incipio,
411 2794 507 2827 Credo
526 2798 558 2825 in
580 2805 672 2827 unum
696 2797 789 2828 Deum
812 2819 823 2836 ,
850 2806 942 2836 non,
969 2796 1064 2829 Credo
1084 2803 1117 2830 in

243 2842 357 2874 Deum.

295 2891 489 2934 Respondeo
501 2893 563 2927 add
568 2896 638 2928 usta
652 2893 788 2928 Alcuini
802 2895 898 2930 verba
909 2920 919 2936 ,
946 2899 1117 2938 Competen-

242 2940 323 2976 tibus
346 2943 519 2976 tradebatur
540 2968 550 2983 ‚
579 2942 659 2979 bene
681 2945 826 2979 notanda
847 2971 853 2978 .
883 2946 1029 2980 Edicunt
1050 2946 1117 2988 ejus

242 3000 391 3033 tempore
414 2993 530 3026 fastum
550 2993 641 3028 fuisse
656 2996 768 3029 aliter.
798 2996 932 3029 Etenim
943 2997 1038 3030 Ordo
1052 2997 1117 3030 Ro-

242 3051 358 3074 manus
369 3066 377 3081 ‚
406 3052 503 3084 quem
524 3044 623 3087 aliqui
636 3046 742 3078 Sansti
754 3046 906 3089 Gregorii
917 3057 999 3089 opus
1009 3047 1116 3080 existi-

63 1884 205 1925 Epistats.

57 1935 86 1958 c.
105 1937 134 1962 4.

57 2083 95 2114 C.
109 2086 139 2115 ri

241 3101 336 3126 mant
349 3115 359 3130 ,
384 3091 574 3134 Symbolum
587 3094 620 3126 &
633 3096 816 3129 orationem
829 3096 1044 3130 Dominicam
1057 3106 1116 3130 tra-
1148 3129 1152 3131 .

240 3140 277 3175 di
288 3141 421 3173 mandat
431 3140 506 3174 feria
518 3142 655 3177 secunda
677 3145 747 3187 post
763 3147 891 3180 tertiam
902 3147 1111 3194 Qadragesi*

240 3201 302 3227 mae
315 3191 551 3225 Dominicam.
581 3192 627 3226 At
650 3194 726 3227 vero
749 3194 936 3229 Amalarius
959 3198 1115 3231 Fortuna-

239 3249 312 3281 tus,
344 3241 400 3275 sub
413 3242 583 3275 Lurlovico
595 3243 658 3276 Pio
670 3244 1114 3287 imperatoreTreverenfium

240 3290 542 3334 Archi-Episcopus
563 3292 672 3327 scribit
693 3293 734 3326 de
746 3305 856 3335 quarta
869 3294 946 3328 feria
970 3296 1115 3339 septima·

241 3351 288 3375 11ae
298 3353 415 3384 quartae
431 3354 437 3373 :
466 3343 584 3374 Eadem
602 3344 649 3376 die
658 3342 854 3377 catechumeni
871 3350 1041 3386 percipiunt
1052 3359 1115 3379 ora-

69 3373 201 3406 12·¹··c'3·
241 3394 348 3426 tionem
370 3395 554 3426 Dominicam
577 3395 610 3427 &
629 3393 788 3433 Symbolum
814 3395 860 3428 ad
877 3395 1057 3429 reddendum
1079 3404 1112 3430 in

1144 1777 1146 1781 ¹
1188 1739 1269 1772 Haec
1292 1738 1410 1780 verba,
1437 1741 1579 1771 Tenenda
1599 1744 1788 1780 memoriter,
1813 1740 1958 1777 elucidat
1980 1742 2078 1776 Ordo

1171 184 1326 230 vsabhatho
1341 183 1445 230 sanc‘lo
1469 184 1596 228 Pascha
1615 212 1623 219 .
1649 189 1760 223 Prima
1787 189 1898 235 itaque
1922 189 2067 225 mutatio

1186 237 1387 271 existimatur
1403 235 1518 271 faeta&
1528 238 1646 271 Sansto
1660 237 1823 281 Gregorio
1835 263 1846 279 ‚
1869 240 1961 284 quod
1973 241 2065 273 varia,

1188 288 1338 321 Ecclesia
1348 297 1450 327 tunc,
1477 287 1530 320 uti·
1539 286 1644 331 liquet
1653 298 1695 321 ex
1706 286 1886 334 Agathenli
1904 290 1940 324 ὅς
1952 284 2070 324 Braca-

1187 337 1268 373 renfi
1281 335 1424 381 Synodis
1436 336 1556 371 variare
1569 338 1734 381 eoepissent
1746 362 1754 370 .

1237 387 1313 422 Alia
1323 386 1369 421 est
1381 387 1465 422 ratio
1478 387 1586 422 Sancti
1598 387 1819 432 Hieronymi.
1846 387 1967 431 Neque
1979 389 2070 423 enim

1187 438 1241 473 ille
1252 438 1294 472 de
1303 436 1452 480 Symboli
1466 437 1668 479 traditione,
1694 438 1748 473 sed
1761 438 1802 474 de
1824 438 1902 474 fidei
1924 437 2070 480 loquitur

1181 488 1388 532 expositione
1414 488 1467 520 seu
1482 486 1706 534 catechismo,
1734 488 1854 532 dequo
1872 487 2071 532 &septimus

1189 538 1307 573 Canon
1329 537 1735 580 Constantinopolitanus:
1765 538 1995 574 catechumenos
2016 538 2072 570 dtu

1185 594 1217 621 in
1239 587 1366 630 Ecclesia
1386 585 1525 630 versari,
1549 587 1584 621 o·
1601 588 1769 629 scripturas
1792 591 1895 623 audire
1915 588 2047 632 facimus
2060 612 2071 622 .

1186 638 1405 682 Frequentibus
1413 637 1677 679 pradicationibus
1689 637 1886 673 imbuendos
1907 638 2018 674 scribit
2029 636 2071 673 ad
2132 681 2137 686 ¹

1187 689 1307 723 Siciliae
1332 689 1513 733 Episcopos
1535 689 1672 722 Sanetus
1691 688 1764 722 Leo
1777 688 1940 733 Magnus.
1969 687 2072 724 Varia
2087 680 2206 721 ΕΡῙΡΜ-

1187 739 1222 772 in
1247 738 1340 773 variis
1367 738 1488 774 saeculis
1511 749 1551 771 ac
1565 737 1757 782 regionibus
1777 738 1993 774 catechismus
2014 731 2111 793 illei:
2135 727 2161 794 ‘i'
2203 770 2205 773 ,

1186 788 1302 823 habuit
1314 798 1459 831 tempora
1472 801 1485 822 .-
1509 786 1600 822 Narn
1612 789 1647 822 ὃς
1658 788 1699 823 de
1710 789 1877 823 Samaritis
1886 786 2072 825 mediorum
2111 786 2118 794 “
2160 773 2207 799 44·

1186 838 1375 872 saeculorum
1386 838 1531 882 Paganis
1541 839 1672 873 novella
1685 838 1861 882 Iustiniani
1876 839 1928 873 lex
1949 836 2048 872 habet
2060 850 2070 870 z

1186 888 1420 922 catechizentur
1430 889 1545 922 biennio
1555 914 1563 921 .
1595 889 1639 924 Et
1650 889 1866 935 quadraginta
1878 889 1964 934 apud
1974 887 2072 922 Palae·

1187 939 1289 973 stinos
1302 939 1430 973 dierum
1442 937 1596 973 meminit
1605 939 1707 975 etiam
1731 941 1767 975 in
1791 943 1895 985 prima
1913 937 2073 975 catechesi

1187 991 1319 1024 Sanetus
1341 989 1488 1032 Cyrillus
1520 988 1703 1033 Episcopus
1726 991 2069 1034 Hierosolymitanus.

1188 1039 1320 1074 Eisdem
1332 1040 1448 1074 mediis
1467 1039 1587 1073 saeculis
1611 1040 1767 1075 Romana
1790 1041 1933 1076 Ecclesia
1945 1051 2073 1075 contra-

1188 1091 1237 1124 xit
1247 1090 1288 1124 ad
1300 1100 1431 1134 ternpus
1441 1099 1553 1135 quarta
1567 1090 1638 1133 post
1650 1100 1798 1134 quartam
1809 1090 2073 1139 Qadragesimae

1189 1141 1405 1175 Dominicam
1416 1141 1495 1177 feria
1520 1141 1554 1175 &
1565 1140 1648 1174 festo
1661 1139 1810 1176 paschali
1832 1141 2048 1176 interclusum
2061 1154 2074 1174 :

1190 1191 1338 1235 Eumque
1350 1192 1408 1225 suo
1419 1201 1567 1235 ternpore
1576 1190 1671 1226 fuisse
1698 1191 1787 1227 illius
1809 1192 1983 1237 antiquum
2004 1201 2078 1224 mo-
2095 1188 2157 1221 L4·
2171 1188 2252 1217 0¹⁸·

1189 1252 1256 1275 rem
1269 1242 1441 1276 adfirmant
1452 1241 1619 1285 Rupertus
1630 1239 1746 1276 Abbas
1758 1241 1938 1276 Tuitiensis
1949 1241 1985 1275 in
1997 1252 2075 1284 ope-

1189 1302 1222 1326 re
1233 1290 1274 1324 de
1284 1291 1515 1327 Ecclesiasticis
1526 1292 1666 1333 officiis,
1691 1292 1727 1326 ὃς
1748 1291 1782 1325 in
1807 1291 1940 1338 speculo
1961 1290 2003 1325 de
2015 1291 2076 1324 Ec-

1188 1342 1288 1375 clesiae
1298 1342 1460 1384 mysteriis
1470 1341 1579 1386 Hugo
1590 1340 1631 1374 de
1654 1343 1774 1377 Sant‘to
1784 1341 1939 1377 Vistore.
1969 1340 2076 1380 Porro
2095 1349 2159 1378 1..1·
2176 1349 2252 1374 cd?-

1189 1388 1376 1424 catechismi
1412 1392 1448 1424 &
1470 1391 1658 1424 traditionis
1678 1391 1830 1432 symboli
1856 1392 2077 1425 differentiam

1190 1439 1329 1481 exponit
1354 1440 1389 1472 in
1412 1438 1503 1472 libris
1520 1439 1806 1474 Retraetationum
1816 1440 1951 1475 Sanstus
1963 1440 2079 1484 Augu-

1189 1488 1291 1522 stinus
1303 1513 1310 1520 .
1339 1491 1386 1521 De
1392 1488 1457 1531 fide
1482 1490 1517 1522 cb·
1527 1489 1652 1528 symbolo
1663 1488 1822 1533 disputavi
1834 1514 1846 1531 ‚
1872 1503 1965 1534 quam
1977 1489 2079 1534 dispu-

1189 1544 1332 1572 tationem
1343 1545 1375 1572 in
1386 1539 1497 1571 librum
1505 1540 1633 1578 contuli,
1657 1546 1690 1572 in
1700 1551 1754 1582 quo
1774 1542 1811 1575 de
1829 1542 1917 1575 rebus
1939 1540 2006 1583 ipfis
2030 1542 2077 1580 1ιᾷ

1190 1588 1352 1631 disseritur,
1377 1598 1411 1621 ut
1419 1596 1520 1622 tamen
1537 1591 1660 1633 nonfiat
1671 1590 1829 1623 verborum
1847 1592 1900 1624 tila
1909 1597 2079 1629 contextio,

1189 1649 1256 1681 quae
1281 1639 1412 1673 tenenda
1436 1645 1606 1674 memoriter
1641 1638 1887 1681 competentibus
1925 1642 2077 1674 traditur.

1190 1688 1319 1723 Eodem
1330 1687 1434 1723 modo
1446 1688 1622 1733 distinguit
1641 1690 1676 1723 in
1698 1689 1791 1725 libris
1802 1689 2057 1726 Confeffionum
2068 1718 2075 1725 .
2094 1690 2220 1724 Line-3.

1189 1788 1361 1823 Romanus
1374 1814 1382 1822 .
1409 1792 1537 1821 Intentls
1557 1794 1669 1822 animis
1689 1790 1855 1828 Symbolum.
1871 1788 1974 1833 ddi-ite
2006 1817 2017 1833 ‚
2043 1793 2079 1827 6·
2095 1769 2175 1804 ¹:⁴42‘

1187 1840 1269 1881 quod
1277 1838 1362 1872 vohis
1378 1863 1389 1878 ,
1405 1837 1483 1880 ficut
1492 1845 1677 1880 accepimus,
1706 1842 1882 1882 tradimus,
1908 1853 1966 1875 non
1987 1843 2078 1877 alicui

1186 1894 1321 1922 materiae
1344 1913 1355 1928 ,
1380 1899 1449 1931 quae
1468 1895 1615 1932 corrumpi
1630 1890 1714 1933 pofflt
1738 1914 1748 1929 ,
1767 1890 1830 1936 sed
1842 1897 1966 1935 paginis
1985 1893 2078 1935 vestri

1185 1940 1281 1975 cordis
1293 1937 1469 1982 adscribite.
1498 1939 1542 1975 Et
1571 1941 1637 1984 ipse
1653 1941 1866 1985 Augustinus
1886 1943 1923 1976 in
1934 1942 2028 1977 libris
2037 1945 2079 1979 de
2098 1961 2162 1993 L„—
2181 1965 2239 1992 ως

1186 1988 1346 2033 symbolo
1358 2013 1365 2021 .
1394 1993 1522 2031 Accipite
1524 1988 1583 2030 filii
1604 1995 1733 2033 regulam
1742 1991 1839 2032 fidei,
1865 1993 1945 2034 quod
1964 1993 2078 2031 symbo-

1185 2041 1246 2073 lum
1257 2040 1382 2072 dicitur.
1410 2042 1457 2072 Et
1473 2040 1539 2073 cum
1550 2046 1744 2081 acceperitis,
1770 2046 1804 2075 tn
1824 2043 1910 2076 corde
1930 2040 2075 2085 scribite,

1186 2091 1220 2124 6·
1240 2091 1370 2133 quotidie
1380 2090 1470 2123 dicite
1494 2092 1579 2136 apud
1595 2102 1672 2123 vos:
1700 2095 1872 2136 Antequam
1892 2093 2050 2127 dormiatis
2062 2120 2075 2135 ,

1184 2149 1346 2182 antequam
1354 2141 1549 2182 procedatis,
1574 2139 1701 2180 symbolo
1722 2153 1779 2175 vos
1804 2147 1935 2177 munite.
1962 2145 2075 2182 symbo-

1183 2191 1243 2233 lum
1254 2202 1336 2223 nemo
1342 2189 1448 2234 sitibit
1459 2214 1470 2231 ‚
1491 2189 1549 2233 sed
1557 2192 1603 2223 ad
1610 2189 1816 2234 recensendum
1826 2218 1837 2235 ,
1864 2204 1902 2228 ne
1914 2192 1999 2235 firtd
2022 2196 2076 2231 de-

1184 2232 1246 2274 leht
1259 2241 1368 2274 oblivio
1379 2265 1390 2281 ‚
1416 2242 1497 2282 quod
1505 2242 1634 2274 tradidit
1657 2243 1814 2285 diligentia
1825 2268 1837 2284 ‚
1854 2242 1906 2284 fit,
1920 2243 2006 2277 vohis
2030 2257 2074 2279 co-

1183 2292 1245 2325 dex
1256 2290 1351 2330 vestra
1360 2296 1498 2324 memoria
1511 2316 1519 2323 .
1545 2291 1743 2335 Symbolum
1757 2303 1825 2327 erat
1841 2293 1959 2328 secreta
1971 2292 2074 2329 Chri·

1184 2341 1294 2375 stianae
1304 2342 1406 2384 usque
1415 2340 1455 2374 ad
1470 2340 1721 2383 hospitalitatem
1732 2343 1982 2378 communionis
2006 2346 2069 2380 tes-

1184 2392 1248 2425 sera
1263 2416 1273 2431 ,
1301 2390 1415 2433 Judaeis
1440 2401 1496 2425 aut
1510 2391 1697 2427 Gentilibus
1716 2393 1905 2429 nullatenus
1929 2394 2070 2437 proden-

1183 2441 1246 2482 da,
1269 2440 1408 2483 ideoque
1431 2453 1538 2485 neque
1559 2441 1678 2476 chartae
1693 2467 1704 2483 ,
1730 2454 1835 2487 neque
1859 2444 1965 2478 cuivis
1987 2454 2072 2483 cate-

1183 2489 1348 2525 chumeno
1371 2517 1381 2532 ‚
1407 2492 1460 2526 sed
1485 2492 1559 2526 solis
1583 2492 1859 2536 Competentibus
1883 2517 1894 2532 ‚
1929 2494 1993 2537 jam
2013 2506 2072 2538 per

1183 2542 1303 2585 septem
1326 2542 1471 2586 rigorosa
1493 2543 1647 2578 scrutinia
1670 2542 1814 2578 discuffis
1839 2555 1876 2578 ac
1901 2543 2070 2588 probatis,

1183 2604 1221 2627 ac
1241 2593 1428 2636 propediem
1452 2592 1653 2636 baptizandis
1674 2618 1686 2635 ‚
1714 2604 1842 2638 poterat
1865 2595 1952 2628 credi
1971 2618 1979 2627 .
2018 2595 2070 2628 Ita

1182 2643 1246 2677 fuit
1268 2643 1437 2687 quousque
1457 2643 1653 2686 Symbolum
1676 2644 1763 2688 apud
1785 2644 1949 2689 gentiles,
1974 2643 2068 2679 sacris

1183 2692 1299 2727 nostris
1313 2692 1472 2727 hostiliter
1483 2693 1670 2729 insidiantes
1682 2719 1692 2735 ‚
1718 2695 1937 2738 periclitatum
1950 2694 2013 2727 fuit
2025 2692 2067 2735 de

1182 2742 1388 2787 proditione:
1416 2743 1576 2780 Extindio
1602 2745 1757 2780 cumillis
1780 2745 1872 2778 omni
1896 2742 1961 2777 hoc
1985 2745 2067 2787 peri-

1180 2794 1268 2835 culo,
1282 2793 1389 2828 statim
1401 2793 1435 2827 in
1447 2794 1519 2838 ipso
1531 2793 1819 2830 catechumenatus
1829 2792 1967 2828 exordio
1979 2792 2063 2829 tradi

1181 2843 1267 2878 istud
1291 2844 1398 2878 voluit
1418 2845 1551 2879 sanstus
1565 2846 1745 2890 Gregorius
1767 2845 1913 2889 Magnus
1926 2868 1938 2885 ‚
1963 2854 2065 2890 atque

1178 2895 1280 2928 etiam
1291 2895 1325 2928 in
1336 2894 1489 2937 scriptum
1507 2894 1610 2940 redigi
1622 2895 1781 2938 permisit.

1230 2945 1284 2979 De
1295 2945 1362 2988 ejus
1374 2956 1428 2988 per
1442 2945 1677 2988 Competentes
1689 2942 1876 2979 redditione
1890 2942 1988 2979 habet
2001 2945 2062 2980 Ca-

1181 3005 1248 3027 non
1274 2993 1484 3029 Laodicenfis
1506 3008 1514 3027 z
1552 3000 1674 3037 Oportet
1699 3006 1746 3028 eos
1768 3020 1779 3036 ‚
1805 3001 1857 3037 qui
1879 2993 2059 3036 baptizandi
2078 2995 2150 3033 Cap.
2169 3001 2216 3033 46.

1173 3042 1246 3086 sunt
1266 3068 1277 3085 ,
1298 3046 1391 3087 fidem
1410 3044 1535 3087 ediscere
1553 3070 1562 3084 ‚
1594 3046 1628 3077 Θ
1654 3050 1760 3087 quinta
1777 3044 1864 3087 feria
1880 3043 2060 3087 septimana

1181 3095 1310 3138 majoris
1332 3093 1474 3136 Episcopo
1499 3102 1552 3127 aut
1574 3094 1757 3133 Presbyter-ts
1779 3100 1955 3130 renunciare
1977 3120 1984 3128 .
2013 3095 2058 3130 Et

1180 3145 1267 3178 hunc
1280 3144 1453 3178 Canonem
1465 3146 1595 3187 praesens
1607 3145 1714 3182 noster
1734 3145 1871 3182 innovat
1895 3146 1928 3180 &
1940 3146 2061 3181 confir-

1180 3203 1264 3228 mat.
1291 3194 1455 3235 Quocirca
1466 3204 1635 3238 perpetuus
1646 3193 1772 3230 videtur
1795 3195 1851 3231 hic
1862 3195 1955 3234 fuisse,
1987 3207 2059 3231 mos

1180 3245 1328 3278 Ecclefiae
1338 3243 1533 3279 orientalis.
1561 3243 1609 3279 At
1621 3244 1697 3279 vero
1708 3246 1749 3279 de
1772 3246 1915 3281 Ecclesia
1937 3246 2058 3281 Latina

1178 3294 1287 3328 scribit
1300 3295 1331 3327 in
1350 3293 1435 3328 libro
1445 3294 1485 3328 de
1495 3295 1681 3337 spectaculis
1691 3295 1931 3332 Tertullianus:
1943 3301 2057 3338 Aquam
2073 3302 2145 3340 Cap.
2162 3313 2191 3339 4.

1179 3342 1595 3387 ingrcffiChrssianamfidem
1615 3351 1648 3378 in
1658 3346 1730 3390 legis
1739 3345 1804 3390 ficae
1827 3347 1920 3381 verba
1937 3345 2056 3387 profite-

1177 3405 1244 3428 mur
1254 3419 1261 3427 .
1289 3394 1339 3428 Ex
1351 3405 1417 3439 quo
1431 3395 1557 3430 videtur
1568 3395 1718 3439 Symboli
1727 3397 1868 3434 redditio
1879 3398 1956 3431 fa&
1980 3395 2056 3430 fuis-

1927 3443 2003 3479 sein
