2340 3762
618 169 911 228 Senotns,
953 184 1016 216 ετ
1050 169 1145 217 No
1165 179 1249 215 r‘1s
1285 178 1667 217 niusa-narr.
1891 183 1993 236 *195

373 580 462 628 Um
496 577 623 628 fimus
658 575 874 628 debitores
907 592 1059 625 omnes
1094 571 1232 624 sacras
1267 572 1456 636 Regulas
1490 569 1704 621 custodire
1734 608 1747 632 ,
1795 576 1839 622 &
1872 590 2013 623 eam...
2028 610 2042 633 ,

406 666 503 716 quae
537 648 674 708 dicit,
710 650 756 696 in
790 662 1052 713 unaquaque
1088 644 1280 694 Ecclesia
1315 648 1597 692 Oeconomos
1632 639 1712 691 effe
1732 677 1745 702 ,
1788 644 1932 692 modis
1968 662 2062 694 om-

231 718 362 769 nibus
403 719 703 770 inviolabilem
752 715 1002 767 conservare
1036 714 1241 764 debemus
1277 750 1290 763 .
1339 717 1397 762 Et
1432 712 1464 761 fi
1511 710 1691 779 quidem
1739 711 2063 780 unusquisun

232 790 601 857 Metropolitanus
635 791 682 836 in
715 785 786 837 sua
821 786 1010 836 Ecclefia
1044 784 1316 834 constituerit
1364 786 1672 834 Orconomum
1697 817 1711 843 ‚
1762 782 1872 831 bene
1909 787 2063 849 utique

232 859 403 908 habet:
449 862 522 907 Sin
557 872 702 906 autem
723 893 737 916 ,
773 875 826 906 ex
860 857 1119 906 auctoritate
1152 856 1328 923 propria
1363 852 1809 920 Constantinopoleos
1845 851 2066 922 Episcopo

230 925 413 985 licentia
446 926 520 987 est,
541 923 821 994 praeponendi
845 930 1161 988 *Otconomum
1198 926 1244 973 in
1280 922 1471 974 Ecclesia
1497 960 1510 971 .
1561 925 1769 973 Similiter
1818 927 1861 972 &
1897 929 2064 972 Metro-

230 998 439 1066 politanis
461 1034 474 1057 ‚
508 996 540 1046 fi
575 994 777 1065 Episcopi
803 1032 817 1055 ‚
851 999 929 1064 qui
965 994 1041 1047 sub
1076 995 1176 1063 ipfis
1212 993 1307 1043 sunt
1340 1029 1353 1054 ‚
1389 1011 1477 1042 non
1512 992 1743 1057 sategerint
1779 998 2064 1043 Oeconomos

232 1068 414 1118 statuere
448 1069 495 1117 in
530 1065 612 1118 suis
647 1066 873 1118 EcclefiiS.
908 1065 960 1116 Id
984 1065 1123 1135 ipsum
1144 1077 1290 1116 autern
1315 1062 1568 1114 servandum
1597 1063 1658 1113 est
1690 1066 1736 1113 in
1762 1063 2028 1113 monasteriis
2048 1099 2062 1111 .

1172 1288 1424 1333 nopolitanum‚
1448 1286 1467 1321 ὲ
1480 1287 1634 1322 Romana
1648 1286 1791 1321 Ecclesia
1817 1284 1882 1320 huc
1896 1287 1997 1330 usque
2016 1296 2062 1320 re-

1172 1340 1311 1373 futatum
1324 1336 1578 1373 coustantiffime
1594 1361 1604 1376 ,
1632 1348 1698 1370 non
1722 1335 1932 1371 solummodo
1942 1335 2061 1370 confir-

1172 1399 1261 1427 met,
1288 1388 1342 1421 sed
1364 1389 1399 1421 δε
1413 1387 1557 1430 aliquam
1583 1387 1618 1420 in
1640 1387 1776 1420 aliarum
1795 1386 1896 1420 etiam
1918 1386 2062 1419 patriar-

1172 1435 1321 1470 chalium
1339 1437 1535 1471 Dioeceseon
1549 1435 1781 1478 Metropolitas
1807 1435 2001 1478 potestatem
2015 1434 2064 1466 vi-

1173 1484 1285 1520 deatur
1304 1486 1486 1530 impartiri.
1509 1484 1617 1520 Nulla
1642 1485 1677 1520 id
1699 1484 1874 1529 usquehuc
1905 1483 2061 1529 Synodus

1173 1545 1348 1572 attentarat
1360 1561 1368 1570 .

417 1293 908 1337 SCHOLION.

336 1485 473 1520 novatio
489 1510 500 1526 ‚
524 1487 558 1520 ὅ(
570 1485 610 1519 ad
634 1485 831 1520 monasteria
848 1484 1011 1524 extensio,
1038 1494 1104 1528 gra·

228 1537 311 1572 viter
331 1535 513 1577 excedens,
539 1534 629 1581 quod
641 1534 902 1572 Patriarchatum
922 1532 1109 1570 Constanti-

311 1436 346 1471 St
358 1435 507 1470 Canonis
518 1435 792 1470 Chalcedonensis
802 1434 945 1480 vigesimi
966 1434 1047 1468 sexti
1060 1339 1130 1576 mx

571 1918 1248 2005 CANON
1416 1919 1710 2004 XII.

373 2182 553 2252 Uisquis
581 2184 821 2254 Episcopus
845 2188 1047 2236 inventus
1084 2185 1214 2235 fue-rit
1250 2187 1322 2235 vel
1357 2185 1509 2236 Abbas
1545 2184 1600 2235 de
1635 2185 1798 2236 salariis
1834 2172 2074 2255 Episcopii'

407 2255 493 2305 five
519 2257 764 2306 monasterii
789 2256 1017 2307 transferre
1041 2258 1279 2324 quicquam
1314 2257 1361 2304 in
1385 2259 1634 2325 Principum
1660 2274 1812 2307 manus
1838 2295 1851 2318 ,
1887 2260 1959 2308 vel
1990 2274 2073 2318 et«,‚

406 2328 492 2374 iam
523 2327 598 2375 alii
622 2326 808 2395 personae
836 2327 1054 2388 conferre,
1089 2329 1261 2377 irritum
1286 2326 1337 2376 fit
1367 2327 1489 2394 quod
1518 2327 1680 2387 datum,
1699 2326 2078 2391 effeconstiterit„

221 2398 453 2449 secundum
478 2405 710 2454 Canonum
736 2403 972 2454 sanctorum
999 2402 1305 2475 Apostolorum
1332 2440 1345 2464 ,
1381 2405 1461 2470 qui
1490 2401 1600 2452 dicit
1625 2438 1635 2448 .
1678 2400 1916 2450 Omnium
1947 2398 1998 2451 E
2000 2417 2060 2448 c-

222 2466 600 2540 clestasi·icarum
638 2490 806 2524 rerum
843 2473 1123 2547 Episcopus
1148 2470 1548 2544 sollicitudinem
1586 2470 1762 2524 habeat
1796 2515 1812 2534 ,
1856 2466 1920 2524 Εἴ
1943 2465 2073 2542 dis-¹

213 2540 395 2614 penset
434 2561 518 2595 eas
551 2558 813 2619 tamquam
859 2550 974 2600 Deo
1011 2544 1368 2619 contemplante
1399 2574 1412 2609 3
1462 2565 1555 2599 non
1594 2544 1745 2599 liceat
1794 2562 1963 2600 autem
2014 2548 2060 2598 εἰ

210 2616 472 2691 fraudare
518 2620 794 2694 quidquam
839 2641 902 2674 ex
940 2620 1041 2675 illis
1077 2664 1095 2684 ,
1142 2618 1232 2675 vel
1278 2621 1501 2693 cognatis
1542 2625 1769 2695 propriis
1826 2621 2056 2679 donare)

220 2709 320 2766 quae
362 2693 468 2745 Dei
492 2693 633 2766 funt
661 2737 673 2748 .
722 2693 872 2766 Quod
896 2696 948 2767 st
972 2711 1217 2769 pauperes
1242 2696 1482 2769 fuerint,
1520 2712 1579 2750 ut
1611 2695 1914 2771 pauperiem
1945 2695 2068 2757 lar-=

216 2767 397 2836 giatur
423 2808 440 2829 ,
464 2768 577 2840 fed
606 2789 698 2822 non
725 2769 831 2842 sub
879 2790 1044 2824 eorum
1089 2771 1334 2842 occasione
1381 2790 1478 2847 qua
1515 2771 1651 2846 sunt
1699 2770 1923 2841 Ecclefiae
1966 2770 2055 2823 de..

214 2838 536 2926 frattdentur
564 2887 574 2897 .
621 2852 753 2918 Qod
779 2852 809 2902 fi
845 2857 888 2903 δε
911 2853 1228 2905 excusationem
1254 2854 1561 2921 praetenderint
1586 2895 1599 2919 ,
1635 2857 1842 2905 damnum
1883 2854 2066 2916 facere5

221 2919 271 2995 §c
299 2916 407 2965 n1h11
435 2917 489 2967 ad
512 2921 751 2988 profectum
779 2940 927 2987 agrum
955 2926 1132 2979 existere
1157 2963 1170 2986 ‚
1205 2941 1285 2973 nec
1308 2927 1364 2976 fic
1393 2928 1664 2995 Principibus
1690 2964 1702 2987 ‚
1739 2928 1817 2993 qui
1851 2944 1927 2993 per
1955 2927 2067 2977 loca'

222 2986 301 3035 illa
326 2984 422 3035 sunt
447 3024 461 3048 ‚
510 2991 724 3042 tribuatur
758 3010 861 3057 ager
895 2996 966 3044 vel
1005 2998 1126 3046 locus
1150 3032 1163 3056 ‚
1214 2993 1285 3043 sed
1326 3000 1509 3048 Clericis
1558 2999 1631 3048 vel
1672 2996 2008 3060 agricultoribus
2036 3033 2049 3046 .

221 3054 360 3123 Qod
388 3056 418 3105 si
445 3059 684 3112 calliditate
714 3063 807 3112 usus
834 3065 962 3114 fuerit
990 3103 1003 3127 ‚
1038 3071 1081 3116 δε
1108 3065 1134 3116 ὲ
1158 3064 1316 3116 colono
1351 3070 1422 3118 vel
1445 3068 1621 3117 Clerico
1659 3070 1812 3117 emerit
1844 3067 2052 3135 Princeps

223 3142 375 3205 agrum
400 3164 413 3187 3
447 3131 583 3176 etiam
623 3131 680 3181 fic
704 3136 826 3183 irrita
851 3136 902 3184 fit
928 3137 1150 3198 venditio,
1187 3141 1230 3185 &
1261 3137 1507 3186 restituatur
1537 3136 1768 3206 Episcopio
1803 3140 1873 3188 vel
1900 3155 2051 3189 mona-

219 3195 352 3245 sterio
376 3217 388 3255 3
424 3201 467 3246 δε
497 3198 733 3268 Episcopus
768 3206 839 3252 vel
868 3205 1016 3255 Abbas
1058 3208 1144 3256 hoc
1173 3206 1333 3256 faciens
1359 3207 1587 3272 abjiciatur
1611 3245 1624 3269 ‚
1674 3208 1912 3278 Episcopus
1947 3213 2051 3276 qui-

223 3264 333 3352 demx
350 3266 406 3316 ab
435 3269 669 3337 Episcopio
691 3309 705 3331 ,
747 3273 897 3352 fabbas
924 3292 1069 3327 autem
1094 3275 1121 3327 ὲ
1144 3277 1406 3328 Monasterio
1430 3315 1443 3340 ,
1480 3294 1706 3348 tamquam
1745 3282 1824 3349 qui
1852 3279 2053 3350 disperiit

151 3358 153 3360 ·
225 3338 337 3386 male
366 3356 462 3406 quae
489 3357 576 3389 non
603 3342 804 3406 colleg1t.

293 3494 429 3537 ”Christ
445 3501 525 3542 Lupi
539 3505 624 3544 oper.
641 3505 719 3541 Tam.
734 3505 787 3540 111.
1490 3512 1518 3547 B
1546 3512 1567 3547 b
1617 3524 1640 3550 2
1864 3508 2002 3545 SCHQ.
2054 3476 2057 3479 .
