2340 3762
75 319 164 361 Epist.
171 329 184 358 ς
191 324 216 353 8.

74 665 190 706 Epist.4.

69 1082 144 1122 Cap.
155 1092 207 1121 ’93-

67 1384 142 1427 eap.
157 1394 187 1419 ⁶.

65 1810 206 1839 L-8.c.u..

66 1924 140 1961 cap.
153 1928 183 1955 6.

67 2007 139 2045 cap.
147 2015 174 2042 7·

632 154 937 211 Sericum,
977 169 1041 199 ετ
1076 151 1270 204 Nous
1305 153 1688 203 utus-raan.

252 245 444 289 Eugenium
457 243 658 290 Tyrannum
681 247 815 281 victoria
825 246 939 282 Mitras
950 245 1126 291 gratiarum

250 297 379 331 actrices
388 296 455 330 fieri
467 295 644 339 postularat
653 319 664 336 ‚
691 296 833 333 rescribit
841 297 976 331 Sanetus
987 294 1127 331 Ambro-

1906 173 2002 222 127
2069 172 2072 174 ’

1193 245 1304 279 fimam
1316 243 1589 286 consuetudinem
1603 248 1738 290 praesens
1748 249 1868 284 Canon
1882 248 2078 284 confirmatss

1193 294 1341 343 Qidarn
1352 293 1464 329 abillo
1476 297 1576 332 etiam
1595 297 1827 340 perfistentiam
1853 300 1996 340 permitti
2011 299 2076 333 exi-

247 346 314 382 ssus
326 372 334 381 .
360 345 524 389 Epistulam
533 348 663 380 Pietatis
675 355 737 381 tuae
748 358 857 382 mecum
875 347 920 380 ad
930 346 1034 380 altare
1042 347 1130 381 dem-
1173 361 1179 402 Ι
1194 346 1325 379 stimant
1338 357 1346 376 ε
1374 345 1422 379 At
1437 345 1534 381 verba
1546 345 1580 380 id
1592 358 1661 381 non
1674 349 1791 382 sonant
1808 372 1815 379 .
1841 346 2012 392 Qidquid
2023 349 2075 388 fit,

248 397 273 431 11
287 420 298 436 ,
324 395 422 440 ipsam
439 396 536 429 altari
547 395 670 439 impositi
680 422 690 437 ‚
716 394 930 441 ipsamgqllavi
957 407 1050 430 manu
1062 406 1126 430 cum
1192 395 1294 429 Graeci
1306 394 1517 438 Imperatores
1530 397 1641 431 locum
1655 398 1777 438 istum,
1801 397 1900 431 etiam
1915 398 2072 432 thronum

250 445 591 490 offerremsacrficlum‚
617 455 650 479 ut
660 447 739 491 fides
763 452 859 482 tuain
871 458 938 481 moa
957 458 1026 480 voce
1035 448 1129 489 loque-

244 505 334 533 retur
346 521 356 538 ‚
382 498 523 539 &apices
546 496 663 539 Augusti
674 499 870 533 sacerdotalis
890 497 1046 531 oblationis
1068 507 1129 529 mu-

251 559 321 582 nere
333 547 537 591 fungerentur
549 571 556 578 .
584 548 628 581 Et
640 548 681 583 ad
698 547 945 584 Proconsularis
963 547 996 581 in
1014 547 1130 582 Africa

248 596 435 633 Provincias
457 597 642 641 Episcopos
668 596 776 643 scribit
808 598 941 632 Sanetus
966 596 1125 632 Pontifex

250 647 425 682 Martinus
437 647 577 690 primus:
606 650 666 682 Per
682 644 851 693 spiritalem
874 654 907 681 in
918 649 1017 681 Altart
1039 653 1129 681 inter-

248 698 390 738 effanem
400 699 462 731 Deo
472 706 630 740 tamquam
650 698 729 732 dona
739 697 912 739 offerentes,
939 708 976 731 ea
989 722 1001 738 ‚
1026 709 1094 741 quae
1109 698 1129 730 ἃ

250 748 339 781 vobis
375 746 546 784 adversum
572 745 815 783 Monothelitas
847 747 1027 792 synod-nter
1046 747 1129 792 gesta

242 796 340 842 sunt,
358 797 536 833 obtulimus.
579 795 778 834 Absentiam
799 799 835 833 in
848 796 1016 834 offerendo
1040 798 1127 831 vices

249 847 405 892 Epistolae
413 846 590 890 explebant
600 871 609 879 .
621 886 624 890 ⁵

298 896 446 944 Qaestio
468 894 515 930 est
536 918 548 936 ,
574 894 632 932 An
658 897 796 940 populus
816 897 986 932 oblaturus
1017 897 1123 931 sancta

248 946 430 980 sanctorum
450 943 585 983 intraret
602 967 614 986 ‚
639 945 673 981 ἀ
695 958 813 990 panem
835 948 927 982 suu'm
949 958 987 981 ac
1008 947 1125 980 vinum

246 995 433 1039 imponeret
442 994 558 1036 altari,
585 1005 642 1031 aut
652 996 836 1032 Sacerdotis
856 997 1008 1032 manibus
1029 996 1071 1031 ad
1083 995 1124 1031 al-

245 1046 338 1092 tare?
365 1044 431 1080 Pro
442 1055 531 1090 parte
541 1045 744 1083 adfirmativa
754 1048 834 1083 facit
842 1058 958 1090 quarta
970 1047 1124 1092 Synodus

244 1093 514 1140 Carthaginenfis
537 1108 545 1128 ι
572 1096 744 1131 oblationes
768 1099 967 1139 diffidentium
983 1097 1124 1139 fratrum

245 1157 340 1189 neque
350 1150 384 1179 in
390 1144 522 1190 sacrario
538 1171 549 1188 ‚
576 1157 668 1190 neque
678 1153 711 1180 m
717 1149 922 1192 gazophylacio
931 1154 1123 1191 recipiantur.

245 1196 293 1230 Et
304 1195 446 1231 secunda
457 1195 611 1240 synodus
620 1197 875 1234 Matisconenfis
895 1210 973 1233 cum
984 1198 1064 1233 dura
1080 1198 1127 1232 in-

252 1246 445 1290 crepatione
470 1246 606 1284 mandat
625 1271 637 1288 ‚
664 1256 700 1282 ut
721 1248 838 1294 finguli
865 1247 999 1289 fideles,
1023 1248 1124 1283 etiam

250 1295 408 1336 faeminae,
434 1306 490 1340 per
500 1296 640 1341 singulas
650 1298 847 1334 Dominicas
862 1296 962 1342 sacris
974 1298 1124 1332 altaribus

246 1346 428 1379 admunt
440 1345 569 1385 hostias:
596 1345 697 1382 Panis
708 1347 823 1383 &vini
835 1374 844 1382 .
871 1347 917 1383 Et
935 1347 1125 1391 capitulare

246 1395 355 1431 Sancti
364 1394 584 1439 Theodulphi
596 1395 839 1432 Aurelianensis
847 1397 1003 1440 Episcopi
1015 1410 1027 1430 .-
1055 1401 1126 1430 1⁷ae-

244 1448 338 1478 minae
358 1467 370 1484 ,
395 1444 549 1477 sacerdote
575 1446 694 1486 Mlffam
712 1444 875 1478 celebrante
897 1467 910 1484 ,
934 1454 1123 1487 nequaquam

245 1494 293 1526 ad
302 1493 397 1527 attare
405 1494 570 1534 accedant,
591 1491 717 1537 sedficis
729 1493 895 1535 locisstmt,
925 1494 1126 1529 &thasau-

246 1545 301 1576 dos
312 1554 416 1577 earum
432 1542 592 1578 oblationes
605 1547 667 1578 Deo
683 1542 836 1585 ‘oblatuius
858 1549 1002 1587 accipiat.
1029 1544 1125 1591 Qe-

246 1592 333 1627 circa
353 1593 415 1628 viri
436 1594 472 1628 in
499 1593 644 1630 Ecclefia.
666 1592 895 1629 Aurelianenfi
918 1594 1060 1629 omnino
1082 1594 1124 1629 ad

246 1643 362 1678 Altare
372 1642 587 1678 accedebant.
614 1644 659 1678 Et
669 1644 760 1688 quod
772 1645 873 1679 etiam
894 1644 952 1680 sub
962 1646 1125 1679 Innocen-

246 1692 297 1727 tio
317 1693 416 1727 tertio
435 1692 601 1728 Pontifice
627 1694 805 1729 Bremenfis
825 1695 966 1739 populus
985 1693 1124 1729 oblatio-

244 1753 324 1776 nem
344 1743 432 1776 suam
451 1743 507 1785 ipfi
525 1743 633 1777 Altari
658 1743 863 1789 imponeret,
886 1745 990 1790 liquet
1007 1756 1051 1778 ex
1063 1743 1122 1778 Ar·

245 1790 351 1827 noldo
374 1790 507 1826 Abbate
527 1791 704 1827 Lubecenfi
733 1795 770 1828 in
793 1794 966 1829 Chronico
993 1794 1125 1829 Sclave-

244 1851 335 1876 rum.
364 1841 495 1876 Partem
515 1841 591 1876 vero
615 1843 803 1887 negativam
834 1844 946 1879 suadet
969 1844 1121 1887 Synodus

246 1891 521 1937 Aquisgranenfis
540 1891 599 1926 sub
610 1893 783 1928 Ludovico
804 1893 860 1938 pio
873 1894 1025 1940 Augusto
1036 1918 1048 1935 ‚
1074 1892 1122 1928 di-

244 1953 320 1977 cens
341 1941 382 1976 de
391 1940 625 1977 Subdiaconis:
651 1942 701 1985 Isti
721 1944 880 1978 oblationes
901 1950 935 1979 in
947 1945 1055 1987 templo
1071 1942 1120 1987 fic-

240 1990 374 2036 stipium
385 1994 527 2035 &populis
539 2018 546 2024 .
574 1993 618 2027 Et
628 1992 712 2028 infra
723 1992 764 2028 de
774 1994 955 2030 Diaconis:
981 1994 1119 2037 Inferum

243 2043 404 2075 oblationes
414 2047 447 2074 ln
464 2044 582 2075 Altaria
598 2067 605 2073 .
633 2043 678 2076 Et
687 2044 830 2078 Herardi
843 2044 1048 2081 Turonenfis
1058 2043 1120 2077 Ar-

245 2089 470 2134 chi-Episcopi
491 2090 679 2135 capitulare
687 2090 803 2126 diserte
811 2093 922 2136 jubet,
949 2103 982 2128 ut
990 2095 1118 2136 populus

245 2149 334 2174 extra
345 2141 485 2174 cancellos
500 2140 580 2183 stet,
603 2140 722 2185 eiusque
742 2142 847 2176 oblano
869 2153 957 2177 extra
977 2145 1118 2178 cancellos

246 2195 426 2233 recipiatur.
451 2191 555 2240 Qod
580 2192 686 2236 ipsum
698 2192 769 2227 fieri
791 2194 984 2228 consuetum
1006 2195 1041 2227 in
1053 2194 1120 2228 Ro·

245 2252 342 2276 mana
354 2241 495 2276 Ecclefia
507 2265 520 2282 ,
545 2241 648 2288 liquet
658 2250 698 2276 ex
706 2241 838 2277 vetustis
846 2243 970 2279 rituum
984 2243 1120 2279 Latino·

242 2302 315 2326 rum
324 2291 578 2335 descriptoribus
589 2317 595 2324 .

293 2340 493 2384 Respondeo
506 2342 666 2377 variarum
679 2342 892 2379 Eccleliarum
904 2344 1029 2379 varium
1040 2343 1117 2379 fuis-

242 2391 275 2425 se
286 2401 410 2426 morem
421 2416 429 2423 .
458 2391 504 2426 Et
513 2392 647 2436 quidem
660 2392 747 2438 apud
755 2405 872 2429 omnes
883 2395 1010 2430 Graecos
1020 2405 1120 2439 popu·

241 2439 292 2474 lus
306 2451 510 2485 nequaquam
534 2442 676 2478 intrabat
689 2443 888 2480 Sacrarium:
919 2444 1042 2482 Intrare
1050 2455 1117 2479 erat

246 2490 454 2535 privilegium
474 2491 576 2527 solius
598 2492 763 2539 Principis
784 2518 796 2536 ,
821 2495 932 2530 revera
953 2494 1119 2531 vetustiffi-

243 2550 335 2573 mum
349 2564 360 2580 ,
384 2541 418 2574 &
435 2540 453 2574 ὲ
475 2542 595 2578 Sancto
619 2543 793 2583 Ambrofio
808 2571 819 2587 ,
845 2547 900 2591 qui
921 2545 1017 2581 illum
1040 2547 1119 2581 fasta

243 2589 418 2624 oblatione
436 2590 520 2629 intra
531 2593 694 2628 cancellos
715 2596 876 2639 persistere
885 2595 1059 2632 dumtaxat
1069 2607 1122 2630 ve·

243 2639 331 2680 tuit,
355 2639 540 2678 nullatenus
559 2645 761 2680 correctum.-
789 2646 834 2681 Et
857 2645 942 2681 hanc
965 2647 1121 2691 antiquis-

601 2924 1121 3016 CANO

1190 444 1260 487 ipso
1272 443 1483 479 patriarchali
1507 445 1734 483 sublimiorem
1746 473 1759 490 ,
1788 447 1922 483 tandem
1934 446 2076 481 omnino

1190 494 1377 530 invaserunt
1397 518 1405 525 .
1431 495 1548 529 Etiam
1579 497 1791 538 Imperatores
1814 523 1827 540 ‚
1853 497 1962 543 Reges
1987 520 1999 536 ‚
2037 508 2076 531 ac

1187 543 1358 588 ‘Principes
1376 543 1511 580 Latini·-
1537 544 1596 580 Ab
1611 547 1732 582 afflicta
1755 548 1909 583 Romana
1931 546 2074 581 Ecclefia

1192 596 1403 640 impetrarunt
1422 592 1536 630 haberi
1548 594 1585 629 in
1608 597 1705 630 certis
1717 598 1871 632 Ecclefiis
1884 597 2050 633 Canonici
2062 620 2074 637 ‚

1191 646 1314 690 gestare
1334 654 1490 679 ornatum
1512 644 1705 680 Clericalem
1718 672 1730 687 ‚
1755 648 1796 680 fic
1810 649 1842 681 in
1868 648 1973 685 choro
1993 646 2076 682 stare

1190 696 1225 729 &
1237 695 1370 739 psallere
1379 706 1456 729 cum
1469 695 1624 730 Clericis.
1650 696 1699 731 Ita
1711 696 1753 730 de
1764 696 1912 743 Hugone
1923 700 2051 742 Capeto
2061 721 2075 739 ,

1192 745 1361 780 Florentio
1385 745 1500 780 Craffo
1526 745 1720 781 Hollandiae
1742 746 1901 787 Comite,
1926 748 2075 783 Fulcone

1192 794 1283 830 bono
1294 795 1428 830 Comite
1454 795 1682 841 Andegavenfi
1695 822 1707 838 ,
1732 796 1768 831 ἀ
1781 797 1932 832 Henrico
1954 808 2071 841 quarto

1190 844 1387 888 Imperatore
1398 845 1553 880 testantur
1564 857 1726 892 magnum
1737 847 1847 892 Belgii
1860 846 2073 890 Chronicon,

1191 895 1354 930 Radulfus
1366 895 1406 930 de
1416 896 1542 931 Diceto
1552 921 1563 937 ,
1575 896 1610 931 ὅ(
1624 898 1836 933 Hemboldus
1847 897 1883 932 in
1898 894 2072 949 Chronico
2091 913 2116 942 p,
2124 922 2171 950 93·
2183 924 2192 942 1
2200 921 2248 950 33,
2267 907 2271 910 ’

1190 945 1381 980 sclavorum
1400 970 1407 978 .
1445 946 1490 981 Et
1512 947 1705 983 Alexander
1727 946 1889 983 secundus
1911 947 2071 983 Pontifex
2090 955 2123 983 Λ.
2142 956 2207 988 960.

1192 995 1371 1030 Wratislao
1393 995 1563 1031 Bohemiae
1596 998 1686 1033 Duci
1709 999 1914 1043 Episcopalis
1943 999 2071 1040 mitrae,
2088 995 2150 1023 1³¹·
2164 1000 2245 1029 c-33-

1191 1057 1259 1090 quae
1278 1048 1362 1080 laicae
1378 1045 1518 1090 persone
1541 1047 1635 1083 tribui
1655 1059 1724 1083 non
1750 1050 1919 1084 consuevit
1943 1072 1954 1088 ‚
1977 1050 2072 1083 usum

1191 1097 1421 1140 dispensatorie
1442 1097 1576 1133 indulfi:
1607 1123 1620 1140 ,
1655 1098 1691 1133 ἀ
1714 1100 1896 1144 Gregorius
1916 1098 2073 1142 septimus

1191 1147 1401 1182 confirmavit
1420 1173 1427 1180 .
1453 1147 1666 1184 pedetentim
1689 1150 1819 1185 indulta
1839 1149 1887 1185 est
1911 1149 2074 1192 plerisque
2201 1183 2207 1190 .

1191 1197 1342 1243 Regibus
1352 1211 1364 1233 .·
1389 1197 1484 1233 Hinc
1494 1200 1585 1234 enim
1595 1200 1783 1236 Innocentii
1795 1199 1883 1235 tertii
1897 1198 2074 1234 Pontificis
2089 1182 2245 1260 ζῶμα·

1190 1247 1260 1282 vita
1283 1272 1295 1288 ,
1320 1247 1485 1292 publicata
1513 1261 1569 1293 per
1606 1247 1816 1286 Franciscum
1854 1249 2074 1294 Bosquettum

1192 1297 1325 1332 Montis
1335 1298 1466 1332 ,Peffuli
1486 1298 1688 1344 Episcopum
1701 1325 1713 1341 ‚
1737 1300 1825 1336 inter
1848 1300 1959 1345 Regia·
1980 1309 2075 1335 orna-

1193 1357 1303 1382 menta
1325 1357 1475 1383 numerat
1486 1353 1634 1384 Coronam
1658 1353 1832 1386 &Metram
1844 1375 1852 1383 .
1881 1348 2007 1384 Eadem
2020 1349 2074 1384 via

1193 1395 1435 1432 Germanorum
1456 1398 1601 1443 Augusti
1612 1400 1835 1435 Diaconalem
1847 1399 2073 1435 Dalmaticum
2091 1385 2121 1415 F·
2143 1393 2209 1422 ¹34·

1191 1445 1225 1478 dc
1238 1444 1412 1490 Evangelii
1421 1446 1597 1482 solenniter
1619 1448 1662 1483 ad
1673 1449 1813 1494 primam
1836 1448 1874 1483 in
1886 1447 2076 1483 Dominioe

1192 1493 1387 1530 Nativitatis
1396 1497 1493 1531 noste
1503 1496 1639 1532 Missam
1650 1499 1806 1535 cantandi
1826 1498 2000 1534 licentiam
2013 1499 2075 1532 im·-

1192 1554 1358 1587 petrarunt
1378 1571 1386 1578 .
1413 1544 1463 1580 At
1482 1546 1642 1589 ejusmodi
1662 1549 1876 1587 Canonicum
1897 1551 1951 1584 seu
1973 1547 2076 1584 Cleri-

1190 1605 1266 1628 cum
1278 1594 1438 1639 paulatim
1455 1596 1566 1640 postea
1583 1600 1788 1636 excusserunt
1800 1624 1812 1640 ‚
1837 1608 2075 1643 coeperuntque

1191 1643 1277 1678 intra
1302 1643 1443 1679 chorum
1454 1657 1585 1682 manere
1606 1658 1644 1683 ut
1657 1649 1732 1684 laici
1745 1664 1757 1685 .·
1783 1651 1853 1687 Eos
1874 1649 2016 1693 primum
2028 1649 2075 1684 se-

1190 1703 1268 1729 cuta
1287 1695 1332 1728 est
1354 1695 1531 1738 nobilitas,
1556 1698 1778 1743 tandemque,
1806 1699 1977 1747 Episcopis
1997 1699 2074 1734 dor-

1190 1744 1404 1785 micantibus,
1428 1747 1568 1790 populus
1578 1749 1764 1785 universus,
1792 1750 1836 1785 Et
1849 1749 1927 1783 hinc
1949 1748 2007 1783 sub
2018 1748 2073 1783 In-

1189 1794 1348 1830 nocentio
1370 1796 1470 1831 tertio
1491 1796 1672 1833 Bremenfis
1693 1800 1835 1845 populus
1865 1799 2071 1835 oblationem

1189 1844 1280 1878 snam
1294 1844 1350 1888 ipfi
1363 1843 1472 1880 Altari
1484 1847 1696 1891 imponebat*-

1240 1894 1496 1931 Dubitationem
1520 1909 1656 1935 movent
1678 1900 1817 1938 adducta
1829 1899 2071 1937 RotnaniMis·

1188 1943 1263 1978 salis
1273 1944 1370 1979 verba
1386 1958 1394 1978 :
1420 1949 1486 1990 ‚Qui
1498 1947 1552 1980 tibi
1561 1949 1690 1990 offerunt
1699 1951 1935 1995 bot-sacrificium
1946 1953 2047 1985 laudis
2059 1977 2069 1984 .

1189 1994 1292 2041 Qod
1302 1995 1393 2029 enim
1415 1994 1517 2031 hodie
1536 2001 1676 2042 populus
1698 2013 1766 2035 non
1790 2002 1906 2036 offerat
1919 2026 1931 2042 ,
1957 2001 2068 2036 viden-

1187 2053 1241 2078 tur
1252 2046 1423 2079 continere
1434 2045 1644 2084 mendacium
1655 2073 1665 2090 ‚
1678 2049 1817 2093 ideoque
1828 2053 1892 2086 effe
1903 2051 2048 2088 radenda
2057 2077 2069 2085 .

1189 2093 1377 2138 Respondet
1389 2096 1424 2129 in
1436 2098 1596 2140 opusculo
1610 2099 1653 2133 de
1665 2102 1809 2134 Dominus
1833 2101 1981 2145 vobiscum
1992 2102 2072 2135 San-

1187 2144 1254 2178 Clus
1263 2142 1379 2179 Petrus
1387 2146 1546 2181 Damiani
1558 2173 1566 2180 .
1578 2157 1581 2158 ’
1592 2153 1630 2181 In
1641 2151 1701 2183 illis
1713 2151 1814 2184 verbis
1822 2160 1966 2193 patenter
1978 2150 2070 2191 osten·-
2084 2152 2161 2195 Cap.
2178 2158 2209 2186 8.

1188 2195 1272 2227 ditur
1285 2218 1296 2233 ‚
1322 2196 1404 2238 quod
1415 2198 1438 2229 a?
1448 2197 1563 2231 cunffls
1581 2198 1723 2242 fidelibus
1731 2200 1911 2245 fhcrificium
1919 2202 1997 2234 illud
2006 2201 2070 2235 lau-

1186 2245 1235 2277 dis
1245 2245 1385 2287 offertur,
1410 2247 1478 2280 licet
1486 2247 1527 2282 ab
1553 2259 1610 2282 uno
1613 2248 1783 2292 specialiter
1804 2251 1902 2292 offerri
1911 2252 2066 2286 sacerdote

1188 2296 1331 2329 videatur
1341 2310 1353 2329 :
1378 2298 1463 2340 ,Qum
1473 2299 1555 2341 quod
1561 2299 1619 2333 ille
1626 2299 1771 2341 offerendo
1780 2302 1918 2335 manebus
1928 2301 2044 2334 trac‘lat
2051 2326 2065 2342 ,

1185 2345 1236 2378 hoc
1256 2347 1417 2379 multitudo
1433 2347 1572 2389 fidelium
1607 2355 1723 2384 intenta
1744 2356 1887 2385 mentium
1909 2353 2067 2386 devotione

1185 2398 1386 2430 commendat.
1416 2396 1460 2431 Et
1475 2397 1509 2430 in
1524 2397 1670 2442 Epistola
1683 2399 1724 2436 ad
1744 2401 1854 2436 nescio
1865 2412 1963 2444 quem
1985 2401 2067 2436 ami-

1185 2457 1264 2481 cum
1284 2447 1417 2481 Sanctus
1442 2446 1616 2483 Fulbertus
1638 2449 1822 2495 Episcopus
1834 2451 2065 2486 Carnotenfis:
2082 2463 2169 2503 Epist,
2183 2474 2227 2504 53,

1183 2497 1343 2541 scrupulus
1363 2498 1412 2531 ille
1429 2499 1468 2531 de
1489 2498 1675 2540 offerentibus
1697 2503 1744 2534 1ῑᾶ
1762 2498 1841 2545 solvi
1854 2502 2067 2545 pfft,-quod

1185 2549 1255 2583 dum
1260 2546 1486 2591 sacrzficamus,
1516 2550 1562 2583 illi
1574 2572 1585 2588 ‚
1604 2558 1662 2592 pro
1669 2550 1775 2594 quibus
1789 2557 1888 2597 agitur
1899 2576 1911 2594 ,
1931 2561 1988 2595 per
2000 2564 2066 2585 ma-

1185 2611 1241 2632 nus
1261 2597 1374 2638 nostras
1397 2597 1520 2639 offerunt
1530 2598 1774 2644 Deosamfclum
1797 2603 1915 2636 laudis.
1942 2602 2063 2645 ltaque
2080 2614 2081 2617 ’

1184 2659 1279 2685 voces
1289 2648 1355 2682 illae
1365 2648 1460 2684 nullo
1482 2651 1576 2694 paeto
1589 2651 1663 2686 sunt
1678 2650 1846 2687 radendae.

1181 2932 1278 3015 N
1399 2935 1694 3019 LXX.

384 3139 422 3185 E
457 3137 587 3189 liceat
620 3143 869 3194 mulieribus
904 3147 952 3195 in
987 3149 1146 3199 Divini
1196 3145 1390 3198 sacrificii
1436 3163 1629 3217 tempore
1675 3147 1803 3217 loqui
1838 3186 1852 3211 ‚
1899 3148 1971 3200 sed
2007 3167 2056 3201 ut

418 3225 503 3257 vox
537 3208 598 3258 est
631 3214 831 3279 Apostoli
867 3218 991 3265 Pauli
1016 3254 1029 3278 ,
1076 3214 1225 3272 fileant
1267 3239 1279 3269 :

1327 3220 1437 3267 Non
1471 3221 1589 3268 enim
1624 3221 1687 3269 eis
1723 3220 1846 3289 loqui
1879 3220 2055 3291 permis-

235 3275 326 3331 sum
361 3276 422 3326 est
447 3314 462 3339 ,
497 3277 570 3328 sed
604 3279 791 3347 subjici,
826 3284 934 3335 ficut
968 3285 1081 3340 dicit
1114 3291 1184 3341 lex
1209 3326 1223 3339 .
1260 3293 1305 3336 Si
1339 3287 1428 3354 quid
1460 3300 1587 3339 autem
1620 3289 1756 3341 volum
1788 3289 1923 3360 difiere
1940 3328 1955 3356 ,
1989 3292 2057 3339 do-

233 3351 290 3399 mi
317 3353 485 3417 proprios
518 3355 672 3401 maritos
705 3358 947 3423 interrogent.

1870 3497 2012 3537 SCHO'·
