2340 3762
623 142 939 201 Scrmmm,
976 158 1038 187 ετ
1071 140 1269 187 Nous
1305 154 1698 190 rrius-rRATI.

1158 226 1238 279 'cha
1264 226 1657 272 Constantinopolitanus
1684 254 1695 269 ,

237 230 390 276 appellati
412 231 546 277 Dialogi
567 256 579 272 ‚
616 231 659 265 ad
684 231 826 278 lingulas·
857 229 1117 278 Qadragelimae

239 280 361 324 quintae
372 282 465 316 ferias
486 281 626 316 omnino
649 280 770 315 habens
791 281 924 315 Missam
942 280 1054 323 jejunii
1078 290 1115 312 ac

234 331 538 375 quadragesimalem
551 353 558 364 .
585 330 698 365 Palam
710 342 817 365 errant
840 329 907 365 haec
920 330 1013 364 verba
1028 328 1116 363 Wal-

234 380 310 413 fridi
323 380 488 416 Strabonis
498 382 540 416 de
551 382 665 415 saneto
677 381 860 426 Gregorius
885 385 922 414 In
935 380 1115 424 dispositione

231 430 383 471 officiorum
392 438 465 472 antri
474 431 560 473 infra
572 432 834 476 ,Quadragefimam
847 437 983 474 quintam
997 430 1115 474 feriam

231 489 394 515 vacantem
405 483 540 524 reliquit.
569 481 662 516 Errat
686 483 766 516 item
779 482 947 515 Marianus
970 481 1089 514 Scotus
1102 503 1115 520 ,

233 528 495 575 decretumistud
509 531 699 577 intelligens
721 529 926 566 deomnidie
937 526 1120 575 quadrage?
1141 552 1146 561 ι

233 578 336 614 limali
348 605 355 612 .
379 579 437 615 Est
447 580 613 615 decretum
626 583 822 620 obscurum,
850 581 1017 624 ipsumque
1030 582 1113 615 Grae-

231 630 265 663 ci
275 629 460 665 constanter
472 631 635 678 Gregorio
646 633 751 675 primo
760 654 771 671 ‚
796 630 909 664 Latini
921 641 1030 664 autem
1043 654 1055 670 ,
1078 629 1113 663 li-

232 677 328 714 brum
339 678 566 716 pontificalem
578 683 681 717 secuti
695 706 706 723 ,
719 681 785 725 pari
799 680 982 720 constantia
994 680 1115 715 adscri-

232 727 318 763 bunt
339 729 503 776 Gregorio
525 731 688 772 seeundo.
718 732 790 767 Nec
811 733 895 767 inter
915 732 978 765 sese
1005 730 1122 766 Graci-

232 778 454 815 concordant.
481 781 627 828 Qidam
646 782 688 816 ab
698 781 1019 826 ipsointrodustam,
1043 781 1113 824 qui-

232 828 310 863 dam
321 830 508 864 existimant
538 832 715 865 extinstam
728 832 861 865 Miss'am
872 829 1114 864 Praesanstifica-

232 887 360 912 torum.
387 879 499 913 Haeret
510 879 592 913 mihi
604 890 686 924 aqua
698 905 706 913 .
734 881 878 914 Meliora
897 881 1008 914 doceri
1028 890 1113 922 para-

232 936 286 961 tus
308 926 421 961 malim
443 930 505 968 effe
527 929 692 968 decretum
726 929 879 974 Gregorii
900 925 1021 973 primi,
1057 929 1113 973 qui

230 976 362 1019 quintas
375 978 634 1024 Qadragefimae
645 980 755 1021 ferias,
782 990 824 1014 ex
839 978 1039 1013 Melchiadis
1061 980 1114 1013 de-

231 1025 434 1070 cretoadhuc
458 1028 605 1071 pranderi
627 1030 820 1070 consuetas,
845 1030 1017 1066 communi
1036 1029 1114 1073 jeju-

230 1075 289 1110 nio
307 1077 538 1121 adstrinxerit,
565 1080 754 1124 permittens
774 1090 884 1116 tamen
903 1092 1012 1116 earum
1034 1080 1115 1117 Mis-

229 1125 297 1160 fam
310 1150 321 1166 ‚
338 1128 437 1171 priori
453 1135 565 1177 more,
585 1136 700 1165 contra
710 1129 824 1173 jejunii
840 1129 1012 1166 Canonem
1028 1155 1038 1171 ,
1050 1142 1115 1164 ma-

229 1176 273 1219 ne
285 1178 372 1211 fieri.
400 1177 453 1213 Εὸ
464 1181 646 1223 respe'ciunt
668 1179 736 1214 haec
759 1180 853 1214 verba
876 1180 949 1215 libri
975 1180 1133 1225 Ροιπίίὶ-ἰ

230 1226 327 1262 calis:
354 1230 685 1274 Quodnonagebatur.
715 1230 833 1275 Jejunii
859 1230 979 1275 quippe
1000 1229 1134 1283 diebus}

231 1275 330 1311 Missa
341 1278 463 1323 semper
475 1280 592 1323 vesperi
606 1281 704 1315 fiebat
726 1282 813 1316 circa
833 1279 948 1315 horam
967 1280 1034 1314 diei
1058 1284 1133 1315 n0-'
1151 1324 1157 1328 .

230 1337 328 1362 nam.

268 1377 400 1412 vVerbis
414 1379 479 1414 suis
488 1380 578 1424 supra
591 1380 728 1415 laudatis
739 1381 823 1416 reete
831 1382 923 1416 addit
937 1382 1116 1424 Gregorius

229 1419 500 1469 Protosyncellus
522 1454 529 1460 .
565 1432 625 1461 Sed
633 1441 690 1461 non
704 1432 865 1470 propterea
885 1441 947 1464 nos
968 1430 1071 1463 Graeci
1095 1429 1114 1462 a

229 1470 364 1508 Latinis
383 1476 657 1519 disjunci'ifitmus,
684 1489 776 1520 neque
800 1478 882 1512 illius
898 1484 962 1512 ,τω
981 1478 1112 1512 homines

229 1525 289 1558 duo
308 1526 459 1568 Mtffarum
473 1537 584 1571 genera
602 1529 743 1560 dixerunt
757 1553 766 1561 .
793 1531 839 1562 Et
861 1540 954 1572 neque
973 1530 1036 1562 illos
1061 1528 1119 1571 ipſs

229 1584 371 1617 umquam
380 1577 585 1619 culpavimus,
609 1589 701 1621 neque
711 1578 754 1611 illi
766 1590 818 1612 nos
830 1588 979 1623 coegerunt
1001 1581 1045 1613 ad
1059 1579 1113 1612 hu-

223 1619 356 1666 jusmodi
375 1625 606 1668 confitetudinem
619 1651 629 1667 ‚
652 1634 789 1671 quonlam
810 1628 873 1662 baec
895 1634 1019 1663 veritati
1037 1629 1112 1674 fidei

230 1672 457 1715 nihilofficium.
484 1676 562 1710 Post
580 1677 785 1712 Photianum
796 1676 930 1713 schisma
942 1689 1111 1722 coeperunt

228 1722 319 1767 prius
327 1725 430 1758 Graeci
446 1737 571 1760 morem
583 1728 728 1762 nostrum
739 1739 894 1773 arguere:
922 1729 1112 1764 Schismati-

228 1783 272 1806 co
282 1774 491 1809 conviciandi
504 1775 610 1810 studio
624 1801 636 1817 ‚
658 1788 725 1821 quo
737 1778 770 1810 δε
782 1780 935 1818 Latinam
944 1778 1112 1815 Clericalis

227 1821 488 1859 barbaerasuram
500 1849 510 1865 ,
536 1825 701 1871 ipsamque
712 1827 867 1863 Latinam
879 1827 1027 1873 linguam
1042 1853 1053 1869 ,
1074 1839 1111 1863 ut

229 1871 454 1916 barbaricam,
478 1875 691 1912 damnarunt.
721 1877 888 1925 roirci
901 1880 936 1912 in
957 1879 1112 1923 responso

229 1921 379 1958 adversus
391 1924 544 1961 Nicetam
566 1926 771 1962 Pectoratum
796 1928 983 1963 cardinalis
1004 1930 1111 1964 Hum-

228 1971 360 2015 bertus,
386 1974 537 2010 Graecum
559 1987 684 2012 morem
698 1988 735 2012 ut
756 1979 888 2013 Divinae
909 1979 1111 2013 institutioni

228 2022 394 2058 diffonum
407 2035 525 2060 notans
539 2051 550 2066 ‚
575 2039 714 2070 eumque
726 2029 828 2062 secuti
851 2028 984 2072 quidam
995 2028 1110 2063 Theo-

228 2070 328 2116 logiae
338 2072 542 2108 Scholasticae
551 2077 712 2111 Dostores
722 2101 734 2117 ,
758 2078 903 2112 omnino
923 2077 1108 2112 excedunt.

227 2119 321 2154 Nam
331 2123 366 2156 δε
376 2122 495 2157 Latina
508 2124 650 2159 Ecclesia
661 2126 696 2160 in
708 2128 796 2161 sexta
808 2127 886 2162 feria
902 2128 968 2171 jam
985 2128 1109 2172 pridem

226 2172 333 2204 utitur
352 2171 450 2207 Missa
472 2172 814 2218 Praesanstificatorum
826 2202 836 2219 ‚
873 2178 920 2211 uti
945 2179 1049 2224 liquet
1066 2190 1108 2213 ex

210 2221 461 2257 *Sacramentali
474 2223 625 2269 Gregorii
647 2226 784 2271 Magni.
811 2226 892 2270 Ejus
914 2237 1024 2263 tamen
1039 2240 1108 2272 prae-

227 2270 328 2305 cisam
341 2271 505 2317 originem
527 2276 630 2309 fateor
643 2282 701 2310 me
720 2278 889 2321 ignorare.
917 2277 1052 2313 Etenim
1071 2278 1106 2312 in

228 2319 344 2354 litteris
354 2322 395 2355 ad
408 2323 607 2358 Decentium
618 2326 835 2370 Eugubinum
847 2328 1043 2372 Episcopum
1055 2327 1104 2363 In·

227 2371 406 2404 nocentius
416 2373 538 2415 primus
548 2373 666 2410 diserte
677 2377 746 2419 ejus
758 2388 824 2410 non
837 2378 1007 2411 meminit.

260 2419 463 2464 ‘Noviffima
499 2423 632 2468 quaestio
657 2425 724 2467 est,
760 2425 817 2461 An
843 2428 948 2462 Graeci
973 2428 1105 2463 Missam

225 2467 565 2508 Praesanfflficatorum
576 2474 740 2510 celebrent
763 2475 820 2510 sub
841 2486 980 2522 utroque
1001 2479 1102 2513 Sacra-

228 2520 333 2552 menti
353 2521 516 2557 elemento
537 2525 550 2557 ἒ
576 2525 776 2569 Respondeo
788 2526 960 2562 celebraffe
983 2529 1104 2573 semper

224 2566 287 2624 sub
296 2569 367 2604 solo
376 2570 542 2606 elemento
562 2575 670 2618 panis.
699 2576 765 2610 Die
788 2577 969 2612 Dominica
991 2590 1103 2622 praeter

222 2617 319 2656 istius
338 2618 403 2655 diei
423 2622 618 2658 sacrificium
638 2627 828 2660 consecrant
860 2628 1004 2672 quinque
1021 2630 1102 2665 alios

225 2669 479 2716 panesintegros
490 2696 502 2713 ,
521 2674 647 2718 eisque,
676 2675 783 2721 inquit
794 2676 940 2712 Michael
962 2677 1098 2714 Patriar-

237 2841 316 2856 ’.ἣ-

605 2974 1127 3061 CANO

1901 146 1997 205 105⁴

1734 232 1815 264 nulla
1833 239 1925 276 gutta
1949 235 2062 265 Divinl

1175 279 1334 322 sanguinis
1345 277 1517 319 infunditur
1530 303 1536 311 .
1564 279 1731 323 Loquitur
1743 280 1783 313 de
1797 281 1863 314 sola
1877 283 1931 315 sua
1944 281 2060 315 Eccle-

1176 328 1216 361 fia
1237 328 1609 372 constantinopolitana
1623 354 1630 361 .
1659 329 1742 362 Aliae
1764 340 1905 373 namque
1928 331 2061 364 Graeco-

1176 388 1248 412 rum
1264 378 1431 420 Ecclefiae‚
1447 378 1526 414 teste
1537 379 1681 422 ipsorum
1695 377 1908 422 Euchologio
1921 404 1931 419 ,
1958 379 2061 414 sacro-

1176 428 1284 461 saneto
1297 428 1438 462 Domini
1450 429 1618 473 Sanguine
1629 429 1783 463 oblinunt
1801 427 1941 471 [umqum
1949 437 2062 469 panem

1176 478 1221 510 ad
1234 479 1352 511 modum
1363 483 1454 510 crucis
1466 484 1498 510 in
1504 487 1595 520 parte
1605 481 1683 512 molli
1696 503 1706 519 ‚
1733 486 1765 512 in
1787 490 1846 521 qua
1868 476 1906 519 est
1928 478 2063 521 expreffa

1175 538 1248 561 crux
1262 553 1269 560 .
1298 526 1405 561 Addit
1426 538 1628 562 memoratus
1652 527 1800 563 Michael
1823 539 1921 574 agens
1932 527 1974 562 de
1996 528 2062 562 ritu

1147 588 1148 591 ¹
1178 577 1282 612 Miffae
1295 578 1454 621 praesentis
1469 591 1479 611 :
1509 576 1783 620 Praesandlificatus
1800 584 1895 620 panis
1920 584 1953 611 in
1972 576 2061 617 mxlii.

1176 638 1239 660 cum
1260 628 1376 661 calicem
1397 629 1552 668 injicitur,
1577 629 1612 661 ὠ·
1613 625 1655 667 fic
1670 632 1776 660 vinum
1786 651 1797 667 ,
1825 630 1906 670 quod
1913 634 1946 660 in
1960 639 1990 661 eo
2001 627 2040 668 est
2053 651 2068 668 ‚

1177 675 1353 723 insanoqum
1377 681 1498 711 Domini
1521 680 1698 722 sanguinem
1718 683 1912 711 immutatur.
1939 678 2067 712 Conso-

1179 733 1235 762 nat
1244 728 1391 770 Symeon
1405 726 1708 771 Archi-Episcopus
1719 724 2016 761 Thessalonicensis
2025 727 2062 761 in

1178 776 1352 821 Responfis
1372 776 1414 811 ad
1441 777 1629 811 Gabrielem
1654 776 1962 820 pentapolitanum:
1989 782 2064 811 Non

1176 832 1364 861 invocatione
1376 831 1509 870 spiritus
1519 827 1620 860 Sam‘li
1632 852 1643 867 ,
1671 829 1705 861 Θ·
1717 827 1798 860 illius
1802 825 1950 869 fignaculo
1961 850 1971 865 ,
1997 838 2065 868 quae

1176 883 1209 911 in
1219 877 1305 911 calice
1308 876 1405 921 sunt,
1430 883 1464 911 in
1487 876 1806 921 Praesanfflficatorum
1828 877 1914 919 Mtffa
1932 874 2066 920 sunc‘lifi-

1176 935 1282 960 cantur
1294 952 1305 967 ‚
1327 926 1384 970 sed
1399 933 1630 971 participatione
1649 930 1683 962 (5·
1702 933 1808 962 unione
1821 925 1936 968 vivifici
1948 931 2064 969 panis,

1175 983 1227 1020 qui
1244 979 1314 1011 vere*
1329 982 1445 1020 Corpus
1456 978 1565 1018 christi
1586 978 1646 1019 est,
1671 980 1706 1012 δ’
1721 980 1817 1019 jam,
1841 977 1932 1021 Juxta
1956 976 2061 1011 Thes-

1178 1027 1385 1062 salonicenfis
1408 1027 1556 1062 Ecclefiae
1576 1039 1725 1068 morem,
1750 1031 1900 1072 Sanguine
1925 1027 2061 1061 trullus,

1178 1077 1324 1118 Calicem
1339 1078 1439 1124 igitur
1452 1079 1486 1112 in
1499 1077 1561 1113 hac
1576 1079 1676 1114 Missa
1687 1079 1788 1112 etiam
1811 1077 1916 1111 Graeci
1942 1088 2063 1120 nequa-

1177 1139 1274 1172 quam
1287 1131 1477 1163 consecrant
1490 1128 1637 1173 mysticis
1652 1129 1723 1172 Jesu
1738 1126 1859 1162 Christi
1870 1125 1975 1161 verbis
1987 1151 1998 1167 ,
2009 1124 2065 1159 sed

1178 1179 1319 1213 immisso
1337 1178 1524 1214 Dominico
1548 1189 1686 1222 corpore
1708 1178 1826 1212 volunt
1848 1175 2069 1211 transubstan-

1177 1229 1249 1264 tiari
1259 1254 1268 1261 .
1294 1229 1436 1263 Addunt
1447 1240 1519 1264 eam
1531 1230 1593 1263 effe
1608 1229 1707 1263 fidem
1729 1228 1763 1262 ὃ(
1775 1228 1935 1262 Romanae
1952 1226 2068 1261 Eccle-

1177 1279 1225 1312 fiae
1237 1303 1247 1319 ,
1272 1279 1364 1322 cujus
1375 1279 1458 1313 olim
1471 1278 1629 1314 Pontisex
1646 1277 1815 1312 modicum
1826 1289 1867 1311 ex
1879 1278 2068 1312 consecrato

1177 1329 1280 1362 calice
1294 1329 1462 1373 sanguinis
1477 1329 1636 1364 fundebat
1648 1330 1681 1362 in
1691 1328 1850 1373 grandem
1873 1326 2068 1372 amphoram

1180 1390 1249 1412 non
1259 1380 1504 1418 consecratam,
1528 1389 1625 1422 atque
1644 1389 1685 1411 ex
1709 1378 1766 1412 illa
1788 1378 1948 1421 populum
1978 1387 2070 1411 com-

1178 1427 1366 1460 municabat
1384 1451 1392 1458 .
1420 1427 1464 1460 Et
1477 1429 1565 1460 favet
1578 1428 1766 1461 Graecorum
1779 1427 1908 1460 Miffale
1917 1449 1928 1465 ,
1952 1427 1987 1460 in
2000 1437 2071 1469 quo

1179 1475 1444 1510 Praesanfflficata
1466 1476 1770 1510 communicaturus
1792 1475 1948 1509 Sacerdos
1975 1485 2046 1510 orat
2060 1488 2071 1508 ε

1176 1528 1288 1571 Dignos
1313 1536 1365 1559 nos
1381 1525 1437 1567 fac
1456 1532 1609 1568 particeps
1635 1526 1701 1568 fier}
1722 1530 1849 1567 corporis
1869 1524 2071 1569 &sanguinis

1175 1583 1219 1610 tui
1233 1602 1240 1608 .
1268 1575 1374 1611 Unde
1385 1577 1420 1611 ὅ(
1433 1577 1538 1611 Miffae
1550 1574 1618 1610 haec
1632 1586 1813 1618 numquam
1828 1576 1914 1619 Miffa
1926 1575 2070 1618 Praesan-

1174 1625 1295 1668 &ifle-ati
1311 1650 1321 1666 ‚
1348 1625 1400 1659 sed
1414 1626 1534 1669 semper
1547 1625 1667 1660 dicitur
1687 1623 1782 1668 Missa
1800 1623 2067 1668 Praesam‘lificato-

1173 1687 1259 1710 rum:
1294 1675 1482 1721 Utiqueob
1493 1675 1728 1711 sanctificatum
1749 1674 1784 1709 in
1807 1676 1872 1720 ipsa
1895 1685 2071 1720 utrumque

1173 1726 1374 1761 elementum
1388 1751 1398 1758 .
1540 1743 1544 1746 ⁴

1223 1775 1350 1811 Verum
1365 1774 1546 1821 respondeo
1562 1775 1629 1811 haec
1640 1778 1703 1812 effe
1725 1775 1857 1811 novella
1880 1774 2070 1820 Schismatiq

1173 1837 1289 1873 corum
1302 1837 1511 1861 commenta:
1539 1826 1682 1870 Antiqui
1700 1838 1815 1861 omnes
1835 1827 1941 1861 Graeci
1965 1826 2061 1861 nobi-

1174 1877 1264 1912 scum
1275 1876 1439 1911 credidere
1451 1874 1670 1912 Eucharistica
1683 1877 1845 1912 elementa
1858 1876 1926 1911 fine
1948 1878 2067 1921 mystis

1173 1928 1221 1961 cis
1248 1926 1353 1961 verbis
1373 1938 1441 1962 non
1464 1927 1551 1971 posse
1572 1927 1772 1962 consecrari.
1801 1926 1968 1972 Quocirca
1994 1939 2068 1962 non.

1173 1977 1214 2012 ab
1227 1978 1298 2020 ipfis
1309 1977 1479 2012 elementis
1490 1976 1557 2011 haec
1576 1978 1675 2011 Missa
1700 1988 1834 2012 vocatur
1859 1976 2065 2012 Praesanffifi-

1172 2038 1344 2068 catorum,
1371 2027 1424 2062 sed
1451 2028 1470 2061 a
1495 2027 1589 2061 rebus
1618 2028 1806 2066 contentis,
1833 2027 1922 2071 quod
1946 2038 2067 2071 nempe

1173 2076 1231 2111 sub
1242 2077 1340 2111 unica
1354 2076 1448 2121 panis
1460 2077 1565 2120 specie
1573 2076 1611 2109 sit
1627 2089 1695 2111 non
1715 2077 1820 2111 solum
1837 2077 1981 2111 Domini
1994 2089 2064 2111 cor-

1174 2138 1254 2170 pus,
1281 2125 1333 2160 sed
1352 2128 1384 2161 &
1401 2127 1546 2171 sanguis.
1575 2126 1688 2171 Atque
1701 2127 1745 2160 ita
1758 2126 1928 2161 adversum
1951 2127 2062 2161 Huffi-

1164 2181 1221 2211 'tas
1231 2188 1268 2211 ac
1282 2176 1490 2211 Lutheranos
1502 2177 1587 2211 lucet
1599 2177 1872 2211 communionem
1892 2176 1950 2210 sub
1963 2178 2063 2212 unica

1170 2228 1263 2270 panis
1273 2227 1376 2271 specie
1389 2227 1614 2271 fuiffesemper
1631 2228 1666 2262 in
1689 2228 1748 2260 usu
1773 2229 1927 2261 omnium
1946 2227 2060 2261 Eccle-
2126 2262 2144 2273 ,-

1170 2278 1307 2311 fiarum.
1335 2276 1439 2311 Porro
1450 2276 1625 2312 addustum
1645 2277 1805 2311 Romana»,
1829 2277 1973 2310 Ecclefiae
1994 2288 2063 2311 mo·
2177 2278 2179 2281 ’

1170 2338 1236 2361 rem
1247 2328 1308 2361 effe
1321 2327 1429 2362 fitium
1441 2326 1584 2360 ostendit
1595 2326 1681 2370 apud
1704 2326 1905 2371 Gregorium
1932 2338 2061 2361 nonum

1170 2377 1316 2421 Epistola
1328 2376 1515 2412 innocentii
1529 2376 1614 2410 tertii
1624 2376 1798 2410 Pontificis
1812 2376 1852 2410 ad
1867 2375 2063 2421 Archi-Epi-

1170 2429 1301 2471 scopum
1330 2427 1608 2472 Lugdunensem.
1650 2428 1680 2460 51
1703 2425 1766 2468 past
1790 2427 1892 2460 calicis
1919 2425 2061 2469 consecra·
2079 2442 2239 2482 L.3.tir.41.

1170 2484 1277 2511 tionem
1314 2477 1402 2510 aliud
1435 2483 1544 2510 vinum
1580 2483 1723 2510 mittatur
1760 2481 1792 2508 in
1817 2477 1958 2516 calicem,
1985 2478 2067 2513 illud
2079 2492 2105 2514 c.
2121 2491 2149 2516 6.

1168 2539 1226 2562 non
1254 2526 1358 2568 tranfit
1383 2533 1415 2559 in
1435 2525 1635 2570 sanguinem,
1661 2537 1713 2559 nec
1730 2524 1872 2570 sanguim
1898 2527 2059 2570 commisce-

1167 2587 1238 2619 tur,
1258 2576 1318 2620 sed
1341 2577 1541 2612 accidentibus
1564 2583 1675 2619 prioris
1701 2582 1767 2610 vim
1792 2582 1980 2611 commixtum
2000 2589 2061 2611 cor-

1163 2634 1252 2671 pori,
1279 2628 1358 2669 quod
1375 2625 1433 2670 sub
1460 2633 1503 2660 cis
1515 2629 1610 2665 latet,
1634 2628 1766 2671 undique
1785 2627 2057 2670 circumfunditur,

1166 2690 1225 2712 mm
1247 2678 1411 2711 madidans
1437 2676 1661 2725 circumfusum.

1190 2978 1288 3059 N
1401 2979 1661 3062 LIII.

372 3188 564 3238 Uoniam
599 3188 801 3256 spiritalis
836 3193 1099 3243 necessitudo
1132 3191 1203 3242 seu
1238 3194 1425 3256 affinitas
1466 3196 1697 3261 corp'orum
1746 3198 2048 3263 conjunctione

223 3306 226 3311 ,
406 3264 542 3325 major
576 3258 661 3319 est,
699 3264 745 3310 in
780 3264 997 3311 nonnullis
1031 3280 1178 3313 autem
1214 3265 1322 3313 locis
1358 3266 1643 3327 cognovimus
1680 3265 1888 3333 quosdam
1908 3305 1922 3329 ,
1960 3271 2039 3336 qui

221 3334 276 3378 ex
311 3332 454 3378 samito
486 3333 530 3378 &
565 3328 737 3378 salutari
771 3331 1032 3398 Baptismate
1068 3333 1255 3384 infantes
1291 3333 1544 3402 suscipiunt,
1580 3334 1727 3402 postea
1749 3354 1928 3405 quoque
1941 3354 2044 3386 cum

223 3398 436 3466 >matribus
469 3400 643 3448 illorum
678 3399 824 3450 viduis
859 3404 1182 3453 matrimonium
1215 3405 1491 3463 contrahere:
1527 3404 1751 3456 statuimus
1798 3423 1847 3458 ut
1882 3410 1928 3454 in
1962 3422 2042 3473 po-

236 3471 243 3476 “
307 3468 431 3523 ιβ’ᾗνθβ.
447 3472 525 3514 Lupi
534 3473 621 3514 Oper.
635 3474 714 3506 Tom.
725 3474 782 3506 ΠΙ.

1532 3476 1568 3511 0,
1867 3474 1988 3510 sterum
