2340 3762
647 165 959 222 Sene-1113,
994 178 1062 208 net
1095 160 1293 226 Njons
1326 175 1701 211 utus-snart-

265 249 402 290 'aeffianti
411 274 422 291 ,
447 251 536 285 donee
548 255 671 295 Regiam
675 249 783 294 sellam
794 253 871 294 ignis
883 253 1007 289 operiret
1017 270 1028 287 ‚
1041 243 1144 288 ipfiem-

266 311 323 343 que
341 303 450 344 Regem
469 311 606 345 exparte
626 307 755 342 corporis
766 324 776 340 ,
803 310 862 342 qua
875 296 1022 340 fidebat,
1047 294 1143 336 adfla-

265 358 313 383 ret
323 353 490 384 incendium
507 378 515 385 .
548 354 598 385 Ita
604 349 677 394 solio
683 349 738 393 suo
746 348 890 394 superbus
910 352 1078 387 excutitur,
1109 348 1143 380 (5

261 401 402 434 Martini»
423 408 540 436 invitus
561 399 696 444 adsurgit
715 425 727 441 ,
753 400 932 441 multumffe
953 400 1117 439 complexus
1130 421 1140 436 ,

266 460 355 491 quem
359 449 500 494 spernere
511 453 584 485 ante
596 452 768 484 decreverat
778 476 788 491 ‚
814 456 959 483 virtutem
965 446 1074 491 senstffe
1087 451 1140 480 Di-

263 504 371 532 vinam
383 503 564 535 emendatior
566 501 726 542 fatebatur
741 515 752 535 .·
777 503 845 533 Nec
864 497 1039 541 exspet‘lans
1057 501 1141 531 Mar-

260 553 320 581 tini
327 551 464 592 precibus
471 552 558 593 prius
572 557 670 584 omnia
703 551 828 591 concedit
837 575 848 591 ,
874 561 965 592 quam
975 558 1138 593 rogaretur.

87 620 192 650 &mm
202 632 246 651 η.
260 597 306 632 Et
316 600 356 635 ad
369 601 526 648 populum
547 603 640 635 suum
660 602 820 637 declamat
831 600 964 633 Sanetus
986 599 1137 643 Augusti-

87 657 124 689 ας
146 659 250 693 divers.
261 658 339 682 nus.
366 650 476 691 Vestra·
494 653 666 692 neceffitates
688 664 742 686 nos
753 658 856 695 cogunt
866 656 969 684 venire
992 652 1050 692 quo
1062 649 1138 682 nolu-

84 707 166 736 019.

77 1038 142 1069 L6·
157 1047 233 1075 047·

72 1228 148 1269 Cap.
168 1239 230 1266 107.

67 1635 131 1675 Lx.-
144 1653 170 1675 c.
179 1648 225 1680 67.

61 2479 133 2518 Cap.
144 2481 171 2510 8.

186 1855 192 1864 ·
215 1854 224 1864 ·
239 1842 337 1876 tertio
359 1844 393 1876 in
412 1845 528 1883 litteris
549 1845 722 1889 publicatis
745 1856 801 1888 per
812 1844 1019 1879 Franciscum
1043 1843 1119 1876 Bos-

213 2042 221 2050 '
237 2038 569 2084 stantinopolitanum
594 2069 601 2078 ,
628 2050 701 2078 Haec
712 2042 742 2086 fi
758 2046 921 2085 prudenter
950 2043 1117 2077 attenderet

258 709 347 731 mus:
374 698 542 743 Obfi’rvare
568 727 580 743 ‚
605 710 676 736 ante
700 702 798 743 ostium
814 700 895 742 stare
914 724 927 741 ,
951 699 1136 733 intrantibus

257 748 359 791 dignis
382 753 417 784 Θ
437 754 573 797 indignis
591 751 760 796 exspedlate
780 776 791 793 ,
818 756 981 791 nunciati,
1006 754 1062 784 vix
1082 749 1137 781 alt·-

255 800 376 839 quando
395 801 537 842 admitti,
562 803 675 846 utique
695 802 714 835 a
738 800 883 836 Romani
905 800 1037 843 Imperii
1063 798 1137 831 Ma-

254 848 445 894 g1stratibus
457 876 469 891 ‚
487 852 574 894 ferre
585 851 769 885 humilitates
783 850 968 894 Episcopali
978 846 1135 890 majestati

251 896 419 933 adversas.
446 899 673 943 Chilpericum
694 901 776 934 item
787 901 986 932 Francorum
1005 897 1133 941 Regem

250 945 346 980 fixisse
393 948 631 992 Episcoporum
666 958 928 992 contemptorem
962 947 1132 991 peffimum

250 996 396 1039 queritur
433 998 469 1032 in
503 1000 706 1035 Francorum
731 998 866 1034 historia
892 999 1023 1034 Sanetus
1051 997 1130 1031 Gre-

247 1046 363 1089 gorius
374 1047 554 1092 Episcopus
564 1050 782 1084 Turonenfis.
815 1048 928 1083 Etiam
950 1047 1131 1092 posteriori·

250 1095 311 1130 bus
334 1098 455 1132 saeculis
477 1102 660 1135 Wazonem
682 1099 905 1134 Leodiensem
925 1099 1126 1143 Episcopum

248 1144 330 1181 stare
346 1159 455 1183 coram
479 1151 510 1184 se
521 1151 662 1194 permisit
672 1150 838 1185 Henricus
859 1148 972 1183 tertius
989 1149 1131 1192 Impera-

247 1204 319 1237 tor,
344 1197 519 1242 scribitque
535 1199 569 1234 in
582 1199 716 1235 historia
730 1201 783 1234 sua
794 1199 972 1234 Anselmus
983 1195 1130 1233 Canon‘i-

243 1257 305 1280 cus
317 1245 508 1284 Leodienfis
519 1275 527 1283 .
554 1255 662 1285 VVazo
672 1251 867 1285 sacerdotalis
880 1247 1066 1293 reminiscens
1076 1260 1128 1282 au-

244 1295 392 1331 iteritatis
410 1300 530 1341 publice
551 1300 641 1342 feriit
656 1303 809 1342 Principis
822 1298 964 1340 bestialem
978 1299 1129 1339 stolidita-

244 1354 307 1380 tem
327 1371 340 1387 ,
364 1349 566 1385 concludens
584 1350 620 1384 in
646 1349 714 1385 haec
735 1349 830 1385 verba
848 1363 855 1383 :
882 1348 952 1391 Etsi
970 1345 1127 1384 VVazonis

239 1394 371 1439 perfhna
387 1397 516 1440 forfitan
536 1401 664 1444 indigna
684 1400 722 1439 el?
741 1399 900 1439 honorari,
927 1401 1126 1432 sacerdotalis

242 1453 349 1479 tamen
353 1453 459 1490 gratia:
475 1459 534 1481 non
545 1450 665 1482 deberet
676 1454 755 1482 inter
762 1449 923 1489 populares
945 1448 1048 1479 turbas
1060 1455 1125 1479 tam

241 1492 388 1535 inhoneste
394 1495 526 1541 fatigari
541 1522 549 1529 .
574 1497 731 1532 Italorum
741 1497 779 1531 in
799 1498 874 1531 suos
889 1496 1070 1539 Episcopos
1090 1497 1124 1530 ἀ

241 1542 391 1580 Clericos
403 1547 645 1582 irreverentiam
659 1555 751 1582 notat
773 1546 858 1591 apud
869 1549 1034 1582 ottonem
1056 1546 1124 1579 Fri-

240 1592 421 1638 fingensem
434 1597 633 1641 Episcopum
652 1599 685 1631 &
699 1598 832 1641 corrigit
851 1596 1040 1630 Fredericus
1061 1596 1120 1638 pri-

241 1652 316 1679 mus
342 1642 512 1688 Augustus
531 1671 538 1678 .
565 1646 719 1680 Sancium
754 1645 965 1689 Portugalliae
996 1645 1120 1690 Regem

241 1690 327 1727 ade&
339 1693 374 1727 in
385 1693 520 1729 Clerum
533 1696 624 1730 fuisse
635 1695 804 1731 barbarum
815 1719 826 1735 ‚
850 1704 884 1728 ut
891 1703 947 1737 pro
963 1695 1027 1727 diro
1040 1702 1120 1736 repu-

240 1749 322 1775 taret
341 1749 479 1788 augurio,
505 1747 569 1779 cum
585 1745 643 1787 sibi
665 1748 784 1780 videret
794 1743 968 1789 Religiosum
990 1746 1120 1788 aliquem

240 1794 293 1827 vel
300 1792 446 1828 Clerieum
453 1805 648 1830 occurrentem
659 1821 671 1837 ,
697 1794 856 1830 habemus
867 1794 907 1829 ab
922 1794 1119 1828 Innocentio

237 1899 390 1933 quettum
415 1893 616 1938 Episcopum
650 1895 774 1930 montis
809 1889 1001 1928 Peffulani'.
1028 1890 1118 1926 Idem

237 1938 398 1977 Pontifex
416 1944 452 1977 in
464 1944 580 1984 litteris
599 1945 686 1989 apud
697 1945 895 1988 Gregorium
919 1954 1047 1977 nonum
1061 1954 1118 1976 ex-

236 1989 396 2026 stantibus
419 1992 529 2030 scribit
553 1994 594 2029 ad
606 1994 765 2030 Alexium
788 1993 1018 2040 Imperatorem
1030 1992 1117 2027 Con-

236 2091 434 2131 Imperatoria
460 2092 622 2134 celsitudo,
648 2105 705 2135 non
721 2092 839 2134 faceret
859 2101 913 2126 aut
928 2098 1117 2134 permitteret

236 2139 591 2184 constantinopolitanum
603 2142 815 2176 Patriartbam
828 2167 840 2184 ‚
865 2154 1005 2185 magnum
1025 2143 1059 2176 cb·
1069 2141 1117 2175 ho-

236 2190 367 2224 norabile
376 2193 539 2226 membrum
551 2192 685 2235 Ecclesiae
695 2218 705 2234 ‚
724 2195 825 2234 juxta
835 2190 998 2235 flabellum
1005 2192 1115 2232 pedum

233 2236 352 2285 suorum
364 2245 397 2273 in
407 2241 525 2284 sinistra
539 2252 629 2285 parte
645 2237 768 2287 sedete,
797 2234 862 2276 cuni
878 2243 935 2276 ¹alii
959 2246 1054 2286 Reges
1080 2244 1115 2276 (2³

235 2291 395 2334 Principes
420 2292 645 2337 Arcbiepfiopis
666 2291 867 2336 &Epist-opis
885 2291 951 2335 suis
973 2289 1044 2333 ficut
1065 2292 1114 2326 de-

235 2336 305 2372 bent
314 2362 326 2379 ,
351 2351 523 2376 reverenter
536 2341 698 2388 adsurgunt
709 2368 720 2384 ,
747 2345 781 2377 (st
793 2348 835 2376 eis
840 2344 936 2384 Juxta
949 2339 982 2385 se
994 2354 1116 2377 venera-

234 2386 323 2422 bilem
342 2388 402 2434 sed
434 2391 604 2436 adsignent.
639 2393 778 2428 Easdem
803 2394 946 2439 querelas
965 2391 1063 2427 habet
1079 2394 1114 2427 in

234 2437 321 2473 libro
342 2440 385 2475 de
409 2442 504 2477 sacris
530 2443 807 2482 Ordinationibus
827 2445 972 2488 Symeon
995 2442 1115 2478 Archi·

234 2487 415 2534 Episcopus
447 2492 747 2534 Thessalonicensis
767 2519 779 2535 ,
805 2494 928 2529 addens
958 2505 1029 2529 eam
1050 2494 1111 2530 effe

235 2549 336 2579 unam
354 2541 542 2587 causatum,
566 2544 611 2579 ob
633 2556 711 2588 quas
733 2545 924 2591 indignatus
945 2544 1112 2583 Dominus

232 2589 328 2627 Deus
338 2590 507 2630 Orientale
526 2595 700 2638 imperium
719 2595 841 2629 afflixit
852 2595 964 2633 multis
983 2594 1112 2628 calami-

233 2638 354 2673 tatibus
365 2666 377 2682 ,
401 2642 434 2675 &
445 2642 610 2679 transtulit
630 2644 671 2679 ad
684 2644 845 2679 Flandros
857 2669 865 2677 .
893 2645 937 2679 Et
956 2644 998 2678 de
1009 2643 1109 2678 Geor-

231 2689 339 2738 gianis
362 2692 469 2727 scribit
489 2694 524 2731 in
536 2693 695 2730 Romanae
714 2706 751 2728 ac
769 2693 935 2728 Armenias
955 2693 1110 2728 Ecclesia..

231 2750 304 2773 rum
315 2741 442 2775 unione
463 2743 615 2778 Clemens
629 2745 776 2779 Galanus
788 2769 795 2776 .
825 2744 931 2783 lberiae
955 2747 1109 2786 Principes

232 2790 458 2832 Ecclefiasticam
481 2793 648 2828 libertatem
668 2794 755 2827 nihili
768 2794 893 2836 faciunt
910 2820 918 2826 .
946 2793 1106 2838 Epist-opos

232 2845 329 2880 parvi
345 2843 485 2882 pendunt
510 2866 521 2882 ‚
545 2844 599 2877 buc
621 2846 745 2887 illucque
761 2843 859 2888 secum
878 2844 1087 2886 pertrahentes
1101 2869 1108 2876 .

232 2888 434 2926 Sacerdotibus
453 2902 486 2925 ut
503 2900 661 2936 mancipiis
684 2904 806 2927 utuntur
820 2919 827 2926 .
853 2898 900 2928 Et
920 2895 1002 2937 quod
1021 2897 1109 2927 Prin-

232 2945 301 2978 ceps
312 2940 348 2971 de
358 2941 488 2982 omnibus
499 2943 579 2987 Epis
576 2951 653 2987 copis
665 2956 700 2978 ac
712 2944 915 2978 Sacerdotibus
924 2944 1008 2985 facit
1018 2969 1029 2984 ‚
1056 2944 1107 2977 boc

233 2985 332 3029 ipsum
350 2986 543 3026 &nobiliores
566 2993 662 3036 insua
681 2993 802 3038 quisque
825 2996 934 3028 ditione
955 2996 992 3027 de
1002 2992 1106 3037 iisdem

227 3034 351 3083 faciunt
361 3063 369 3071 .
396 3040 440 3074 Et
450 3041 491 3075 de
507 3042 627 3077 Graecis
637 3042 733 3082 habet
754 3046 904 3082 trastatus
915 3044 1106 3078 Constanti·

230 3088 349 3130 nopoli
360 3100 501 3132 repertus
521 3093 604 3134 apud
614 3092 727 3128 Patres
738 3094 982 3129 Praedicatores.
1008 3097 1105 3128 Graeci

230 3138 435 3177 sacerdotibus
445 3140 581 3174 debitum
599 3141 733 3177 bonorem
749 3143 956 3187 fiebtrabentes
966 3167 977 3182 ,
1002 3155 1047 3178 eos
1059 3150 1105 3177 in-

230 3194 279 3221 ter
299 3194 440 3222 convivia
446 3189 504 3232 fibi
514 3190 644 3232 adfistere
660 3192 778 3234 faciunt
789 3219 796 3226 .
825 3197 885 3228 Pro
890 3194 980 3236 facili
989 3193 1103 3235 occafin-

230 3247 269 3271 ne
279 3249 325 3270 eos
332 3245 433 3280 paenIs
452 3242 486 3274 ξ’]
495 3241 621 3283 flagellis
633 3242 723 3283 instar
736 3246 925 3287 Paganorum
946 3242 1083 3287 affligunt
1094 3269 1101 3276 .

227 3289 263 3326 ¹E
267 3296 280 3318 t
291 3298 324 3320 ut
334 3287 461 3322 habeant
472 3292 588 3324 ridendi
599 3298 756 3327 materiam
767 3317 778 3332 ‚
803 3299 835 3325 in
845 3293 993 3335 capitibus
1004 3304 1100 3327 eorum

226 3338 319 3379 pileos
326 3345 438 3383 pugnis
457 3342 660 3384 conquaffant.
690 3343 733 3375 Et
746 3354 861 3377 omnes
869 3341 967 3384 hosce
986 3345 1102 3388 pravis-

231 3385 326 3422 fimos
340 3400 444 3424 mores
455 3393 585 3434 praesens
599 3392 718 3426 Canon
731 3392 902 3435 proscribit
913 3393 947 3426 δε
956 3392 1101 3435 damnat,

232 3434 376 3473 imitatus
397 3441 499 3475 varias
520 3441 576 3476 sub
591 3442 712 3478 Carolo
729 3443 860 3489 Magno
880 3443 914 3481 ὅ(
927 3441 1101 3479 Ludovico

1140 3205 1152 3505 v———n—

1205 242 1267 277 Pio
1288 242 1435 288 Regibus
1450 261 1452 263 ·
1467 242 1620 286 Synodos
1642 243 1827 283 Gallicanas
1846 272 1859 289 ‚
1883 260 1960 283 curn
1986 251 2074 294 lapsa

1207 293 1453 329 Christianitate
1472 292 1591 337 lapsam
1612 305 1743 339 quoque
1777 298 2014 342 Episcoporum
2037 310 2074 335 ac

1205 346 1307 378 torius
1320 344 1408 380 Cleri
1420 343 1634 378 reverentiam
1644 345 1728 378 serio
1740 344 1949 383 restaurantes
1957 374 1965 381 .

1252 394 1368 431 Primo
1383 420 1394 435 ,
1406 396 1538 438 inquam
1547 419 1558 436 ,
1586 395 1707 428 Canon
1718 405 1804 429 vetat
1817 396 1993 440 Episcopos
2003 409 2078 442 qua-

1203 446 1225 479 fi
1237 445 1434 490 Capellanos
1454 443 1578 486 adstare
1590 444 1703 490 Regiae
1724 447 1841 480 mensa:
1859 447 1943 480 inter
1964 448 2078 483 Strate-

1202 507 1264 541 gos
1274 509 1312 530 ac
1324 495 1464 539 reliquos
1474 494 1642 530 Palatinos
1652 520 1663 537 ,
1689 495 1850 540 longeque
1862 496 1970 531 minus
1989 508 2077 531 men·

1202 548 1239 581 fis
1263 547 1417 590 ipsorum
1427 545 1649 589 Strategorurn
1663 570 1671 578 .
1699 545 1835 580 Etenim
1858 545 1982 581 Carolo
2002 547 2078 582 Ma·
2099 551 2157 581 L.1.
2176 560 2250 587 c.17.

1201 608 1270 642 gno
1283 620 1294 636 ,
1320 598 1521 632 Francorum
1543 595 1631 639 Regi
1650 618 1662 634 ,
1687 594 1873 630 comedenti
1897 597 2076 642 Episcopos

1201 646 1288 690 quafi
1299 646 1440 682 famulos
1449 644 1604 680 adstitisse
1627 644 1736 678 scribit
1748 645 1784 678 in
1796 645 1863 688 ejus
1888 647 1952 682 vita
1967 647 2075 682 Sancti

1202 697 1291 730 Galli
1302 695 1511 731 Monachus:
1537 694 1626 729 Inter
1636 694 1748 729 Duces
1768 695 1803 728 ὅ(
1817 696 1965 731 Comites
1984 697 2079 732 adsti-

1200 747 1271 781 tiss'e
1282 746 1418 782 affirmat
1440 745 1623 780 chronicon
1647 743 1828 790 Thegani.
1855 746 1884 779 E
1902 747 2009 782 servili
2022 759 2082 793 ge-

1200 808 1274 830 nere
1298 807 1390 831 erant
1416 806 1497 830 tunc
1521 794 1635 838 paffim
1660 795 1861 830 Francorum
1898 796 2076 840 Episcopi,

1197 844 1336 888 ideoque
1348 846 1413 880 iuis
1422 844 1584 880 sufficiens
1602 842 1711 879 honor
1722 844 1892 880 videbatur
1916 847 2077 890 parificari

1197 894 1346 929 Ducibus
1366 894 1622 935 &ComitibuS,
1648 895 1741 939 juxta
1763 895 1873 931 Sanffl
1893 896 2076 942 Augustini

1195 944 1237 979 de
1247 944 1440 989 pauperibus
1459 944 1501 979 ad
1512 945 1708 981 monasteria
1730 944 1872 981 admiffis
1883 945 2050 992 Regulam
2064 961 2075 981 .-

1195 999 1269 1028 Non
1277 1000 1394 1039 erigant
1402 1001 1565 1036 cervicem,
1591 1002 1664 1038 quia
1670 995 1823 1039 sociantur
1846 1002 1891 1031 eis
1905 1021 1917 1037 ,
1942 999 1989 1030 ad
1995 1009 2071 1040 quos

1190 1041 1268 1091 foris
1286 1040 1498 1080 accedere'non
1517 1045 1671 1080 audebant
1698 1070 1711 1086 ,
1730 1045 1789 1088 Jed
1802 1045 1927 1089 sursum
1953 1057 2000 1080 cor
2023 1047 2077 1081 ha·

1193 1094 1307 1138 beant,
1334 1097 1369 1130 6·
1389 1106 1510 1131 terrena
1519 1106 1554 1129 ac
1575 1106 1663 1129 vana
1674 1106 1733 1128 non
1754 1103 1910 1138 quaerant.
1939 1095 2069 1130 Verum

1194 1146 1295 1192 longe
1314 1146 1409 1180 aliter
1432 1146 1674 1181 Constantinus
1698 1146 1866 1191 Magnus,
1890 1143 1932 1179 de
1949 1156 2018 1190 quo
2039 1147 2076 1179 in

1193 1196 1259 1231 vita
1280 1196 1348 1239 ejus
1360 1196 1518 1231 Eusebius
1542 1195 1725 1239 Episcopus
1736 1195 1954 1230 Caesareenfis.
1982 1200 2078 1239 Impe-

1191 1254 1271 1280 rator
1283 1245 1464 1290 Epist-opos,
1489 1248 1555 1281 licet
1584 1244 1715 1280 homines
1729 1245 1851 1287 fuerint
1861 1244 1947 1288 ipfius
1961 1245 2076 1288 fhrmae

1193 1296 1297 1331 babitu
1309 1299 1354 1330 ad
1365 1295 1492 1340 speciem
1504 1296 1615 1337 abjecti
1627 1321 1639 1337 ,
1665 1295 1704 1328 ab
1716 1307 1748 1330 eo
1759 1305 1861 1332 tamen
1887 1306 1944 1329 non
1955 1297 2077 1340 eiusge-

1194 1352 1272 1381 neris
1294 1347 1453 1389 existimati
1464 1346 1556 1390 sunt;
1579 1345 1640 1389 sed
1657 1352 1727 1389 quia
1749 1358 1806 1380 non
1828 1345 1993 1386 hominem,
2023 1351 2076 1388 qui

1187 1395 1244 1439 sub
1254 1396 1426 1439 adspectum
1436 1399 1579 1430 oculorum
1591 1398 1674 1429 cadit
1684 1420 1697 1436 ,
1717 1394 1776 1438 sed
1789 1399 1882 1429 Deum
1894 1394 1990 1438 nusum
1998 1420 2009 1436 ,
2020 1401 2072 1438 qui

1190 1450 1223 1476 in
1246 1455 1345 1477 eorum
1365 1450 1477 1477 animis
1500 1443 1644 1485 infidebat
1668 1470 1679 1485 ‚
1705 1444 1882 1486 confiderare
1905 1443 1989 1486 visus
2013 1444 2076 1487 est,

1188 1493 1255 1526 illos
1269 1492 1334 1536 suae
1345 1492 1455 1537 mensae
1477 1493 1571 1534 efficit
1578 1498 1741 1536 participes
1754 1518 1761 1525 .
1790 1493 1895 1541 Qod
1919 1494 2025 1537 ipsum
2038 1494 2075 1528 in
2096 1508 2231 1539 [ὼς-,η

1189 1543 1411 1578 Ecclefiastica
1446 1543 1582 1579 historia
1629 1544 1770 1578 affirmat
1819 1542 2055 1578 Theodoretus
2068 1569 2075 1576 .

1187 1591 1372 1640 Qomodd
1390 1594 1562 1627 Maximus
1584 1591 1755 1636 Augustus
1778 1594 1934 1628 Sanctum
1957 1594 2075 1628 Marti,-

1186 1653 1267 1676 num
1290 1643 1326 1676 in
1345 1643 1413 1685 pari
1426 1643 1534 1676 secum
1555 1641 1630 1676 sede
1653 1641 1694 1675 ad
1717 1643 1862 1676 mensam
1885 1642 2013 1684 sedere,
2039 1644 2072 1678 δε

1184 1691 1326 1735 primum
1353 1692 1406 1726 iffi
1427 1690 1588 1736 scyphum
1614 1691 1724 1727 offerri
1752 1693 1874 1726 curarit
1893 1717 1904 1733 ,
1930 1703 2072 1736 eumque

1186 1753 1255 1777 non
1270 1742 1327 1787 ipfi
1340 1765 1352 1781 ‚
1376 1741 1431 1776 sed
1452 1744 1510 1775 suo
1525 1741 1720 1784 Presbytero
1733 1741 1898 1775 Martinus
1920 1743 2071 1785 propina-

1184 1791 1225 1825 rit
1240 1814 1252 1831 ‚
1268 1793 1376 1828 ,refert
1396 1791 1431 1824 in
1443 1791 1512 1833 ejus
1524 1791 1591 1824 vita
1615 1802 1655 1824 ac
1676 1790 1855 1833 plurimum
1867 1790 1978 1826 laudat
1992 1792 2070 1827 San-

1183 1841 1251 1874 &us
1278 1840 1437 1883 Sulpitius
1457 1840 1592 1874 Severus
1613 1864 1621 1872 .
1649 1839 1757 1875 Addit
1778 1841 1898 1876 eodem
1925 1842 2028 1877 modo
2049 1844 2068 1882 a
2087 1850 2160 1889 Cap.
2177 1862 2224 1884 η,

1184 1889 1422 1924 Valentiniano
1444 1890 1549 1933 primo
1569 1915 1581 1931 ,
1607 1901 1664 1933 per
1688 1889 1860 1935 Angelum
1889 1892 2007 1936 punito
2028 1905 2066 1928 ac

1182 1939 1359 1974 emendato
1385 1963 1398 1979 ,
1422 1939 1516 1973 fuiffe
1538 1942 1708 1975 trastatum
1730 1965 1742 1981 ,
1766 1942 1799 1975 &
1820 1939 1898 1979 dieti
1920 1942 2066 1978 Maximi

1182 1990 1351 2034 Reginam
1361 1989 1392 2023 ei
1404 1988 1445 2022 ad
1458 1989 1603 2024 mensam
1623 1989 1723 2023 instar
1734 1990 1862 2036 famulae
1888 1992 2063 2028 ministras-

1181 2041 1212 2073 se
1222 2064 1229 2075 .
1259 2039 1369 2073 Etiam
1381 2039 1400 2073 a
1411 2039 1632 2073 Gumtramno
1645 2040 1846 2077 Francorum
1859 2041 1952 2088 Rege
1969 2043 2062 2079 fuiste
2081 2042 2245 2077 Dial.2.e.5.

1180 2089 1225 2123 ita
1238 2098 1390 2134 exceptos
1403 2089 1585 2135 Episcopos
1606 2089 1726 2125 adserit
1734 2091 1868 2126 Sanstus
1881 2092 2062 2138 Gregorius
2080 2093 2105 2113 c„
2127 2094 2155 2120 ⁷·

1182 2139 1361 2183 Episcopus
1373 2139 1577 2174 Turonenfis
1592 2164 1598 2171 .
1626 2140 1670 2174 Et
1682 2139 1723 2174 de
1735 2141 1852 2176 Sancto
1863 2142 1891 2175 F
1893 2144 2036 2178 rederico
2051 2170 2062 2186 ,

1179 2188 1324 2233 Trajesti
1346 2188 1387 2224 ad
1398 2187 1557 2224 Rhenum
1579 2190 1748 2234 Episcopo
1760 2216 1771 2232 ,
1797 2192 1906 2226 scribit
1924 2193 2062 2228 Guiliel-

1180 2251 1251 2274 mus
1270 2238 1575 2275 Malmesberienfis.
1603 2242 1776 2277 Ludovicus
1798 2245 1874 2276 Pius
1896 2247 2063 2286 Imperator

1177 2295 1281 2332 prima
1301 2291 1506 2324 ordinationis
1538 2292 1586 2324 die
1606 2302 1718 2324 novum
1751 2290 1912 2336 Praesulem
1942 2294 2063 2338 conseffit
2083 2280 2143 2315 L‘9'
2162 2287 2239 2311 “²⁰¹

1180 2342 1313 2375 dexterae
1325 2346 1359 2375 in
1364 2341 1495 2383 prandio
1505 2341 1647 2385 dignatus
1661 2341 1699 2382 est
1712 2367 1719 2374 .
1746 2342 1827 2377 Erat
1841 2354 1979 2387 magnus
1992 2369 2003 2385 ‚
2029 2354 2063 2381 at

1182 2403 1250 2425 non
1271 2392 1456 2426 immeritus
1486 2389 1611 2425 honos.
1638 2391 1795 2432 Etenim,
1822 2393 1900 2427 teste
1923 2394 2061 2431 Hermia

1178 2440 1369 2476 Zozomeno
1383 2465 1394 2482 ‚
1420 2444 1565 2485 Dignitas
1579 2442 1774 2485 sacerdotalis
1786 2448 1902 2485 imperii
1914 2445 2060 2487 dignitati

1172 2500 1233 2533 par
1244 2491 1283 2531 est
1292 2517 1302 2531 ‚
1329 2493 1419 2525 imme
1437 2498 1470 2524 in
1480 2493 1550 2524 locis
1564 2489 1663 2534 sacris
1673 2497 1793 2534 primas
1810 2501 1915 2535 partes
1926 2494 2038 2528 obtinet
2051 2519 2060 2528 .

1178 2542 1251 2580 Effe
1265 2541 1461 2586 dignitatem
1481 2542 1582 2587 longe
1602 2542 1760 2586 majorem
1783 2543 1927 2577 ostendit
1947 2545 2058 2579 multis

1176 2593 1309 2626 Sanetus
1321 2590 1477 2627 Pontifex
1489 2591 1636 2627 Gelafius
1655 2592 1776 2636 primus
1797 2593 1833 2627 in
1846 2593 1993 2637 Epistola
2014 2594 2057 2629 ad

1177 2641 1384 2677 Anastafium
1407 2640 1593 2687 Augustum
1607 2667 1616 2680 0
1644 2642 1807 2686 Episcopo
1828 2667 1839 2683 ,
1864 2643 1977 2686 utpote
1998 2645 2055 2686 qui

1174 2692 1209 2726 &
1230 2692 1295 2726 Dei
1319 2692 1424 2727 Patris
1445 2691 1480 2726 &
1501 2691 1623 2727 Christi
1644 2693 1787 2729 Domini
1824 2694 1994 2735 personam
2014 2705 2053 2728 ac

1175 2742 1354 2787 imaginem
1367 2752 1458 2788 gerat
1470 2767 1480 2784 ‚
1505 2740 1590 2776 nihil
1602 2743 1664 2776 effe
1676 2744 1709 2776 in
1722 2742 1848 2776 mundo
1862 2742 2051 2784 sublimius,

1172 2792 1345 2835 aliquoties
1356 2793 1489 2827 Sanetus
1501 2791 1632 2836 Martyr
1641 2793 1787 2837 Ignatius
1799 2792 1833 2825 in
1848 2793 1910 2826 suis
1923 2793 2051 2835 Episto-

1174 2842 1213 2875 lis
1237 2843 1369 2877 testatur
1392 2868 1399 2875 .
1432 2841 1534 2889 Qod
1561 2843 1665 2886 ipsum
1687 2843 1722 2875 in
1753 2842 1895 2877 Nicaenae
1918 2842 2049 2885 Synodi

1174 2889 1373 2937 cbmpendio
1394 2891 1502 2927 scribit
1528 2892 1673 2928 Gelafius
1697 2890 1883 2934 Cyzicenus
1902 2916 1910 2923 .
1936 2891 1982 2926 Et
2006 2905 2047 2928 ex
2069 2888 2126 2918 Ltv
2147 2898 2223 2928 030.

1169 2939 1258 2977 hisce
1267 2943 1434 2986 principiis
1445 2941 1554 2977 noster
1565 2941 1682 2975 Canon
1694 2939 1740 2975 ait
1751 2940 1932 2986 Episcopos
1949 2953 2044 2986 opot-

1172 3002 1238 3028 tere
1247 2994 1310 3028 effe
1321 2994 1404 3036 paris
1415 2992 1549 3026 honoris
1560 3002 1635 3028 cum
1646 2991 1717 3034 ipso
1729 2991 1943 3034 Imperatore.

1219 3042 1313 3077 Hinc
1324 3043 1467 3079 secundo
1479 3040 1610 3075 mandat
1621 3041 1802 3085 Episcopos
1813 3042 1969 3088 Strategis
1985 3053 2042 3079 aut

1169 3092 1240 3132 aliis
1252 3092 1381 3137 Imperii
1392 3091 1611 3127 potestatibus
1620 3116 1630 3131 ,
1658 3091 1834 3126 Ecclesiam
1846 3093 2040 3137 ingressuris,

1170 3143 1282 3186 procul
1292 3153 1362 3176 non
1382 3152 1546 3176 occurrere
1558 3167 1565 3176 .
1592 3141 1648 3175 Est
1661 3141 1878 3185 antiquiffima
1890 3140 2040 3178 Ecclefiae

1169 3191 1340 3235 disciplina
1352 3215 1364 3232 ,
1384 3190 1425 3225 de
1437 3202 1500 3234 qua
1521 3191 1606 3234 apud
1625 3191 1798 3229 Hermiarn
1811 3193 2040 3228 Zozomenum

1168 3242 1279 3277 scribit
1298 3241 1339 3277 ad
1350 3240 1523 3276 Arsacium
1534 3240 1743 3286 paganorum
1764 3243 1799 3278 in
1812 3242 1940 3278 Galatia
1952 3243 2040 3277 Pon-

1166 3293 1288 3327 tificem
1302 3291 1446 3335 apostata
1469 3292 1637 3336 Augustus
1656 3293 1818 3336 Julianus.
1844 3295 2038 3339 Ingredienti·
2057 3310 2193 3345 1¹55„-

1166 3341 1219 3376 bus
1231 3341 1409 3383 Praest'dibus
1431 3347 1464 3376 ia
1475 3341 1574 3375 urbem
1595 3353 1675 3376 nemo
1686 3345 1822 3376 sacerdos
1833 3344 1951 3377 obviam
1968 3350 2039 3382 pro·
2183 3343 2185 3350 ’

1164 3393 1236 3425 deat
1248 3416 1259 3432 ,
1286 3391 1465 3434 nist'quando
1485 3394 1531 3425 ad
1538 3394 1649 3434 templa
1659 3395 1787 3427 Deorum
1806 3393 1944 3427 accedunt
1958 3414 1970 3430 ,
1990 3387 2036 3432 sb-

1163 3443 1224 3478 lum
1237 3448 1317 3477 intra
1329 3441 1470 3481 vestibula
1479 3467 1486 3479 ,
1513 3445 1576 3480 Eos
1590 3447 1741 3479 intrantes
1756 3444 1850 3477 nullus
1867 3441 1949 3522 ἠιξ-τ
1956 3447 2036 3481 prae·

1875 3500 1904 3524 ce
1926 3498 1958 3522 at
1970 3503 1984 3532 ‚⁸

2097 1123 2234 1160 L1.c.35.
