2340 3762
622 183 922 236 Ser-totns,
958 193 1020 224 ω·
1054 173 1247 223 Nous
1280 189 1664 223 utus-runn-
1890 189 1981 241 115

559 361 1232 453 CANON
1383 357 1734 448 LXL

239 571 480 766 αἱ
514 568 688 622 vatibus
722 566 876 636 seipsos
910 564 1178 616 tradiderunt
1201 599 1215 624 ‚
1253 564 1324 614 vel
1359 563 1413 611 iis
1446 597 1460 621 ,
1494 562 1574 628 qui
1608 560 1955 611 hecatontarchae
1988 560 2060 612 seu

451 643 722 692 centuriones
756 638 957 690 dicuntur
979 673 994 698 ,
1028 637 1099 687 vel
1133 634 1230 684 aliis
1264 630 1472 700 ejusmodi
1508 666 1522 691 ,
1555 645 1606 679 ut
1626 628 1699 678 vab
1732 632 1820 679 illis
1851 630 2019 682 discant
2043 670 2058 695 ,

489 714 520 763 fi
554 710 663 780 quid
698 709 774 758 fibi
807 707 991 759 revelari
1025 707 1164 757 velint
1196 741 1211 765 ‚
1246 706 1556 754 convenienter
1590 701 1658 749 iis=
1678 735 1693 760 ,
1740 717 1836 768 quae
1870 700 1925 749 de
1959 701 2061 769 ipsis

234 784 263 834 a
309 784 510 836 Patribus
557 781 792 832 constituta
840 778 936 828 sunt
969 814 983 838 ,
1031 776 1217 830 sexennii
1266 778 1441 826 Canoni
1475 771 1760 837 subjiciuntur
1803 805 1816 818 .
1872 773 1932 818 Et
1980 772 2059 838 ipfi

235 870 381 904 autem
416 870 490 904 eos
524 868 704 920 quoque
740 849 890 915 subjici
927 863 1104 914 oportet
1126 882 1140 907 ,
1170 847 1253 911 qui
1277 843 1393 896 ursas
1413 880 1430 904 ,
1465 843 1539 893 vel
1573 838 1782 907 ejusmodi
1815 840 2060 890 animalia..

233 922 292 972 ad
316 921 465 974 ludum
499 926 543 970 &
570 919 876 987 simpliciorum
902 933 1060 965 noxam
1086 915 1394 966 circumferunt
1421 950 1435 974 ‚
1471 917 1516 962 &
1544 910 1763 961 fortunam
1804 927 1855 960 ac
1882 909 2020 959 fatum
2044 947 2058 972 ‚

233 997 279 1041 δε
304 994 602 1055 genealogiam
626 1028 640 1051 ,
676 994 719 1043 &
758 985 1045 1057 quorumdam
1080 986 1287 1054 ejusmodi
1326 982 1554 1037 verborum
1602 979 1928 1032 multitudinem
1958 1018 1972 1041 ‚
2005 998 2059 1031 ex

233 1062 417 1112 fallaeiae
442 1062 771 1129 imposturaeque
798 1063 919 1123 nugis
946 1058 1170 1125 proferunt
1196 1079 1208 1108 ε
1244 1054 1414 1123 Eosque
1437 1091 1450 1116 ‚
1486 1057 1564 1121 qui
1595 1052 1776 1102 nubium
1815 1049 2058 1118 persecuto-

233 1150 302 1182 res
337 1138 380 1182 &
406 1135 699 1187 incantatores
722 1167 736 1192 ,
771 1135 814 1185 &
853 1131 1139 1184 amuletorum
1177 1127 1427 1196 praebitores
1447 1162 1461 1186 ‚
1498 1129 1543 1175 &
1582 1139 1705 1174 vates
1738 1122 2012 1190 appellantur
2043 1157 2057 1168 .

232 1203 323 1255 Eos
345 1218 490 1254 autem
514 1239 527 1263 ,
561 1204 640 1271 qui
663 1205 710 1253 in
735 1203 788 1251 iis
813 1201 1034 1269 persistunt
1059 1237 1072 1260 ,
1108 1216 1152 1249 et
1178 1216 1265 1249 non
1288 1196 1345 1251 ab
1384 1194 1591 1262 ejusmodi
1632 1191 1882 1262 perniciofis
1917 1193 2060 1254 genti-

233 1271 431 1340 libusque
453 1272 602 1322 studiis
629 1287 884 1327 avertuntur
917 1288 962 1319 et
1002 1270 1231 1333 aufugiunt
1257 1305 1272 1329 ,
1319 1267 1509 1316 Ecclefia
1545 1264 1728 1314 omnino
1769 1260 2061 1312 exturbandos

233 1340 503 1395 decernimus
527 1378 541 1403 ,
576 1343 682 1392 ficut
716 1356 762 1392 et
788 1341 894 1395 sacri
918 1346 1119 1391 Canones
1151 1337 1303 1388 dicunt
1326 1374 1339 1385 .
1378 1340 1488 1398 Quae
1513 1338 1631 1385 enim
1658 1333 1720 1387 est
1747 1333 1835 1383 luci
1858 1349 1958 1382 cum
1994 1346 2061 1380 te·-

228 1411 380 1461 nebris
404 1410 777 1460 communicatio}
814 1413 878 1457 Ut
903 1413 967 1456 ait
992 1408 1252 1473 Apostolus:
1290 1409 1373 1455 Vel
1396 1424 1494 1471 quae
1515 1404 1616 1454 fidei
1642 1421 1742 1453 cum
1771 1401 1935 1450 infideli
1961 1416 2060 1467 pars

231 1478 326 1531 est?
365 1484 473 1550 Qae
496 1494 641 1532 autem
669 1476 843 1530 Christo
879 1476 940 1530 est
962 1493 1063 1529 curn
1089 1476 1223 1528 Belial
1264 1472 1500 1527 concordia
1534 1491 1587 1527 ac
1610 1471 1882 1523 conventi&

508 1775 1271 1862 *CANON
1386 1776 1694 1860 LXII.

367 1993 557 2045 Alendas
584 2011 681 2061 quae
706 1993 909 2046 dicuntur
933 2031 946 2056 ‚
981 2011 1028 2046 et
1055 2009 1161 2046 vota
1187 1999 1202 2057 ζ
1235 2008 1282 2044 et
1306 1993 1522 2043 Brumalia
1542 2028 1556 2052 ‚
1592 2009 1690 2058 quae
1726 2007 1938 2044 vocantur
1963 2030 1976 2055 ‚
2010 2010 2057 2044 et

235 1997 367 2132 K
402 2067 481 2130 qui
514 2067 560 2112 in
586 2067 729 2131 primo
742 2070 895 2115 Martii
922 2066 1074 2114 mensis
1101 2065 1174 2117 die
1200 2062 1265 2125 fit,
1289 2078 1554 2114 conventum
1579 2080 1632 2111 ex
1659 2061 1853 2114 fidelium
1882 2067 2058 2115 univer-

232 2136 358 2184 fitate
382 2133 565 2184 omnino
588 2134 688 2182 tolli
714 2137 938 2186 volumus:
975 2135 1056 2184 Sed
1081 2151 1125 2185 et
1152 2134 1348 2203 publicas
1378 2135 1604 2182 mulierum
1631 2131 1906 2196 saltationes,
1944 2137 2055 2184 mul-

232 2220 326 2253 tam
352 2221 510 2253 noxam
534 2206 804 2271 exitiumque
827 2206 1072 2257 afferentes.
1111 2207 1231 2273 Qin
1254 2207 1388 2254 etiam
1417 2222 1511 2265 eaS‚
1547 2220 1644 2270 quae
1678 2206 1855 2254 nomine
1882 2223 2055 2266 eorum,

230 2278 312 2342 qui
338 2274 451 2324 falso
479 2274 593 2342 apud
618 2276 801 2338 gentiles
825 2275 887 2325 dii
911 2279 1132 2325 nominati
1160 2277 1281 2336 sunt,
1318 2276 1389 2325 vel
1419 2276 1594 2323 nomine
1621 2276 1843 2336 virorum,
1884 2293 1937 2325 ac
1961 2294 2056 2325 mu-

228 2343 383 2394 lierum
408 2344 517 2392 fiunt
541 2381 555 2405 ,
591 2343 841 2395 saltationes
878 2365 929 2396 ac
958 2346 1163 2413 mysteria
1190 2363 1310 2395 more
1340 2347 1524 2410 antiquo
1576 2360 1622 2393 et
1658 2342 1685 2392 ὲ
1724 2347 1820 2395 vita
1845 2345 2054 2395 Christia-

227 2432 384 2464 norum
410 2415 556 2462 alieno
578 2451 592 2474 ‚
627 2415 905 2466 amandamus
925 2454 938 2479 ‚
976 2432 1022 2466 et
1047 2419 1300 2484 expellimus
1327 2452 1340 2475 ,
1376 2415 1607 2463 statuentes
1632 2429 1680 2463 ut
1713 2416 1857 2465 nullus
1884 2418 1952 2465 vir
1976 2415 2052 2465 de-

229 2486 377 2551 inceps
403 2483 601 2533 muliebri
630 2485 744 2535 veste
769 2486 973 2537 induatur
996 2524 1010 2547 ‚
1046 2488 1118 2536 vel
1144 2485 1298 2536 mulier
1322 2485 1439 2534 veste
1465 2487 1562 2534 viro
1594 2488 1882 2538 conveniente
1906 2524 1919 2534 .
1968 2486 2049 2536 Sed

228 2571 372 2621 neque
398 2557 586 2602 comicas
613 2591 625 2614 ‚
660 2557 730 2604 vel
756 2555 917 2624 satyras
957 2595 970 2618 ‚
1007 2559 1076 2607 vel
1106 2561 1291 2621 tragicas
1316 2555 1516 2623 personas
1539 2555 1692 2604 induat
1717 2576 1730 2614 3
1779 2574 1923 2623 neque
1948 2575 2049 2606 exe-

227 2623 379 2673 crandi
403 2624 563 2672 Bacchi
590 2642 771 2686 nomen,
809 2644 938 2677 uvam
962 2630 1009 2677 in
1033 2628 1320 2678 torcularibus
1355 2628 1663 2694 exprimentes,
1700 2628 1936 2684 invocent3
1973 2644 2048 2676 ne-

226 2712 313 2762 que
337 2696 486 2744 vinum
511 2696 558 2742 in
581 2693 709 2744 doliis
738 2695 1009 2748 effundentes
1033 2698 1161 2747 risum
1188 2713 1393 2750 moveant
1424 2734 1438 2757 ‚
1474 2699 1719 2759 ignorantia
1754 2698 1823 2746 vel
1850 2698 2046 2746 vanitate

226 2781 278 2812 ea
302 2802 315 2825 ‚
350 2782 447 2832 quae
474 2763 530 2812 ab
558 2763 727 2815 insaniae
750 2769 981 2835 impostura
1004 2769 1246 2836 procedunt
1271 2806 1285 2830 ,
1320 2783 1562 2817 exercentes
1589 2805 1601 2815 .
1649 2771 1738 2816 Eos
1775 2784 1878 2829 ergo
1904 2803 1917 2826 ‚
1964 2768 2043 2832 qui

228 2833 431 2902 deinceps
465 2834 635 2901 aliquid
658 2854 807 2885 eorum
833 2875 846 2898 ‚
867 2846 978 2906 'quae
1002 2839 1159 2907 scripta
1195 2839 1290 2889 sunt
1313 2877 1327 2900 ‚
1377 2836 1684 2901 aggrediuntur
1708 2873 1721 2896 ,
1757 2836 1830 2886 ubi
1870 2835 1926 2884 ad
1963 2836 2041 2892 ho-

229 2919 323 2951 rum
352 2906 648 2966 cognitionem
673 2912 948 2974 pervenerint
975 2948 990 2972 ,
1025 2911 1056 2960 fi
1085 2911 1165 2960 fint
1189 2909 1368 2980 quidem
1397 2909 1559 2958 Clerici
1583 2944 1596 2971 ,
1631 2906 1789 2973 deponi
1813 2905 2042 2974 jubemus;

229 2971 261 3021 fi
286 2973 390 3022 vero
422 2975 522 3024 laici
547 3011 561 3035 ,
596 2974 830 3043 segregari.
1107 2975 1109 2978 ¹
1343 2981 1345 2983 ’

425 3160 453 3205 S
488 3174 516 3204 c
552 3177 581 3206 H
616 3176 647 3207 0
682 3179 705 3206 L
739 3178 756 3208 1
791 3179 823 3208 0
858 3179 889 3209 N
904 3197 917 3209 ‚
1169 3162 1344 3206 fingulorum
1354 3162 1487 3196 ordinum
1497 3160 1602 3197 idcirc&
1622 3162 1657 3193 in
1668 3157 1791 3201 Ecclaelia
1809 3159 1848 3194 ab
1856 3161 2040 3197 mmmd-

1166 3213 1256 3257 scrett
1266 3211 1359 3255 ficnt,
1386 3220 1420 3244 ut
1431 3210 1477 3243 bis
1489 3209 1578 3249 vifis,
1599 3211 1682 3251 cujus
1696 3208 1832 3252 propofit}
1849 3208 1890 3251 fit
1895 3210 2038 3254 gestans,

1171 3265 1281 3305 liquide>
1291 3260 1474 3306 cognoscatur
1483 3286 1490 3292 .
1518 3260 1662 3294 Omnem
1673 3260 1691 3293 a
1704 3260 1858 3305 gestantis
1874 3261 2038 3303 profeffio⁴

55 3318 131 3355 cap·
144 3320 190 3348 ιε.
293 3310 422 3350 Roprius
437 3331 448 3348 ,
473 3304 583 3352 inquit
602 3307 637 3340 in
658 3307 742 3342 libro
758 3307 800 3342 de
812 3307 1001 3344 Idololatria
1016 3310 1100 3347 Ter·
1171 3324 1213 3347 ne
1235 3312 1269 3345 &
1279 3311 1361 3345 statu
1368 3310 1532 3345 dissonum
1543 3308 1691 3349 habitum
1703 3334 1715 3350 ,
1741 3311 1842 3345 larvas
1854 3311 2036 3354 praesertim,

57 3357 92 3389 C.
108 3364 170 3393 125.

318 3357 476 3392 tullianus
491 3383 501 3399 ‚
526 3357 648 3390 habitus
669 3356 890 3401 uniuscujusque
909 3359 948 3398 est
970 3369 1034 3394 tam
1056 3364 1101 3395 ad
1169 3362 1340 3405 personas,
1366 3372 1403 3395 ac
1423 3361 1566 3395 alienum
1587 3361 1718 3401 sexum,
1743 3361 1843 3395 etiam
1865 3360 1900 3393 in
1923 3361 2033 3399 scena,

319 3406 403 3451 usum
414 3419 527 3451 ‚quam
535 3407 719 3441 adhonorem
746 3409 780 3441 &⁵
792 3409 986 3452 dignitatem.
1014 3410 1099 3445 Cau·
1168 3411 1323 3445 mentitas
1345 3411 1445 3445 vestes
1459 3410 1599 3445 Ecclefia
1622 3411 1744 3454 semper
1763 3410 1809 3445 est
1822 3408 2009 3444 abominata
2023 3430 2031 3439 .

226 3453 293 3494 sam
304 3457 362 3492 dat
382 3459 483 3501 prima
494 3458 647 3501 Synodus
658 3457 941 3502 Aquisgranensis.
968 3456 1117 3543 Habitusl
1167 3461 1302 3497 Etenim
1320 3460 1361 3496 ad
1383 3458 1598 3496 Euehratium
1609 3460 1806 3507 Episcopum
1826 3457 1933 3493 scribit
1956 3456 2035 3500 Sane,

323 3506 428 3549 Chrst.
442 3511 520 3553 Lupi
532 3510 706 3553 Oper.Tom.
719 3511 774 3542 111.
1559 3509 1587 3544 P
1636 3521 1659 3546 2
1916 3507 1983 3543 &us
