2340 3762
76 988 128 1023 ΕΡ.
138 996 148 1016 1
156 996 201 1022 90.

734 157 799 186 DE
836 153 1006 187 SEXTA
1042 134 1283 182 SYNODO
1319 140 1635 174 GENERALI.

1927 141 1981 184 33

256 229 468 265 immaculatae
484 226 580 262 fidei.
617 224 730 260 Exstat
754 224 901 268 Epistola
922 223 957 257 in
984 215 1123 256 secundo
1145 233 1150 246 ι
1193 212 1252 254 est,
1277 225 1312 247 αδ
1323 212 1523 256 velutiipsum
1534 216 1702 255 Principem
1712 212 1859 255 Ap0st⁰lff⁶¹⁵
1878 210 1978 249 elwrb
2004 210 2061 248 1⁰⁷¹*

253 278 428 314 secretario
441 277 567 321 Synodi
579 275 802 310 Latet-anenfis
813 274 871 309 sub
892 273 1040 307 Martino
1065 268 1128 313 pri·

253 340 311 363 mo
324 342 331 362 :
359 329 517 373 Legenda
527 328 572 361 est
584 326 705 360 ibidem
718 324 883 367 synodalis
891 321 1035 366 Epistola
1051 317 1128 362 Epi-

1193 275 1305 307 maeque
1326 263 1474 298 cathedrae
1499 263 1663 303 antistitem
1674 266 1804 296 Petrum·
1822 266 1943 296 contuiti
1965 258 2068 301 sumus

1194 321 1335 351 mentium
1348 313 1510 354 nostrarum
1522 315 1610 347 oculis
1624 338 1634 354 ‚
1659 319 1748 346 totius
1761 310 1990 355 dispensationis
2010 310 2069 344 My-

253 380 427 423 scoporum
456 375 641 416 Numidiae,
668 376 827 419 Byzadi,
861 385 898 408 ac
921 368 1127 407 Mauritania
1186 364 1310 403 sterium
1324 365 1485 397 Divinitas
1498 364 1695 406 eloquentem,
1722 362 1872 403 verbaque
1883 362 1944 394 haec
1951 366 2006 402 per
2016 367 2068 389 eas

253 427 294 462 ad
319 429 471 463 eumdem
482 424 716 461 Theodorum.
746 425 789 459 Et
803 425 837 458 in
859 422 972 457 litteris
993 421 1035 455 ad
1046 420 1129 454 Leo-

254 489 333 513 nem
344 477 521 514 secundum
532 475 729 511 Pontificem
740 499 751 516 ,
777 472 888 508 nostrae
901 471 1029 516 Synodi
1053 479 1130 503 con-

254 528 463 567 firmatoriis,
490 526 597 561 scribit
610 525 846 560 Constantinus
859 523 1026 567 Augustus
1040 519 1129 563 Apo-

253 579 402 613 stolicam
415 574 530 612 Sedem
541 578 603 610 effe
613 588 678 610 eam
689 578 812 608 Petram
824 597 835 613 ‚
857 571 946 616 super
961 583 1051 615 quam
1073 573 1130 602 Do-

252 633 352 661 minus
368 627 522 669 fundavit
541 625 696 668 Ecclefiam
708 648 719 664 ,
754 625 787 657 Θ
802 625 953 666 praedixit
975 630 1128 663 nunquam

247 677 339 720 fore,
363 676 624 719 utportaeinferi‚
649 674 767 715 bocest,
791 672 1064 714 haereticaeinfidiae
1075 670 1128 702 ad·

250 727 359 761 versus
371 739 437 761 eam
443 727 648 770 praevalerent
661 751 668 757 .
698 725 740 759 Et
751 723 906 768 Iosephus
929 720 1129 756 Mothonen-

250 777 292 810 fis
320 777 499 821 Episcopus
529 779 564 812 in
595 774 779 810 Florentini
807 773 953 808 Concilii
978 770 1128 806 adversus

252 825 407 862 Marcum
427 826 637 870 Ephefiorum
665 825 842 858 Primatem
867 822 1056 867 Apologia:
1091 824 1128 852 In

252 874 518 917 RemanaEcclefia
528 886 579 909 nec
597 875 757 917 infidelitas
768 899 779 915 ,
804 883 855 906 nec
865 880 950 915 turpe
961 873 1068 915 dogma
1077 881 1129 903 un-

249 936 341 968 quam
357 924 462 967 manfit
473 922 489 958 .’
510 925 554 959 Et
566 925 699 959 Sanetus
710 922 892 958 Bernardus
913 923 947 955 in
962 920 1077 955 litteris
1087 918 1129 954 ad

249 975 486 1010 Innocentium
495 974 674 1009 secundum
685 972 897 1007 Pontificem.
925 975 1059 1015 Dignum
1081 982 1130 1003 ar-

251 1025 346 1059 bitror
366 1025 585 1068 ibipotiffimum
606 1022 745 1067 resarciri
754 1025 867 1057 damna
882 1020 974 1063 fidei,
1000 1021 1050 1055 ubi
1072 1032 1130 1054 non

247 1075 412 1118 poffitfides
421 1075 534 1119 fintire
545 1074 710 1117 defet‘lum.
740 1080 813 1108 Haec
822 1074 932 1116 quippe
951 1071 1040 1113 hujus
1049 1079 1131 1113 prae·

253 1131 394 1170 rogativae
414 1127 518 1159 Sedis.
546 1129 604 1159 Cui
625 1130 704 1158 enim
723 1125 812 1158 alteri
835 1123 1004 1165 aliquando
1019 1121 1130 1155 dit‘lum

253 1175 311 1216 est:
350 1175 449 1210 EGO
485 1175 583 1210 PRO
622 1175 689 1208 TE
725 1172 916 1219 RQGAVI
950 1171 1132 1209 ΡΕΤΚΕ,

252 1224 336 1260 UT
379 1225 487 1262 NON
531 1222 766 1260 DEFICIAT
785 1260 792 1270 ι
809 1222 942 1257 FIDES
991 1220 1131 1256 TUA?

252 1277 337 1320 Ergo
363 1277 444 1319 quod
467 1271 622 1320 liquitur,
660 1277 681 1308 ἃ
707 1276 791 1308 Petri
808 1272 960 1317 successore
981 1276 1131 1316 exigitur-3

250 1325 332 1359 ΕΤ
367 1325 457 1360 TU
495 1323 803 1369 ALIQUANDO
839 1319 1132 1354 CONVERSUS

253 1372 513 1408 CONFIRMA
537 1371 760 1406 FRATRES
785 1369 940 1404 TUOS.
967 1368 1133 1415 roirca

252 1415 490 1454 omniaomina&
505 1421 599 1451 inD'
653 1428 689 1450 tu
698 1420 761 1449 -suo
782 1417 934 1449 definivit
952 1416 1133 1458 Gregorius

248 1468 345 1518 Papa
365 1467 536 1512 septimus:
615 1468 617 1470 ’
634 1465 658 1497 d
673 1467 810 1497 Romana
834 1462 962 1504 Ecclefia
981 1474 1133 1506 nunquam

252 1522 398 1557 erravit,
430 1527 483 1551 nec
512 1520 544 1549 in
570 1522 769 1558 perpetuum,
805 1515 959 1556 Scriptura
988 1512 1132 1554 testante,

251 1568 380 1605 errabit.

260 1658 262 1660 v
306 1618 351 1653 Et
362 1615 441 1653 hinc
450 1617 639 1663 dogmatica
653 1613 849 1660 Apostolicae
863 1613 954 1651 Sedis
974 1613 1014 1649 ad
1027 1614 1132 1657 Syno-

255 1667 336 1703 dum
345 1668 529 1713 generalem
540 1666 686 1710 Epistola
696 1667 849 1701 virtutem
861 1666 983 1709 semper
995 1663 1110 1699 habuit
1120 1687 1131 1702 ,

253 1728 354 1763 atque
374 1717 510 1752 habebit
522 1741 535 1758 ,
559 1728 628 1752 non
640 1716 766 1751 tantum
776 1714 870 1758 primi
885 1714 1028 1760 suffragii
1035 1729 1052 1755 τ,
1078 1713 1131 1747 sed

253 1768 359 1812 plena
381 1776 481 1811 atque
505 1765 742 1803 irretractabilis
767 1764 972 1800 definitionis
998 1789 1005 1797 .
1038 1761 1131 1810 Qid

253 1818 348 1853 enim
359 1815 449 1863 aliud
458 1816 525 1862 egit
539 1813 698 1860 Ephefina
709 1813 859 1859 Synodus
869 1838 880 1854 ‚
906 1814 1005 1858 quam
1027 1813 1131 1848 firma-

254 1879 292 1903 re
317 1865 473 1902 Celestini
500 1865 672 1901 Pontificis
699 1866 742 1900 in,
761 1864 951 1900 Nestorium
975 1863 1128 1906 decreta3

254 1917 336 1962 quid
347 1927 468 1962 magna
477 1914 753 1952 Chalcedonensis
762 1939 774 1956 ,
799 1915 857 1949 nifi
867 1914 1045 1949 acclamare
1058 1913 1130 1956 Epi-

252 1967 346 2002 stolae
366 1967 474 2002 sansti
499 1966 645 2008 Leonis,
670 1965 885 2001 eamlaudare
905 1974 942 1999 ut
951 1964 1131 2000 firmamen-

254 2027 328 2053 tum
337 2017 438 2053 totius
450 2015 656 2052 orthodoxiae
668 2040 679 2057 ‚
702 2027 743 2051 ac
756 2014 926 2060 Episcopis
937 2014 978 2049 ad
993 2013 1067 2057 'ejus
1086 2024 1129 2048 re-

253 2068 442 2111 ceptionem
454 2065 673 2101 haefitantibus
680 2066 798 2101 minari
813 2065 1000 2101 Romanam
1020 2071 1131 2099 evoca-

250 2117 386 2152 tionem
398 2117 413 2140 ²
435 2117 512 2151 Nec
537 2116 631 2151 aliter
653 2118 760 2151 abtum
782 2117 815 2149 in
827 2116 963 2150 Nicaena
974 2113 1109 2158 synodo
1121 2137 1132 2154 ,

254 2176 314 2201 aut
325 2167 426 2210 prima
444 2166 814 2209 Constantinopolitana
827 2190 834 2196 .
860 2166 904 2200 Et
926 2164 1004 2198 hinc
1025 2164 1066 2199 de
1076 2165 1130 2198 sua

253 2215 443 2260 dogmatica
467 2215 615 2259 Epistola
639 2215 870 2258 ad„Principes
903 2213 938 2248 ὅ(
958 2213 1130 2257 synodum

255 2266 444 2311 praesentem
454 2265 575 2309 scripfit
587 2265 727 2300 'Sansius
747 2262 900 2310 Agatho.
928 2263 1076 2308 Personas
1094 2265 1132 2298 de

254 2315 362 2357 mflrae
383 2316 571 2348 Humilitatis
588 2316 694 2348 ordine
710 2315 915 2357 praevidimus
939 2315 1065 2360 dirigere
1089 2315 1136 2348 ad

256 2364 366 2405 vestrae
375 2366 395 2398 ἃ
408 2367 469 2398 Deo
479 2366 668 2409 protegenda
679 2366 883 2399 Fortitudinis
895 2364 1038 2408 vestigia,
1064 2375 1131 2408 quae

256 2419 388 2449 nennium
407 2413 554 2455 nostrum,
579 2416 615 2447 td
637 2413 696 2455 est,
723 2413 925 2457 universorum
942 2422 997 2457 per
1006 2413 1133 2458 septem-

253 2465 399 2499 trionales
428 2465 478 2498 vel
486 2465 618 2498 occiduas
629 2470 757 2508 regiones
769 2463 976 2507 Epist-operum
981 2461 1133 2508 suggestio-

256 2526 327 2549 nem
338 2538 349 2554 ,
375 2520 408 2548 in
416 2525 476 2556 qua
500 2515 533 2548 o·
546 2513 710 2555 Apostolicae
731 2514 834 2558 nossrae
853 2513 921 2556 fidei
942 2514 1132 2556 confeffionem

253 2562 483 2607 praelibavimus
504 2586 514 2602 ‚
538 2563 638 2603 offerre
658 2564 784 2598 debeant
810 2589 820 2604 ,
846 2576 902 2597 non
933 2574 1031 2598 tamen
1056 2573 1130 2597 tam-

256 2624 350 2657 quam
362 2614 399 2646 de
412 2618 532 2646 incertis
542 2615 715 2647 contendere
728 2638 737 2653 ‚
756 2612 815 2656 sed
830 2622 864 2646 ut
874 2623 956 2647 certa
982 2622 1070 2656 atque
1078 2620 1131 2647 im-

240 2662 378 2708 ,mobilia
402 2661 601 2706 compendiosa
619 2663 785 2706 definitione
807 2663 946 2704 proferre
968 2688 974 2694 .
1000 2664 1043 2697 Et
1064 2665 1129 2707 ipsa

255 2712 413 2757 synodus
426 2713 460 2747 in
471 2712 618 2747 sermone
637 2712 867 2748 acclamatorio
888 2712 929 2747 ad
945 2712 1129 2756 Principem

255 2763 425 2807 profitetur
444 2762 533 2797 aliud
554 2764 586 2796 se
606 2774 673 2796 non
687 2763 795 2797 feciffe
809 2786 820 2803 ,
847 2774 946 2807 quam
968 2762 1128 2807 Agathonis

253 2811 421 2856 sant‘iiffimi
430 2818 535 2849 Patris
539 2810 590 2856 fici
615 2814 650 2847 et
655 2810 762 2855 summi
774 2815 869 2854 Papae
889 2814 1062 2857 'dogmaticis
1081 2814 1129 2847 lit-

257 2868 332 2897 teris
354 2860 531 2906 conftntire:
570 2865 630 2896 Per
651 2861 834 2907 Agathonem
858 2868 936 2908 enim
958 2865 1067 2897 Petrus
1091 2864 1128 2900 lo-

259 2912 419 2952 quebatur.
450 2913 494 2946 Et
515 2913 549 2946 in
573 2911 754 2948 Relatione
769 2910 810 2947 ad
829 2913 970 2947 eundem
990 2912 1128 2947 Pontifi-

259 2970 330 2994 cem
354 2986 361 2993 .
385 2961 474 3002 Tibi,
499 2967 544 2996 uti
558 2968 668 3004 primae
688 2961 771 3006 sedis
794 2961 923 3003 Anttstiti
948 2961 1127 3006 universalis

259 3009 393 3051 Ecclefiae
404 3035 415 3051 ‚
439 3012 513 3053 quid
518 3013 681 3055 gerendum
686 3012 725 3054 fit
736 3013 930 3054 relinquimus
941 3037 952 3053 ‚
971 3012 1068 3053 stanti
1078 3011 1125 3056 fic-

255 3067 318 3100 pra
339 3058 457 3099 firmam
477 3060 551 3102 fidei
577 3064 720 3101 Petram,
746 3062 870 3097 libenter
887 3063 1024 3105 perlectis
1046 3074 1127 3096 verae

258 3107 436 3149 confeffionis
446 3111 554 3144 litteris
564 3111 584 3142 ἃ
595 3111 692 3152 vestra
699 3120 787 3153 pater
793 3125 833 3146 na
844 3114 1036 3146 Beatitudine
1060 3111 1126 3155 mis-

198 3200 200 3203 *
256 3155 299 3199 fis
315 3180 326 3196 ,
350 3168 424 3198 quas
436 3166 468 3190 ut
479 3160 497 3189 ἃ
505 3158 617 3201 summo
627 3160 816 3204 Apostolorum
826 3168 935 3196 vertice
947 3164 1053 3196 divine*
1062 3170 1124 3203 per·

259 3205 390 3250 scriptas
402 3205 578 3255 agnoscimus
587 3234 597 3249 ,
618 3218 672 3251 per
683 3223 759 3253 quas
769 3221 903 3246 exortam
917 3218 1007 3255 nuper
1030 3213 1124 3246 multi-

258 3257 350 3299 plicis
358 3261 468 3290 erroris
480 3256 765 3301 baereticamsee‘lam
773 3263 938 3303 depulimus
950 3285 958 3294 .
986 3263 1029 3296 Et
1038 3261 1122 3296 Con-

266 3305 425 3339 stantinus
435 3305 603 3350 Augustus
623 3307 654 3340 in
670 3309 782 3343 litteris
801 3310 842 3344 ad
855 3310 1001 3344 Leonem
1021 3311 1127 3346 secun-

263 3355 346 3389 dum
357 3354 570 3389 Pontificem.
597 3356 737 3390 Nihilum
746 3365 906 3392 immutata
919 3371 1000 3394 verae
1022 3358 1128 3403 confes-

254 3403 348 3449 sionis
359 3410 436 3437 ratio
448 3405 482 3439 in
493 3405 633 3440 laudatis
642 3407 834 3450 dogmaticis
856 3407 971 3444 litteris
976 3409 1128 3454 perspec‘la

361 3452 463 3495 christ.
473 3458 551 3499 ‘Lupi
562 3459 642 3499 oper.
655 3459 680 3488 T
681 3468 731 3490 om.
741 3460 793 3489 ΠΙ.

1192 415 1310 447 litteras
1329 414 1494 455 facientem
1521 428 1531 447 .-
1566 414 1645 449 TU
1673 412 1725 447 Es
1752 410 1987 446 CHRISTUS
2012 409 2072 443 Fi-

1193 463 1294 497 LIUS
1320 463 1403 496 DE1
1429 463 1531 496 VIVI
1549 489 1556 494 .
1582 468 1669 497 Nam
1690 461 1786 507 ipsum
1807 471 1899 496 totum
1921 459 2069 500 Christum

1193 512 1275 546 nobis
1283 512 1311 556 s
1304 524 1382 546 acrae
1393 514 1457 552 ejus
1467 515 1575 546 litterae
1588 515 1748 557 disserendo
1758 510 1961 556 exprimebant
1973 534 1984 550 ,
1995 520 2070 552 quas

1192 575 1291 597 omnes
1319 562 1486 595 lubentibus
1509 568 1618 595 animis
1624 562 1797 606 sincerique
1823 566 2008 603 accepimus,
2035 560 2070 592 (π

1191 614 1287 646 veluti
1310 616 1432 647 Petrum
1452 611 1547 655 ipsum
1566 613 1647 646 ulnis
1670 619 1765 645 animi
1780 611 1979 655 suscepimus.
2006 609 2071 643 Eas

1194 663 1314 698 litteras
1334 664 1396 697 effe
1406 662 1489 696 dicit
1510 662 1693 697 dosttinam
1704 661 1769 695 Dei
1783 686 1794 702 ,
1818 661 1853 694 &
1876 663 1983 706 legem
1998 670 2071 703 quae

1193 713 1295 747 exivit
1303 711 1344 746 de
1356 712 1435 747 Sion
1447 736 1459 752 ,
1486 711 1521 746 id
1534 712 1579 747 est
1591 737 1602 754 ,
1625 710 1779 755 Apostolico
1788 717 1897 743 montis
1923 712 2069 744 culmIne:

1195 763 1239 796 Et
1250 763 1434 797 Macarium
1446 761 1636 797 Antiochiae
1647 759 1865 798 patriarcham
1878 785 1888 800 ‚
1914 761 1971 803 qui
1987 759 2073 793 solus

1195 813 1265 855 ipfis
1289 812 1444 847 adsentiri
1455 811 1586 852 noluit,
1616 812 1650 845 in
1676 813 1780 857 ipsum
1800 808 2010 854 coryphaeum
2035 820 2073 843 ac

1193 861 1381 905 Principem
1392 860 1527 896 Petrum
1538 862 1702 897 insaniisse
1712 885 1724 902 ,
1747 860 1965 904 ideoque-jure
1977 858 2006 891 “a
2017 859 2076 902 Sy-

1196 911 1285 947 nodo
1295 912 1505 947 damnatum.
1532 912 1577 946 Et
1587 912 1722 948 Sanetus
1743 909 1917 946 Tharafius
1938 909 2075 945 Patriar-
2094 927 2196 959 Ast&

1194 961 1256 996 cha
1278 961 1670 1006 Constantinopolitanus
1705 962 1907 1007 dogmaticas
1934 958 2074 994 Adriani

1196 1012 1291 1056 primi
1314 1012 1489 1047 Pontificis
1499 1013 1541 1048 ad
1563 1014 1732 1056 septimam
1755 1012 1931 1056 Synodum
1953 1010 2073 1045 litteras

1195 1063 1243 1097 ait
1252 1062 1346 1097 fuisse
1354 1061 1490 1098 oculum
1501 1063 1692 1099 directorem
1702 1063 1805 1098 totius
1829 1061 1995 1105 synodalis
2006 1071 2076 1094 cor-

1197 1113 1284 1156 poris
1293 1112 1334 1151 ad
1348 1114 1497 1148 semitam
1508 1113 1709 1149 testitudinis
1721 1124 1759 1147 ac
1772 1113 1934 1147 veritatis.
1961 1112 2076 1157 Qam

1197 1163 1378 1206 supremam
1388 1163 1610 1199 auctoritatem
1627 1162 1833 1208 Apostolicis
1851 1161 1969 1196 litteris
1984 1158 2077 1204 fuisse

1199 1214 1235 1247 in
1254 1214 1349 1248 omni
1361 1215 1485 1259 semper
1493 1213 1637 1260 generali
1659 1214 1797 1258 Synodo
1808 1211 1953 1247 ostendit
1976 1209 2079 1243 Nico-

1198 1263 1267 1298 laus
1288 1267 1410 1307 primus
1431 1264 1589 1300 Pontifex
1608 1264 1643 1298 in
1656 1263 1803 1308 Epistola
1823 1262 1864 1298 ad
1875 1258 2079 1295 Michaelem

1198 1311 1403 1356 Augustum.
1431 1316 1475 1347 Et
1485 1315 1588 1357 prima
1609 1314 1763 1348 Dioscori
1791 1310 1986 1346 Patriarchae
2002 1310 2080 1343 Ale-

1197 1360 1349 1395 xandrini
1376 1374 1413 1396 ac
1425 1364 1527 1397 totius
1540 1361 1871 1406 Epheliniiatro'cinii
1895 1360 1989 1394 ruina
2014 1359 2077 1392 fuit

1197 1411 1377 1442 occultatio
1401 1412 1435 1444 δι
1447 1412 1665 1452 praevaricatio
1685 1408 2079 1454 dogmaticarumlittera-

1197 1467 1269 1490 rum
1280 1456 1386 1492 San‘sti
1404 1457 1499 1501 Papae
1512 1458 1652 1494 Leonis.

1247 1506 1361 1541 Latius
1374 1506 1441 1542 haec
1451 1507 1522 1542 dixi
1532 1508 1701 1544 adversum
1726 1510 1834 1544 nescio
1847 1520 1930 1554 quos
1956 1510 2081 1543 nostro·

1198 1567 1270 1590 rum
1283 1565 1467 1601 temporum
1496 1559 1659 1601 turbines,
1686 1560 1743 1606 qui
1764 1572 1841 1595 cum
1861 1557 2080 1594 Schismaticis

1199 1617 1295 1650 atque
1316 1607 1507 1642 Eusebianis
1527 1609 1647 1644 Graecis
1667 1634 1678 1650 ‚
1703 1621 1779 1644 cum
1799 1606 2081 1651 Pseudo-synodo

1199 1656 1368 1691 Bafileenfi
1394 1682 1404 1699 ,
1430 1669 1468 1692 ac
1488 1658 1660 1693 Sannione
1683 1659 1881 1704 pragmatica
1918 1666 2083 1692 conantur

1200 1705 1344 1741 Romani
1362 1707 1562 1753 Episcopiin
1576 1708 1772 1744 definiendis
1792 1708 1870 1743 fidei
1892 1718 2082 1743 controver-

1199 1755 1252 1789 fiis
1264 1756 1437 1794 infallibile
1447 1756 1606 1799 iudicium
1619 1757 1879 1801 circumscribere
1893 1783 1903 1798 ‚
1929 1759 1964 1792 ὃς
1985 1758 2083 1792 muti·

1199 1804 1264 1840 lare
1273 1806 1419 1852 glorioso
1431 1807 1489 1841 illo
1502 1808 1673 1853 privilegio
1685 1834 1696 1850 ,
1722 1809 1763 1844 de
1774 1819 1840 1853 quo
1863 1807 1949 1842 dixit
1962 1808 2081 1842 Domi⁴

1200 1867 1261 1890 nus
1286 1857 1327 1892 ad
1352 1856 1506 1892 Petrum:
1536 1861 1686 1903 confirma
1704 1859 1827 1903 fratres
1850 1868 1936 1899 tuos,
1964 1859 2079 1901 utique

1198 1908 1333 1943 cunctos
1355 1909 1505 1944 universa:
1524 1908 1582 1943 sub
1608 1909 1694 1944 coelo
1716 1909 1866 1944 Ecclefiae
1877 1908 2081 1953 Episcop0s‚

1198 1957 1298 1991 etiam
1314 1958 1357 2005 *in
1377 1958 1521 2004 generali
1534 1959 1671 2001 Synodo
1688 1960 1864 1995 adunatos.
1894 1958 2081 1994 Adversum

1199 2006 1319 2042 fimiles
1331 2008 1480 2043 Lotharii
1508 2010 1706 2045 Francorum
1719 2010 1840 2054 Regis,
1868 2010 1902 2043 <Sc
1925 2020 2080 2051 quorum-

1199 2056 1275 2091 dam
1287 2058 1355 2101 ejus
1365 2059 1484 2093 effraeni
1498 2059 1706 2102 impudicitia:
1715 2060 1993 2102 patrocinantium
2005 2060 2081 2102 Epi-

1199 2107 1370 2151 scoporum
1383 2108 1570 2144 insolentias
1591 2110 1695 2144 edixit
1718 2110 1752 2143 in
1777 2110 1928 2144 Romana
1939 2108 2081 2152 Synodo

2100 1232 2182 1273 Epist.
2194 1244 2223 1270 9.

1172 2182 1173 2185 ,
1200 2156 1516 2203 Nicolausprimus:
1541 2162 1574 2193 si
1589 2166 1657 2202 quis
1667 2161 1827 2204 dogmata,
1856 2159 2081 2200 mandata,in-

1197 2209 1325 2243 terdit'la
1336 2234 1347 2251 ‚
1368 2209 1538 2253 samsones
1548 2235 1558 2251 ,
1585 2212 1641 2244 vel
1648 2213 1765 2246 decreta
1772 2219 1829 2252 pro
1843 2214 1868 2242 C
1872 2209 1996 2242 atholica
2000 2209 2079 2251 fide,

1192 2267 1251 2302 pro
1261 2259 1455 2302 Eccleffirflica
1465 2260 1623 2303 disciplina
1632 2286 1643 2302 ,
1665 2270 1722 2304 pro
1732 2261 1902 2294 correbtione
1920 2258 2055 2300 fidelium
2066 2284 2077 2300 ,

1192 2318 1250 2353 pro
1258 2312 1459 2345 emendatione
1463 2310 1672 2354 sceleratorum
1680 2336 1692 2353 ,
1719 2311 1773 2345 vel
1797 2310 2003 2345 interdidlione
2024 2315 2079 2342 im·

1197 2366 1372 2394 mittentium
1398 2363 1451 2395 vel
1455 2361 1634 2402 futurorum
1656 2363 1800 2394 malorum
1811 2385 1822 2401 ,
1846 2362 1868 2391 ἃ
1892 2361 1977 2393 Sedis
2003 2361 2078 2401 Apo-

1190 2409 1298 2450 stolicae
1312 2410 1443 2453 Praesule
1450 2409 1612 2453 salubriter
1621 2412 1814 2455 promulgata
1824 2435 1835 2451 ,
1860 2408 2077 2451 contempserit,

1190 2459 1360 2494 anathema
1362 2459 1401 2502 fit
1412 2484 1419 2493 .
1446 2461 1500 2495 De
1510 2470 1578 2504 quo
1589 2459 1705 2495 Edicto
1716 2461 1756 2494 ad
1768 2461 1952 2504 Hugonetn
1965 2459 2078 2493 Eccle¹

1196 2509 1246 2543 fiae
1273 2511 1498 2555 Lugdunensis
1510 2509 1695 2554 ¹Primntem
1722 2509 1832 2545 scribit
1859 2510 1991 2544 Sanctus
2017 2508 2077 2543 Ivo

1183 2559 1375 2603 'Episcopus
1387 2559 1612 2594 Carnotensis:
1642 2565 1713 2594 Haec
1722 2562 1870 2594 mandata
1876 2559 1916 2603 fic
1939 2560 2076 2594 volumus
2094 2572 2175 2612 Epist,
2187 2578 2234 2604 60.

1194 2608 1371 2653 observare,
1398 2619 1431 2643 ut
1447 2615 1562 2653 parati,
1572 2609 1664 2651 simus
1675 2635 1687 2651 ‚
1712 2612 1773 2645 Deo
1783 2618 1970 2653 cooperante,
1996 2621 2075 2651 quae-

1195 2660 1267 2694 libet
1277 2658 1406 2703 adversa
1419 2683 1429 2699 ‚
1449 2669 1612 2702 procorum
1631 2660 1790 2703 dafenfione
1811 2664 1947 2695 tolerare.
1982 2660 2072 2707 Quia

1196 2720 1312 2753 nempe
1323 2710 1475 2745 novimus
1484 2710 1682 2745 Pontificem
1695 2711 1729 2745 in
1742 2710 1808 2745 illis
1818 2710 1880 2746 labi
1900 2721 1966 2745 non
1980 2711 2071 2752 poffe

1195 2760 1355 2855 antIfgilglit
1378 2810 1476 2846 Liber
1498 2797 1700 2847 Pontii-icalis
1720 2812 1754 2845 in
1779 2812 1845 2846 vita
1866 2807 2071 2855 sanaiAga-

1196 2857 1308 2894 thonis
1328 2862 1369 2896 de
1386 2861 1476 2905 supra
1498 2862 1636 2896 laudatis
1647 2862 1737 2898 Sedis
1757 2860 1953 2904 Apostolicae
1970 2872 2007 2895 ac
2019 2871 2068 2895 to-

1164 2956 1168 2960 ·
1194 2911 1258 2944 tius
1269 2911 1691 2956 LatinaeSynodiLegatis.
1730 2912 1805 2951 Miffi
1823 2911 1908 2944 Sedis
1936 2909 2070 2953 Apostoli-

1193 2972 1235 2994 cae
1251 2985 1263 3001 ,
1287 2967 1339 3004 qui
1349 2961 1580 3003 direAEifuerant
1591 2986 1601 3002 ,
1612 2966 1644 2994 in
1655 2966 1779 3004 Regiam
1788 2960 1889 2994 urbem
1899 2962 2068 3004 ingredien-

1192 3019 1236 3044 tes
1249 3012 1296 3043 die
1310 3012 1422 3044 decima
1443 3011 1541 3053 mensis
1563 3009 1743 3043 Novembris
1754 3033 1764 3048 ,
1790 3021 1867 3043 nona
1886 3010 2064 3050 intuitione,

1194 3063 1316 3093 Domino
1325 3059 1438 3103 sblante
1448 3070 1536 3103 atque
1558 3063 1693 3103 Principe
1714 3059 1903 3101 Apostolorum
1926 3064 2068 3093 comitan-

1191 3117 1219 3142 te
1231 3134 1240 3149 ‚
1262 3108 1389 3153 suscepti
1394 3109 1466 3152 sunt
1489 3112 1509 3143 ἂ
1523 3112 1661 3152 Principe
1680 3114 1712 3142 in
1728 3111 1838 3142 oraculo
1862 3111 1953 3143 Beati
1979 3111 2065 3142 Petri

1195 3158 1313 3202 Apostoli
1333 3166 1416 3192 intra
1432 3161 1599 3201 palatium,
1620 3165 1805 3203 porrigentes
1817 3164 1844 3192 ei
1859 3157 1972 3202 scripta
1989 3162 2063 3191 Pon·

1192 3209 1279 3250 tificis
1304 3234 1309 3239 .
1350 3209 1428 3242 Fuit
1453 3208 1480 3241 is
1505 3219 1608 3242 annus
1644 3209 1788 3243 Domini
1819 3209 2063 3244 sexcentesimus

1192 3254 1447 3302 octuagesimus,
1471 3256 1660 3303 Agathonis
1694 3253 1947 3302 Papae'tertius,
1974 3258 2060 3299 Con-

1193 3308 1325 3343 stamini
1350 3307 1491 3352 Augusti
1509 3308 1656 3343 decimus
1673 3308 1799 3346 tertius.
1836 3308 1898 3343 Per
1919 3308 1987 3343 dies
2008 3306 2063 3341 ali·

1194 3367 1274 3402 quot
1304 3357 1420 3403 Legati
1439 3357 1654 3402 quieverunt,
1691 3357 1862 3393 Pontificis
1887 3359 1999 3401 scripta
2025 3355 2060 3389 δε

1195 3405 1345 3445 mandata
1366 3407 1422 3444 {ibi
1444 3407 1589 3452 impofita
1614 3408 1840 3491 “uagantem
1865 3420 1903 3444 ac
1929 3404 2065 3486 tazdem

1365 3473 1370 3478 ·
1987 3459 2014 3488 ie
