2340 3762
62 729 136 766 cip*
148 736 176 765 3·

61 843 131 880 cap.
148 848 196 882 36·

54 1260 129 1298 Cap·
143 1269 190 1292 ιο.

46 1561 167 1604 Epist.9.

158 2269 160 2271 '
218 2262 391 2305 positionis
417 2272 456 2305 ac
466 2260 682 2295 anathematis
691 2271 779 2294 reatu
792 2259 946 2304 deinceps
964 2260 1097 2294 interdi-

41 2318 124 2358 Epist.
149 2331 177 2351 2.

171 2623 175 2627 ¹
213 2610 366 2654 dementia
383 2611 479 2643 dicam
502 2635 514 2652 ,
549 2610 754 2644 indubitanter
774 2609 936 2653 adficmunt
957 2622 966 2642 :
1001 2612 1095 2654 ,Quod

39 2661 110 2696 Cap.
127 2669 174 2697 37.

38 2701 110 2740 Cap.
128 2710 157 2736 7.

187 2778 188 2781 =
211 2759 348 2794 carensis
362 2759 515 2803 Synodus
528 2785 541 2802 ‚
568 2760 706 2794 secunda
715 2760 935 2803 Hispalensis,
960 2760 995 2794 δε
1006 2762 1089 2795 octa-

655 194 727 228 nn
762 196 993 228 ocrAVA
1024 178 1645 228 'Srnon'o'Gt-:NERALL
1889 199 1985 243 339

241 271 372 316 primus
392 291 404 309 ,
429 269 560 303 Sanetus
580 266 717 301 Irenaeus
739 289 751 307 ‚
782 265 916 299 Sanctus
939 261 1115 299 Cornelius
1173 262 1269 306 scopis
1282 264 1345 304 ejus
1355 263 1576 307 Suffiaganeis‚
1601 262 1884 311 &Archi-Epiftopj
1905 275 1972 298 cum
1982 264 2052 306 suf.

239 320 326 364 Papa
337 343 349 360 ‚
374 318 525 362 Synodus
539 317 704 352 Eliberina
721 339 732 355 ,
758 314 912 358 Synodus
931 314 1116 349 Laodicen-

237 369 298 410 ῦς,
327 369 431 403 Gtaeci
457 370 490 403 ἀ
511 367 622 403 Latini
642 366 752 401 Patres
775 363 988 408 antiquiffimi
1001 362 1113 409 paffim

238 419 458 455 meminerunt
477 426 645 461 tamquam
676 418 758 451 ritus
778 413 966 458 Apostolici
989 440 999 454 ,
1036 416 1114 449 tam·

238 479 337 514 quam
349 469 413 503 veti
423 470 442 504 ὲ
453 466 584 503 Christo
595 466 750 502 Domino
766 464 876 499 nostro
904 463 1046 499 instituti
1060 464 1111 498 Sa-

238 519 395 554 cramenti
405 543 414 552 .
442 518 486 552 Et
495 517 629 562 quidem
640 516 790 552 Chrisma
801 526 858 559 per
867 514 988 548 Divini
1010 514 1114 548 nomi-

237 567 291 603 nis
315 569 560 604 invocationem
580 568 775 602 sanctificare
784 566 831 600 est
852 564 928 600 solis
945 565 1114 608 Episcopis

237 617 281 653 ab
298 618 416 654 eodem
438 618 588 652 Domino
598 617 712 653 nostro
722 617 916 651 reservatum
929 638 941 655 ,
967 614 1113 658 adeoque

237 667 439 712 Presbyteris
450 680 620 712 nunquam
633 668 742 712 potuit
754 666 849 701 licere
862 690 870 697 .
896 665 989 699 Hinc
1000 664 1111 698 statuit

235 719 378 753 secunda
415 717 680 764 Carthaginensis
708 714 860 760 Synodus
886 727 894 746 ε
932 713 1111 757 chrismatis

237 768 375 812 confefflo
400 770 435 804 o·
447 771 614 803 Puellarum
624 766 794 811 confit-ratio
808 767 829 797 ἃ
851 764 1035 804 Presbyteri:
1055 775 1113 797 non

230 818 292 860 fiat
312 844 320 852 .
359 818 499 854 Addidit
519 821 714 853 Fortunatus
737 816 916 860 Episcopus
938 826 946 846 ε
988 817 1113 847 Memini

230 874 386 910 praeterito
395 870 521 902 Concilio
531 869 616 903 istud
626 868 731 911 ipsum
734 866 824 908 fuiffl*
828 865 976 904 statutum
987 886 994 893 .
1023 862 1113 896 Gon-

233 918 341 952 firmat
351 918 504 960 Synodus
515 918 609 951 tertia
621 928 629 946 ε
656 915 813 952 Presbyter
822 911 981 954 inconsulto
991 910 1112 954 Episco-

230 971 416 1010 poVirgines
440 977 500 999 non
514 962 654 1009 consecret
665 988 677 1005 ‚
703 960 842 1005 chrisma
861 964 935 996 vero
960 972 1111 1003 nunquam

217 1015 383 1059 conficiat.
409 1015 594 1051 Secundam
616 1038 631 1059 ,
655 1025 726 1059 quae
744 1011 830 1047 hanc
850 1012 1110 1052 confectionem,

230 1066 373 1101 &istam
381 1066 662 1101 consecrationem
673 1064 808 1108 aequaffe
828 1062 999 1097 videbatur
1013 1087 1024 1103 ,
1051 1063 1110 1105 Sy-

231 1116 360 1151 nodum
372 1116 530 1160 exponit,
554 1116 702 1158 dicitque
728 1112 814 1149 hanc
834 1111 874 1145 de
899 1113 1054 1156 Episcopi
1074 1111 1109 1145 li-

229 1167 360 1207 centia,
387 1166 480 1201 istam
493 1166 623 1210 penitus
636 1174 803 1209 nunquam
823 1162 918 1197 licere
941 1161 1108 1205 Presbyte-

229 1217 274 1251 εἰς
285 1240 298 1257 ,
323 1217 413 1261 quod
425 1227 541 1261 nempe
552 1216 681 1251 Divino
692 1216 765 1259 Jure
776 1215 813 1248 sit
825 1213 996 1258 Episcopis
1014 1214 1107 1247 teser-

229 1275 324 1301 vata.
352 1267 404 1301 Et.
422 1267 527 1311 prime.
546 1266 702 1311 synodus
723 1264 891 1300 Toletana
915 1276 923 1296 :
950 1264 1105 1307 ‚Quamvis

224 1318 305 1359 pene
328 1316 617 1360 ubiquecustodiatur
629 1341 642 1359 ‚
663 1324 698 1350 ut
715 1314 822 1360 absque
842 1311 986 1356 Episcopo
1005 1311 1106 1357 cbris-

227 1377 372 1401 manemo
379 1367 535 1410 conficiat,
560 1377 662 1402 tamen
674 1370 747 1410 quia
755 1371 789 1399 in
802 1364 951 1407 aliquibus
961 1364 1030 1397 locis
1055 1365 1107 1398 vel

229 1418 398 1461 Provinciis
425 1417 591 1457 Presbyteri
616 1419 754 1452 dicuntur
787 1412 926 1457 chrisma
951 1414 1105 1456 conficere,

222 1468 339 1507 Placuit
371 1479 410 1502 ex
429 1465 485 1500 bac
503 1468 552 1500 die
581 1468 694 1501 nullum
725 1466 817 1498 alium
837 1463 894 1503 ²¹¹st
906 1461 1104 1504 Episcopum,

225 1514 371 1560 chrisma
372 1516 478 1558 facere
488 1540 495 1547 .
521 1516 566 1550 Et
578 1515 613 1549 in
625 1513 741 1550 litteris
751 1513 792 1548 ad
806 1512 960 1546 Lucaniae
972 1511 1102 1555 Episco-

225 1575 288 1610 pos
297 1567 433 1602 Sanctus
444 1564 599 1601 Pontifex
610 1565 773 1601 Gelafius:
799 1562 982 1605 conficiendi
1004 1559 1103 1604 chris

222 1621 320 1649 -matis
332 1616 517 1658 facultatem
538 1616 703 1653 Presbyteri
723 1625 780 1647 non
793 1612 971 1655 adsumant.
999 1611 1044 1644 Et
1066 1613 1102 1644 in

224 1664 343 1699 litteris
362 1665 403 1700 ad
422 1663 765 1700 palentini'territorii
786 1663 898 1697 fratres
919 1661 1103 1696 Montanus

224 1712 547 1759 Archi-Episcopus
567 1714 752 1750 Toletanus
776 1737 788 1754 ‚
819 1708 936 1746 Praeses
958 1709 1102 1746 secundae

222 1763 350 1799 ibidem
371 1764 516 1808 Synodi:
543 1768 640 1800 Nova
660 1762 857 1808 praesumptio
879 1760 1100 1802 Praefidentt'um

222 1813 312 1848 vobis
332 1814 568 1855 Presbyterorum
588 1814 717 1856 nostrum
729 1812 869 1857 pulsavit
887 1813 1025 1846 auditum
1045 1834 1057 1851 ,
1074 1811 1106 1854 fi

221 1871 325 1898 enimn
346 1876 426 1899 nova
444 1865 584 1906 ramum,
608 1867 644 1900 ά
664 1877 721 1899 non
731 1862 906 1901 detestabilis
928 1862 1074 1903 dicipfft
1088 1884 1099 1900 ,

221 1924 292 1956 qua
302 1912 341 1947 ab
350 1919 436 1948 initio
440 1913 512 1956 fidei
521 1925 674 1957 nunquam
684 1938 697 1955 ,
722 1912 780 1954 nifi
783 1923 858 1947 nunc
860 1910 1024 1955 subrepfiffe
1032 1918 1097 1952 pro-

220 1963 312 1998 batur
323 1987 336 2005 ,
360 1964 441 1997 utid
447 1988 459 2005 ,
485 1964 564 2007 quod
567 1971 624 2007 per
636 1974 745 1997 manus
750 1961 862 2005 summi
871 1962 1021 2004 Pontificis
1033 1964 1098 1994 Tri-

219 2024 273 2047 τι
281 2015 464 2048 Divinitatis
473 2018 619 2050 invocatio
624 2012 810 2057 sanblificare
819 2010 969 2057 consuevit
978 2034 989 2051 ,
1014 2010 1099 2055 Pres-

219 2060 436 2107 byter'ignarus
449 2058 612 2104 disciplinae
623 2061 817 2104 conficerefibi
829 2060 967 2103 chrisma
981 2061 1098 2104 praesu-

220 2121 331 2146 meret.
357 2111 432 2146 Esse
442 2110 522 2145 dicit
541 2111 728 2156 ignaviam,
752 2110 976 2150 dementiam,
1002 2109 1097 2144 schis-

218 2172 276 2202 ma
297 2186 309 2204 ,
345 2172 414 2196 tem
433 2159 618 2195 inauditam
640 2185 651 2202 ,
679 2158 851 2206 Religioni
873 2160 1070 2195 contrariam
1083 2185 1094 2202 ,

219 2213 417 2246 senescentis
427 2212 541 2245 mundi
552 2210 765 2246 temeritatmi
777 2235 788 2251 ‚
814 2209 955 2253 ideoque
976 2209 1097 2245 subde-

1174 362 1378 406 consuetudine
1399 364 1561 398 tolerentur
1581 387 1591 397 .
1636 363 1925 402 Consectationem
1964 368 2052 402 hanc

1175 411 1256 447 adeo
1275 413 1334 447 fibi
1355 414 1528 448 reservavit
1551 410 1736 448 Patriarcha
1751 413 2055 460 Constantinopoli·

1176 472 1289 505 tanus,
1315 473 1352 497 ut
1372 464 1473 506 ipsam
1499 476 1560 499 nec
1583 464 1802 509 Bulgaromtn
1826 474 1864 498 ac
1876 462 2053 503 Blacorum

1175 513 1309 548 Primati
1321 514 1539 557 permitteret.
1567 514 1662 550 Hinc
1687 514 1778 548 enim
1799 513 1841 549 ad
1865 512 2054 549 Romanam

1176 564 1353 598 Ecclesiam
1374 561 1476 599 redux
1496 563 1682 598 earumdem
1705 563 1856 608 gentium
1868 561 1945 597 Rex
1955 563 2054 599 Calo-

1175 613 1314 655 Joannes
1325 613 1515 657 supplicavit
1532 613 1731 647 Innocentio
1746 614 1860 647 tertio:
1890 615 2027 648 Petimus
2037 639 2052 656 ,

1175 671 1208 696 ut
1215 663 1273 706 fiat
1285 662 1424 707 chrisma
1433 675 1470 697 ex
1476 672 1626 706 praecepto
1635 662 1811 697 sanaettatis
1822 671 1884 696 tuae
1903 669 1936 697 in
1944 662 2054 707 sancffae

1178 717 1330 757 &magna
1349 712 1474 755 Ecclefia
1489 720 1627 748 civitatis
1637 716 1778 747 Trinonae
1794 721 1851 754 pro
1863 713 2055 757 Baptismate

1178 814 1356 858 Episcopus
1380 814 1596 849 Trinonensis
1618 827 1626 847 ε
1665 813 1808 848 sanctum
1828 812 1969 856 chrisma
1995 824 2055 847 non

1175 861 1338 905 babemus,
1364 866 1606 898 immoaGraet-is
1616 873 1839 908 receperamus-3
1864 863 1923 908 sed
1942 866 1978 897 de
1998 874 2055 897 cae-

1174 919 1237 945 tero
1256 923 1331 946 non.
1357 917 1523 956 Tamquam
1548 917 1584 950 &-
1602 927 1656 950 vos
1677 919 1777 950 Graeci
1800 914 1901 960 exosos
1923 912 2052 948 babent.

1174 965 1221 996 De
1238 961 1342 1004 sanllo
1366 963 1536 1006 chrismate
1555 968 1657 1000 doceat
1677 978 1732 1000 nos
1747 990 1759 1007 ‚
1784 967 1914 1009 qualiter
1929 973 2053 1009 gentem

1172 1011 1328 1054 baptizare
1356 1013 1532 1056 debeamus,
1557 1018 1592 1050 ό·
1611 1028 1648 1050 ne
1666 1026 1820 1050 remaneat
1838 1028 1913 1061 gens
1943 1013 2053 1058 absque

1166 1060 1269 1104 sanc'io
1290 1061 1460 1106 chrismate
1478 1089 1490 1106 ,
1523 1066 1559 1099 6·
1579 1072 1639 1100 erit
1656 1072 1810 1105 peecatum
1831 1090 1840 1098 .
1864 1064 2052 1107 Respondit

1172 1112 1248 1147 veto
1275 1112 1425 1148 laudatus
1436 1113 1613 1149 Pontifex.
1638 1112 1780 1157 chrisma
1795 1138 1807 1155 ,
1832 1115 1867 1147 ψ
1887 1115 1982 1148 oleum
1994 1118 2055 1146 ca·

1169 1162 1400 1197 tecbumenorum
1425 1165 1460 1199 6*
1478 1164 1663 1206 infirmorum
1683 1163 1803 1208 fingulis
1815 1168 1906 1197 annis
1928 1169 1961 1196 in
1970 1173 2053 1197 corna

1170 1215 1313 1254 Domini,
1338 1222 1404 1247 tam
1423 1219 1457 1248 in
1480 1213 1607 1256 Erclefia
1623 1213 1778 1257 Bulgariae
1801 1214 1894 1255 qucim
1917 1215 1953 1248 <tt
1976 1215 2054 1246 Bla-

1165 1262 1262 1305 chiae,
1283 1263 1517 1307 fiertsecundicm
1527 1263 1763 1308 consuetudinem
1780 1266 1927 1307 ,Romanae
1953 1265 2053 1297 Eccle-

1162 1312 1402 1355 fiaeconcedimus
1414 1339 1425 1356 ,
1450 1324 1484 1348 ut
1496 1320 1608 1359 quoties
1631 1314 1734 1357 νισι-αἶα
1751 1313 1848 1356 fuerit
1859 1313 2053 1356 baptizentur

1167 1363 1201 1397 (9
1209 1365 1412 1407 confirmentur
1418 1373 1477 1407 per
1488 1364 1662 1410 dioecesanos
1672 1362 1834 1407 Epist-opos
1846 1387 1858 1404 ‚
1872 1370 1923 1407 qui
1930 1362 2053 1405 fuerint

1167 1414 1361 1455 confirmandi
1381 1440 1389 1448 .
1415 1415 1460 1449 Et
1482 1415 1577 1450 istam
1601 1415 1699 1458 hujus
1719 1413 1977 1448 consecrationis
2003 1414 2052 1446 so-

1170 1463 1361 1498 lennitatem
1373 1463 1543 1498 instituisse
1568 1474 1625 1498 aut
1637 1463 1752 1498 saltem
1769 1462 1909 1497 initiasse
1922 1461 2053 1498 videtur

1168 1511 1283 1547 Petrus
1293 1511 1471 1557 Cnapheus
1497 1514 1551 1547 seu
1575 1512 1692 1553 Fullo,
1720 1510 1906 1547 Patriatcha
1930 1511 2052 1546 Antio-

1167 1560 1290 1597 chenus
1303 1587 1313 1603 ,
1339 1562 1379 1596 de
1399 1574 1468 1606 quo
1488 1563 1523 1597 in
1543 1563 1761 1598 Collestaneis
1773 1561 1974 1596 Theodorus
1986 1561 2050 1596 Le-

1166 1614 1234 1646 ἐὶοι·
1257 1626 1264 1645 :
1291 1614 1402 1646 Petrus
1424 1611 1583 1653 cnapheus
1604 1635 1616 1652 ,
1643 1621 1679 1645 ut
1701 1610 1842 1654 chrisma
1865 1617 1898 1644 in
1921 1610 2049 1653 Ecckfia

1167 1673 1263 1695 coram
1274 1668 1353 1695 omni
1358 1663 1465 1704 populo
1469 1660 1706 1706 samqificaretur
1713 1686 1726 1702 ,
1754 1662 1920 1706 excogitasse
1930 1663 2049 1695 dicitur.

1166 1711 1269 1746 Porro
1290 1712 1378 1747 illius
1394 1713 1572 1757 quotannis
1592 1712 1630 1745 in
1651 1712 1793 1746 Domini
1817 1722 1913 1746 coena
1934 1713 2050 1746 con-se-

1164 1762 1277 1796 ctandi
1291 1772 1417 1797 morem
1437 1755 1498 1797 effe
1513 1761 1738 1805 Apostolicam
1768 1759 2001 1800 traditionem,
2026 1760 2048 1795 ὲ

1166 1811 1339 1850 Romana,
1365 1810 1610 1849 Alexandrina,
1637 1809 1870 1851 Antiochena‚
1891 1810 2049 1845 Hieroso-

1163 1859 1323 1902 lymitana
1335 1884 1346 1901 ‚
1371 1871 1409 1894 ac
1421 1858 1581 1904 Ephefina
1596 1860 1738 1894 Ecclesia
1757 1861 1878 1904 semper
1900 1859 2046 1895 observa·

1162 1918 1230 1943 tam
1258 1935 1268 1951 ,
1297 1909 1395 1944 tradit
1416 1911 1557 1946 secunda
1582 1910 1729 1953 Epistola
1755 1911 1875 1946 Sancto
1895 1910 2045 1946 Fabiano

1162 1959 1318 1994 Pontifici
1341 1969 1398 2002 per
1408 1958 1562 1993 Isidorum
1577 1959 1794 1994 Mercatorem
1815 1960 1972 2004 adscripta
1984 1985 1992 1993 .

1211 2008 1322 2052 Objici
1343 2018 1454 2043 tamen
1478 2008 1572 2053 poffit
1594 2008 1675 2043 liber
1696 2008 1948 2044 Pontificalisin
1975 2010 2044 2044 vita

1161 2059 1268 2094 Sansti
1291 2059 1446 2102 Sylvestri
1473 2072 1481 2091 :
1520 2057 1656 2100 sylvester
1676 2058 1822 2100 constituit
1845 2058 1983 2102 chrisma
2003 2059 2042 2091 ab

1161 2107 1304 2153 Episcopo
1318 2108 1415 2150 confici
1427 2134 1435 2141 .
1462 2109 1506 2143 Et
1516 2109 1650 2152 antiqua
1664 2134 1676 2151 ‚
1704 2109 1779 2144 licet
1792 2110 1908 2145 Sanito
1919 2110 2042 2145 Hiero-

1160 2170 1264 2203 nymo
1284 2159 1448 2204 perperam
1478 2159 1659 2204 adscripta,
1684 2160 1726 2194 de
1746 2160 1869 2203 septem
1893 2160 2042 2195 Ecclesiae

1159 2209 1314 2253 gradibus
1324 2208 1471 2252 Epistola
1480 2209 1521 2244 ad
1534 2208 1707 2244 Rusticum
1719 2209 2043 2255 Archi-Episcopum

1160 2259 1427 2294 Narbonensem:
1456 2259 1641 2300 Presbyteri,
1662 2259 1693 2301 si
1711 2260 1813 2304 neceffe
1833 2260 1872 2301 est
1888 2285 1899 2301 ‚
1920 2262 2041 2304 possunt

1158 2309 1297 2353 chrisma
1307 2310 1455 2353 conficere.
1481 2312 1630 2352 siquidem
1640 2308 1703 2343 haec
1717 2311 1820 2353 regula
1841 2315 1933 2344 etiam
1961 2322 2038 2345 nune

1151 2357 1297 2403 servatur
1316 2362 1337 2392 ἂ
1354 2360 1489 2402 plurimis
1506 2384 1516 2400 ,
1543 2370 1634 2403 atque
1653 2366 1685 2394 in
1707 2359 1842 2402 Ecclesiis
1864 2361 1969 2394 multis
1990 2362 2038 2397 ita

1149 2409 1271 2453 faciunt
1283 2435 1291 2442 .
1316 2415 1431 2443 Tamen
1442 2421 1516 2443 meae
1527 2409 1579 2443 boc
1599 2408 1732 2453 scitoeffe
1751 2408 1911 2452 sententiae
1922 2436 1933 2452 ‚
1959 2412 2038 2444 nulli

1157 2459 1298 2503 Episcopo
1304 2458 1393 2503 super
1402 2459 1453 2494 hoc
1462 2461 1608 2501 insariam
1611 2458 1787 2501 faciendam
1800 2484 1810 2501 ‚
1837 2472 1887 2495 nec
1910 2462 2001 2505 legem
2012 2463 2036 2494 ἃ

1155 2521 1202 2543 me
1211 2510 1412 2552 opponendam
1420 2515 1471 2550 ei,
1496 2511 1604 2553 quilex
1627 2509 1665 2551 est
1678 2510 1859 2549 Presbyteri.
1888 2509 2037 2554 Respon-

1155 2560 1217 2594 deo
1230 2560 1410 2604 Epistolam
1435 2558 1520 2594 hanc
1542 2561 1604 2594 esse
1616 2559 1738 2595 modici
1752 2560 1905 2604 ponderis
1925 2585 1930 2591 .
1958 2561 2035 2604 Epi-

1155 2610 1322 2654 scopatum
1347 2611 1380 2644 δε
1390 2609 1649 2654 presbyteratum
1659 2613 1741 2644 'errat
1760 2610 1890 2644 Divino
1902 2611 1976 2653 Jure
1988 2612 2036 2644 es-

1154 2659 1184 2694 se
1194 2660 1328 2704 aequales
1343 2683 1354 2699 ‚
1379 2668 1475 2704 atque
1495 2659 1584 2694 hunc
1605 2670 1744 2694 errorem
1770 2659 1822 2694 isti
1836 2660 2030 2699 inaedificat,

1155 2709 1248 2744 lauda
1254 2710 1320 2744 ndo
1331 2720 1441 2745 tamen
1453 2720 1528 2743 curn
1539 2710 1760 2744 moderamine
1772 2722 1779 2742 z
1807 2713 1882 2742 Meae
1892 2708 1942 2741 hoc
1955 2708 2030 2751 scm

1151 2760 1200 2803 effe
1217 2757 1372 2803 sententtae
1391 2786 1398 2794 .
1447 2758 1579 2794 Vixerit
1598 2759 1707 2794 forsan
1729 2758 1818 2793 illius
1841 2760 1967 2793 Aueior
1986 2770 2030 2792 eo

1153 2819 1299 2854 tempore
1309 2834 1320 2849 ,
1343 2810 1424 2845 dum
1435 2809 1608 2844 damnatus
1627 2808 1646 2841 ὲ
1657 2810 1825 2843 Montano
1837 2807 2029 2851 Archi-Epi-

1148 2860 1246 2904 scopo
1269 2860 1385 2895 abusus
1407 2870 1463 2904 per
1477 2860 1672 2903 Hispaniam
1683 2858 1880 2902 graffabatur
1893 2883 1900 2890 .
1927 2858 2028 2892 Liber

1148 2909 1353 2945 Pontificalis
1364 2910 1463 2945 etiam
1475 2920 1541 2943 non
1552 2908 1596 2943 est
1609 2908 1837 2953 irrefragabilis
1845 2933 1855 2949 ,
1884 2908 1942 2942 nisi
1969 2907 2029 2943 ubi

1150 2961 1267 3003 incipit
1278 2959 1440 2995 Anastasii
1458 2957 1703 2994 Bibliothecarii
1714 2969 1814 3001 opus:
1841 2959 1885 2992 Et
1897 2969 2027 2998 vocem,

1147 3010 1320 3051 Constituit,
1350 3011 1478 3055 usurpat
1489 3020 1546 3052 pro
1558 3007 1773 3051 constitutum,
1799 3009 1910 3053 utique
1932 3008 2026 3043 Divi·-

1149 3071 1192 3094 no
1208 3061 1279 3103 Jure
1290 3085 1301 3101 ,
1328 3062 1495 3094 declaravit
1508 3085 1516 3092 .
1867 3077 1870 3080 Δ

1195 3110 1304 3152 Major
1325 3111 1498 3143 difficultas
1518 3108 1563 3143 est
1577 3108 1618 3143 de
1629 3109 1890 3144 Confirmatricis
1912 3107 2024 3143 Chn's-

1145 3159 1301 3194 mationis
1322 3158 1500 3194 collatione
1519 3182 1527 3190 .
1556 3159 1636 3193 Eam
1661 3159 1735 3193 sane
1756 3160 1830 3194 solis
1855 3159 2024 3203 Episcopis

1144 3209 1254 3252 paffim
1278 3208 1445 3243 reservavit
1470 3208 1612 3243 Ecclesia
1636 3209 1755 3245 Latina
1779 3235 1786 3242 .
1824 3210 1957 3245 Etenim
1979 3207 2022 3243 ad

1144 3259 1341 3294 Decentium
1361 3257 1575 3303 Eugubiuum
1598 3259 1795 3304 Episcopum
1818 3260 1927 3294 scribit
1946 3260 2021 3292 San·

214 2310 278 2345 cit.
309 2312 354 2346 Et
365 2312 400 2345 in
412 2311 526 2346 litteris
547 2309 588 2345 ad
601 2309 823 2345 Theoribium
848 2309 1096 2353 Presbyterum.

214 2362 355 2404 ,Quidam
365 2359 530 2400 Preibsteri
541 2359 613 2404 mesu
624 2367 778 2394 temerasio
788 2371 836 2394 res
841 2357 945 2402 sacras
955 2371 1013 2393 non
1032 2370 1095 2394 tam

214 2408 378 2454 consecrare
389 2436 400 2452 ,
427 2411 517 2454 quam
526 2411 642 2446 viel-re
648 2409 836 2454 praesumunt
845 2434 856 2451 ,
883 2412 918 2444 Θ
931 2410 1044 2444 cannis
1054 2411 1094 2444 ab

213 2461 381 2503 inittofidei
408 2460 572 2497 catholica
588 2459 705 2505 saeculis
727 2459 892 2502 inufitatum
901 2459 1028 2504 summis
1044 2459 1095 2503 sui

213 2510 338 2544 Ordinis
347 2509 511 2545 bominibus
524 2535 536 2552 ,
561 2510 744 2553 militantum
754 2509 942 2551 Pontificibus
962 2510 1093 2544 debitum

207 2562 264 2600 ‚ius
287 2558 509 2603 consecrationis
530 2559 711 2604 chrismatis
722 2584 733 2603 ,
762 2559 854 2603 nes'cio
877 2572 933 2603 quo
943 2559 1028 2603 typho
1052 2572 1093 2594 an

210 2669 302 2702 quam
317 2658 492 2704 sacrilegum
504 2659 544 2703 fit
568 2684 579 2700 ,
600 2662 757 2703 pitfflmam
777 2668 860 2693 tuam
887 2659 1091 2704 conscientiam

211 2710 305 2743 latere
316 2721 373 2743 non
383 2712 467 2744 credo
475 2735 483 2743 .
511 2709 615 2758 Qiod
625 2710 727 2754 ipsum
739 2710 889 2753 repetivit
903 2711 1006 2754 prima
1015 2710 1091 2745 Bra-

210 2818 252 2842 va
261 2808 429 2844 Toletana
442 2834 449 2842 .
478 2810 521 2844 Et
533 2810 637 2844 bacin
650 2822 684 2844 re
694 2808 783 2854 quod
795 2810 894 2844 etiam
903 2809 938 2844 in
952 2809 1087 2845 Latino-

209 2867 283 2892 rum
295 2858 530 2902 Episcoporum
543 2860 749 2894 Albanenses
774 2870 830 2894 aut
852 2859 937 2894 alios
955 2860 1087 2895 Graecos

209 2907 246 2941 in
271 2907 326 2940 sua
347 2907 482 2942 Dioecesi
507 2909 698 2944 habentium
718 2910 933 2945 instructione
948 2910 1086 2945 advertit

211 2957 368 2991 Clemens
378 2959 510 2993 octavus
518 2959 675 2994 Pontifex
686 2984 697 3001 ‚
723 2971 793 2993 non
804 2960 942 2995 memini
955 2959 1085 2995 Graecos

207 3006 227 3040 ὲ
240 3006 336 3041 nobis
346 3018 489 3050 unquam
499 3008 670 3046 diffenfiffe
678 3035 686 3043 .

257 3057 351 3105 Qin
365 3057 469 3091 immo
478 3057 579 3104 longe
599 3060 685 3103 apud
698 3060 828 3094 Graecos
841 3084 852 3101 ,
878 3071 976 3104 quarn
998 3060 1081 3104 apud

206 3118 269 3143 nos
293 3106 470 3141 solemnior
489 3107 554 3142 fuit
578 3108 638 3144 ista
657 3110 882 3151 consecratio,
907 3111 949 3144 de
971 3111 1081 3154 quain

205 3157 325 3192 litteris
337 3156 378 3192 ad
387 3156 613 3192 Tusculanum
635 3159 831 3203 Episcopum
851 3160 893 3194 de
904 3159 1081 3195 tolerandis

206 3216 264 3241 aut
286 3218 356 3242 non
372 3207 554 3242 'tolerandis
567 3208 752 3242 Graecorum
775 3209 891 3242 ritibus
903 3209 1020 3253 scripsit
1030 3211 1079 3243 ln-

207 3258 382 3291 nocentius
393 3267 541 3301 quartus..
566 3259 682 3301 Singuli
701 3256 838 3301 Episcopi
859 3265 891 3292 in
908 3257 972 3301 suis
983 3260 1080 3292 Eccle-

200 3305 254 3347 ssis
278 3313 312 3340 in
330 3309 379 3340 die
400 3319 486 3341 coenae
502 3308 621 3341 Domini
638 3307 755 3350 poffunt
772 3306 932 3351 secundum
946 3308 1078 3351 formam

207 3356 338 3398 Ecclessae
358 3356 498 3400 chrisma
517 3357 667 3400 conficere.
694 3358 755 3390 sed
768 3355 798 3398 fi
810 3355 897 3399 fisum
918 3363 1076 3400 antiquum

204 3409 337 3440 risurum
349 3406 400 3441 hoc
411 3412 507 3441 Graeci
513 3409 612 3450 potius
619 3406 742 3450 servare
750 3407 895 3440 voluerint
903 3432 914 3448 ,
936 3408 1076 3442 videlicet

201 3455 284 3496 quod
292 3458 470 3491 Patrtaroha
494 3460 555 3492 unni
573 3469 638 3492 cum
659 3455 917 3500 Archi-Episcopis
944 3459 978 3493 Θ·
1001 3461 1075 3500 Epi·

301 3506 408 3548 christ.
417 3510 501 3551 Lupi
512 3513 600 3552 oper.
613 3510 746 3542 Tam-111.

1141 3361 1189 3392 dis
1199 3358 1370 3400 infantibus
1385 3358 1571 3400 manifestum
1582 3358 1621 3399 est
1632 3370 1690 3393 non
1710 3360 1750 3393 ab
1762 3360 1839 3400 alio,
1864 3369 1955 3402 quam
1979 3354 2018 3387 ab

1141 3407 1282 3452 Episcopo
1288 3409 1355 3452 fieri
1366 3410 1467 3442 licere.
1492 3413 1580 3441 Nam
1591 3409 1752 3449 Presbyteri
1765 3435 1776 3450 ,
1799 3411 1868 3443 licit
1883 3406 1945 3447 fine
1966 3406 2017 3437 Sa-

1139 3460 1264 3495 cerdotes
1287 3484 1299 3501 ‚
1325 3457 1515 3500 Pontificatus
1538 3467 1642 3543 {amen
1666 3466 1775 3502 apicem
1800 3469 1858 3492 non
1882 3455 1992 3541 hgbscnt
2006 3478 2015 3490 .

1602 3519 1625 3542 u
1673 3521 1696 3547 2

1170 313 1329 357 fraganeis
1336 312 1402 356 suis
1408 312 1497 355 fimul
1502 311 1640 357 chrisma
1648 312 1801 355 conficiant
1809 341 1820 356 ,
1844 324 1878 351 m
1887 318 1945 351 tali
1954 329 2052 352 eorum
2101 361 2105 363 ‚

1176 762 1423 804 christianorum.
1450 765 1495 798 Et
1515 775 1625 799 earum
1649 763 1775 798 Primas
1790 763 1923 798 Basilius
1937 762 2056 799 Archi·
2118 770 2121 772 ’

2068 1516 2098 1545 L.
2118 1525 2149 1549 ι..

2057 2243 2129 2284 Cap.
2146 2248 2174 2278 6.

1142 3309 1207 3342 etus
1229 3309 1386 3343 Pontifex
1405 3307 1618 3343 Innocentius
1634 3310 1771 3353 primus.
1797 3312 1842 3343 De
1854 3310 2018 3352 confignan·
2034 3309 2107 3346 ³3³9·
2123 3317 2150 3347 ἰ·
