2340 3762
43 1282 107 1318 La·
115 1279 203 1320 Epist.

42 1330 59 1359 3
66 1332 91 1356 9·

45 2844 163 2886 Ερὶἱὶαῖ

622 185 690 216 De
727 182 972 219 sepum
1005 167 1254 218 SYNODO
1289 163 1631 215 Genauam,

222 260 356 305 gratiam
366 257 557 301 Imperatoris
568 257 691 292 baberet
701 269 713 301 ;
732 255 764 299 fi
770 254 892 299 hocfieri
897 255 1082 298 praepediret
1092 277 1103 295 ,

227 307 412 353 dsuogradu
432 311 594 343 decideret.
629 307 818 352 Eispondet
828 307 900 342 Leo
924 307 1013 341 suam
1036 315 1106 350 gra-

226 359 309 394 tiam
322 384 333 399 ,
358 360 446 402 quod
456 361 523 403 jam
536 359 630 394 antea
640 358 793 393 eumdem
806 357 879 392 sede
902 356 978 400 pelli
1005 357 1038 390 ὃ(
1050 368 1105 390 oc·-

225 407 293 443 cidi
305 408 435 451 juffiffet
445 436 452 442 .
484 410 562 453 Ejus
573 408 614 443 ab
625 407 796 444 Anastafio
807 416 1021 442 memoratam
1042 406 1106 450 jus·

224 458 350 493 fionem
361 459 503 495 lucidius
512 459 651 503 exponit
660 459 669 493 i
673 461 727 502 pse
737 458 895 493 Pontifex
906 457 1087 503 Gregorius
1097 481 1104 488 .

225 511 294 542 Nos
298 509 530 552 perterrefacis,
556 508 658 553 aisque
669 534 680 551 ‚
690 513 815 544 Romam
827 515 948 542 mittam
958 533 969 549 ‚
990 508 1106 541 &ima-

220 564 326 602 ginem
346 559 447 593 Sanffl
469 561 554 593 Petri
576 560 786 604 confringam,
809 557 863 603 sed
885 560 919 593 <tr
933 562 1106 603 Gregorium

224 609 306 642 illinc
315 608 490 651 Pontificem
500 611 610 645 adduci
619 611 727 645 curabo
735 635 746 651 ,
765 608 837 653 ficut
851 612 1016 643 Martinam
1027 614 1107 642 Con-

218 657 351 698 stantius
362 659 473 693 adduci
487 661 569 702 Jusfit
579 687 586 694 .
613 660 659 695 Et
672 660 790 695 iterum
801 684 809 692 .
835 657 970 702 Scripfisti
987 660 1032 693 ad
1041 670 1105 692 me:

221 711 315 741 ozias
340 711 598 754 RexJudaeorum
605 710 668 754 post
689 722 785 745 annos
795 709 973 754 odingemos
987 707 1107 754 serpen·

221 765 283 792 tem
296 763 433 794 aeneume*
442 763 550 803 templo
560 763 665 804 ejecir;
690 773 741 805 ego
756 763 828 795 vero
834 760 897 803 post
908 771 1003 794 annos
1016 759 1105 793 odin-

219 818 328 852 gentos
340 833 352 850 ‚
377 810 396 843 ὲ
416 809 551 846 Christo
571 821 651 846 nato
663 835 675 851 ,
700 812 781 847 idola
798 822 835 844 eu
860 809 992 852 Eccleſsis
1014 811 1105 850 eieci.

222 859 293 893 Pro
303 881 315 899 ,
341 864 435 895 ozias
446 883 459 899 ,
485 859 663 904 legendum
674 860 720 894 est
733 883 745 899 ,
772 858 942 900 Ezechias,
961 860 1107 902 resteque

221 907 321 943 habet
332 907 493 943 Scholion
504 909 685 954 marginale
696 922 708 941 .-
733 909 860 943 Videtur
868 919 952 943 error
970 919 1008 942 ex
1023 905 1107 951 lapsu

221 962 388 992 memoriam
416 957 462 992 Et
474 958 510 992 in
522 957 587 993 alia
601 957 765 1001 Epistola.
792 956 953 1002 obsecutus
975 970 1007 993 es
1013 964 1106 1002 perti-

221 1012 291 1041 naei
299 1012 400 1040 animo
420 1015 468 1041 tuo
477 1019 513 1042 ac
532 1008 692 1050 domesticis
710 1008 1008 1051 perturbationibusae
1035 1009 1107 1044 lM-

221 1056 461 1094 PERATOR
486 1057 594 1093 SUM
630 1057 699 1094 ET
733 1058 997 1096 SACERDOS.

270 1108 376 1143 Tunc
386 1108 565 1153 adimpleta
586 1108 634 1143 est
644 1110 754 1144 Sanffi
766 1109 921 1154 Gregorii
935 1108 1056 1154 Magni
1068 1108 1109 1144 de

220 1157 320 1193 sacris
339 1157 570 1203 Augustorum
580 1158 777 1203 Principum
799 1160 836 1193 in
849 1171 898 1194 res
912 1159 1111 1197 Ecclefiasti-

219 1219 275 1242 cas
285 1207 478 1251 juffionibus
488 1207 666 1253 Prophetia
678 1234 690 1251 ,
714 1209 830 1253 scripta
840 1209 883 1244 ad
894 1208 1110 1245 Sabinianum

219 1258 316 1295 suum
334 1259 553 1300 Diaconum,
578 1270 617 1294 ac
641 1260 678 1293 in
699 1259 808 1306 Regia
832 1258 912 1294 urbe
939 1258 1112 1304 Apocrisa-

221 1309 331 1357 rium,
355 1309 513 1353 Postquam
523 1309 650 1352 defendi
657 1309 698 1342 ab
707 1314 895 1346 inimicorum
911 1311 1029 1354 gladiis
1044 1312 1109 1345 nul·

220 1361 250 1394 Ιο
259 1359 343 1394 modo
357 1360 503 1403 poffumus
517 1384 529 1401 ,
549 1358 768 1402 postquampro
779 1360 914 1393 utilitate
928 1361 1110 1401 Respublica

218 1418 400 1455 argentum,
425 1418 553 1448 aarum,
580 1413 757 1450 mancipia,
782 1407 876 1446 vestes
893 1410 1111 1450 perdidimus,

218 1463 314 1492 nimis
333 1455 602 1503 ignominiosumest
613 1481 625 1497 ,
651 1465 686 1491 ut
694 1465 751 1500 per
760 1467 810 1490 eos
830 1461 922 1491 etiam
927 1456 1023 1498 fidem
1041 1465 1110 1500 per-

219 1510 348 1544 damus.
377 1506 538 1552 Juffiones
548 1506 623 1542 istas
635 1505 765 1543 dudum
776 1505 1006 1551 dispensatorie
1028 1507 1110 1543 tole-

219 1559 305 1594 ravit
314 1570 356 1593 ex
367 1558 472 1593 causis
480 1581 493 1598 ,
518 1568 702 1602 numquam
713 1556 863 1603 probavit
875 1556 1035 1592 Ecclesia:
1053 1558 1110 1592 Eis

221 1608 440 1643 Constantius
460 1630 472 1647 ,
495 1606 645 1648 Valens,
671 1608 766 1642 Zeno
786 1631 797 1648 ,
825 1606 1032 1648 Anastasius,
1059 1609 1111 1652 Ju-

219 1657 405 1698 stinianus‚
430 1668 470 1692 ac
482 1656 661 1692 Mauritius
683 1657 829 1703 Augusti
851 1656 1051 1692 ortodoxam
1075 1661 1111 1694 fi-

220 1706 298 1743 dem
319 1708 355 1741 δε
374 1708 541 1741 sacrorum
564 1707 745 1742 Canonurn
768 1706 975 1752 disciplinam
998 1709 1110 1743 arieta-

219 1766 321 1798 runt,
346 1757 420 1792 Leo
442 1756 568 1791 Isaurus
588 1768 725 1792 omnem
736 1755 1021 1793 Christianitatem
1044 1770 1111 1802 per-

219 1807 298 1843 dere
307 1817 448 1842 conatus
469 1805 538 1846 est,
564 1807 708 1841 statuens
721 1809 753 1841 se
775 1809 961 1842 temeritate
984 1807 1049 1842 huc
1062 1809 1109 1843 us-

219 1868 286 1902 que
296 1856 446 1892 inaudita
459 1856 694 1900 Imperatorem
716 1857 750 1891 &
763 1856 971 1892 Sacerdotem
982 1881 993 1897 ‚
1004 1858 1037 1892 id
1048 1858 1110 1900 est,

217 1907 410 1953 Augustum
421 1905 675 1943 Haerefiarcham
686 1932 694 1939 .
721 1905 779 1941 Ab
789 1918 902 1941 earum
912 1907 977 1950 jam
991 1909 1111 1943 intole-

217 1957 314 1994 rabili
339 1957 494 1992 servitute
503 1956 614 1992 datam
638 1956 699 1991 sibi
710 1957 728 1991 ὲ
740 1956 875 1991 Christo
887 1958 1040 1993 Domino
1052 1970 1110 2002 po-

218 2007 371 2043 testatem
389 2006 618 2047 &libertatern
641 2005 846 2042 vindicatura
869 2008 1025 2042 Romana
1049 2010 1110 2043 Ec·

219 2056 314 2091 clefia
340 2055 530 2090 Graecorum
552 2056 668 2100 jugum
680 2056 841 2097 excuffit,
868 2056 1110 2093 &Occidentis

218 2105 395 2151 imperium
406 2105 532 2140 Carolo
554 2106 685 2150 Magno
695 2105 899 2141 Francorum
913 2106 1002 2152 Regi
1012 2107 1109 2142 tradi-

217 2155 295 2198 dit,
320 2164 353 2190 at
366 2155 425 2190 sub
448 2155 601 2200 stipulata
628 2155 776 2198 &jurata
786 2155 925 2191 ceffione
949 2159 1109 2194 sacrarum

218 2206 398 2251 jusfionum
415 2231 422 2239 .
450 2206 494 2240 Et
509 2204 574 2240 hoc
599 2206 702 2241 unico
728 2205 828 2240 verbo
851 2216 951 2241 ruunt
972 2209 1107 2251 omnia,

218 2268 291 2301 quae
301 2267 359 2300 pro
369 2267 482 2290 earum
502 2256 698 2300 purgatione
722 2257 758 2291 δε
770 2257 1005 2292 instauratione
1015 2269 1108 2302 pom·

218 2306 299 2351 pose
308 2318 346 2341 ac
358 2303 485 2340 erudite
494 2306 529 2340 in
544 2306 726 2341 sacerdotii
737 2317 775 2340 ac
786 2306 915 2350 imperii
926 2308 1107 2344 concordia

218 2366 390 2401 argutatur
408 2354 525 2391 Petrus
536 2356 554 2392 a
564 2355 680 2392 Marca
702 2354 1007 2403 Archi-Episcopus
1017 2359 1108 2395 Pari·

218 2406 306 2442 linus
317 2431 325 2440 .

269 2460 398 2492 Omnes
410 2455 535 2491 Leonis
555 2456 656 2492 Isauri
676 2459 711 2493 in
725 2457 916 2494 Romanam
927 2459 1107 2495 Ecclesiam

219 2517 258 2540 ac
281 2506 352 2550 ejus
365 2506 508 2551 Legatos
528 2507 702 2543 violentias
712 2533 722 2549 ‚
748 2521 787 2544 ac
799 2510 942 2553 ejusdem
956 2510 1107 2545 Ecclefiae

218 2555 262 2591 ad
282 2556 386 2599 ipsum
409 2558 492 2590 sanae
517 2558 621 2591 menti
643 2558 846 2594 reddendum
868 2561 1042 2604 synodales
1069 2573 1106 2595 ac

218 2606 401 2650 personales
425 2615 564 2640 conatus
583 2618 731 2644 enarrare
751 2610 829 2643 effer
842 2610 999 2655 longum.
1027 2612 1107 2645 Gre-

217 2656 306 2701 gorii
316 2656 450 2691 secundi
463 2681 475 2696 ,
501 2656 722 2703 Gregoriique
733 2659 820 2693 tertii
832 2658 1037 2694 Pontificum
1048 2662 1103 2704 Sy·

217 2706 347 2747 nodos,
374 2706 571 2752 legationes,
603 2719 735 2751 preces,
763 2709 894 2750 minas,
919 2710 1058 2745 affiduas
1071 2709 1105 2743 fi-

220 2766 263 2790 ne
280 2755 452 2801 cogitandi
474 2756 565 2790 feriis
585 2768 676 2791 curas
702 2757 812 2792 videre
835 2759 933 2803 poffis
954 2761 991 2795 in
1019 2760 1104 2794 libro

220 2803 408 2843 Pontificali
432 2832 439 2839 .
466 2806 581 2841 Palam
601 2807 642 2841 ad
659 2807 755 2841 illum
773 2808 896 2852 scripsit
921 2810 1105 2855 Gregorius

220 2855 381 2890 secundus
393 2870 403 2889 .·
430 2860 478 2890 Me
485 2858 610 2899 prorsus
625 2863 700 2892 vitae
713 2869 784 2892 meae
797 2861 904 2894 taeduit
914 2884 926 2901 ,
951 2862 1035 2903 quod
1039 2859 1105 2903 sin-

221 2909 349 2938 tentiam
361 2916 417 2938 non
427 2912 555 2942 mutaris
567 2931 577 2948 ,
584 2906 642 2950 sed
653 2914 686 2941 in
695 2909 785 2942 malis
792 2908 964 2953 perseveres
973 2936 980 2943 .
1008 2910 1101 2954 Opti·

221 2965 315 2989 mum
337 2953 535 2998 Pontificem
549 2957 699 2993 adversus
712 2959 799 2992 illius
823 2960 971 2995 barbaras
983 2960 1103 2994 machi-

221 3005 374 3039 nationes
395 3004 610 3040 defenderunt
633 3009 852 3052 Luitprandus
864 3010 1103 3055 Longobardo-

220 3064 295 3089 rum
317 3054 413 3094 Rex,
440 3054 577 3090 Carolus
597 3056 769 3093 Martellus
791 3061 991 3094 Francorum
1009 3059 1101 3095 Prin-

221 3115 318 3148 ceps,
344 3102 572 3139 Occidentales
584 3104 691 3150 Reges
713 3121 852 3149 omnes,
877 3111 993 3154 acipsa
1015 3111 1101 3145 intra

222 3154 353 3188 Italiam
365 3153 487 3187 militia
500 3154 672 3189 Romana.
699 3156 796 3193 Adeo
819 3159 924 3194 illein
949 3162 1099 3195 vanum&

224 3203 431 3248 Luitprando
442 3214 555 3246 pacem
566 3205 601 3239 δε
610 3207 733 3241 auxilia
743 3210 939 3251 exspectavit
949 3235 957 3242 .
986 3211 1100 3244 Ratio-

221 3265 300 3302 nem
310 3253 410 3288 edicit
424 3253 580 3288 Pontifex
592 3278 604 3295 ,
622 3266 722 3300 agens
733 3257 775 3292 de
783 3269 869 3292 aenea
879 3259 1020 3293 Domini
1035 3261 1100 3294 Sal-

222 3304 343 3339 vareris
364 3303 468 3338 statua
491 3327 503 3344 ,
530 3314 586 3348 per
602 3303 753 3340 Leonem
773 3318 816 3342 ex
840 3307 990 3342 Ecclesiae
1011 3308 1100 3343 Con-

223 3352 521 3398 nantinopolitanae
533 3354 633 3398 portis
642 3355 761 3399 dejedia
772 3381 783 3396 ,
808 3358 1017 3392 &constanti
1034 3359 1099 3394 fide

225 3402 399 3439 mulierum
410 3404 522 3449 Regiae
530 3403 641 3445 urbis,
668 3418 739 3450 quae
759 3404 888 3449 dejectis
897 3408 989 3442 scalis
1008 3410 1099 3444 sacri·

225 3451 293 3500 legi
316 3453 469 3488 facinoris
490 3464 678 3490 executores
689 3456 826 3493 fustibus
847 3467 1002 3495 necarant
1020 3457 1041 3495 Κ
1054 3462 1098 3494 Tu

325 3501 433 3550 §hruk
444 3507 524 3550 Lupi
534 3509 624 3550 oper.
634 3507 770 3543 Tomm

1884 190 1979 235 225

1168 254 1241 286 mali
1252 254 1404 286 aemulator
1426 252 1511 292 miffis
1519 247 1696 295 satellitibus
1717 256 1850 292 mulieres
1862 259 1957 304 nescio
1977 261 2047 303 quoi

1168 305 1228 337 illic
1236 303 1356 345 occidisti
1367 327 1378 344 ‚
1388 302 1574 344 adstamlbus
1587 302 1710 336 utilibus-
1719 308 1799 337 viris
1815 311 1959 345 Romanis
1975 336 1986 353 ,
2013 312 2050 345 ω

1167 365 1205 388 ex
1224 358 1360 388 Francia
1379 377 1391 393 ,
1416 365 1454 387 ex
1477 357 1506 386 V
1507 354 1651 386 Vandalis
1672 376 1684 392 ,
1706 364 1746 388 ex
1770 356 1957 394 Mauritania
1971 386 1982 401 ,
2009 371 2052 394 ex

1169 403 1300 445 Gothia,
1328 406 1363 438 er
1385 412 1419 436 ut
1435 409 1603 448 generatim
1623 405 1740 444 alicam,
1765 416 1804 439 ex
1827 415 1888 441 toto
1921 414 2055 444 interiori

1168 456 1340 489 Occidente.
1369 454 1446 487 Ciam
1456 462 1555 487 autem
1564 454 1770 497 advenissent,
1791 457 1829 490 ὁ·
1847 462 1881 491 in
1889 456 1955 501 ficis
1966 464 2059 503 regio-

1167 505 1255 540 nibus
1264 504 1369 549 finguli
1382 505 1539 544 juvenilia
1552 512 1606 537 tua
1620 507 1806 548 pueriliaque
1818 505 1912 547 fafl'a
1930 507 2057 553 narras..

1150 573 1154 620 ξ
1163 554 1233 599 sent
1250 579 1262 596 ,
1286 563 1356 590 tunc
1367 554 1503 598 projeaa
1524 556 1660 587 laureata
1681 562 1735 587 tua
1759 557 1959 592 conculcarunt
1983 583 1995 601 ,
2019 560 2059 594 θ

1151 605 1274 648 Υ,ἴασιν
1292 615 1376 639 tuam
1396 605 1584 638 conciderunt
1598 628 1605 636 .
1635 603 1714 646 Ejus
1740 607 1917 641 tractarunt
1941 607 2061 655 imagi·

1168 667 1225 690 nes
1235 682 1247 698 ,
1273 655 1446 701 quomodo
1458 654 1502 689 ab
1511 654 1582 699 ipso
1593 652 1744 688 viderant
1755 654 1806 688 vel
1815 655 1985 694 audierant
1995 669 2062 694 tra·

1167 708 1244 741 stari
1266 706 1426 751 imagines
1466 703 1592 739 Christi
1615 703 1759 738 Domini
1788 704 1824 739 ἀ
1843 705 2060 743 Sanctorum.

1173 757 1267 803 Qin
1287 757 1322 791 &
1335 758 1526 791 Romanum
1536 755 1572 788 in
1582 753 1678 789 Italia
1689 753 1913 791 Exarchatnm
1924 768 1962 792 ac
1975 757 2060 793 Pen·

1168 806 1306 849 tapolim
1313 807 1428 850 junctis
1440 805 1540 839 annis
1550 805 1691 846 invasere
1701 827 1713 844 ‚
1730 806 1766 841 δε
1779 804 1973 841 Romanam
1987 808 2060 842 istic

1167 855 1322 891 militiam
1333 856 1375 890 ad
1386 854 1544 890 Pontifici
1573 851 1755 900 parendum
1775 855 1811 891 δι’
1823 855 2058 892 auxiliandum

1168 917 1283 941 contra
1305 906 1471 950 proprium
1494 905 1683 951 Principem
1706 906 1954 951 compulerunt.
1984 907 2060 943 Ple-

1170 957 1281 1002 rosque
1300 955 1391 991 enim
1412 956 1552 991 Latinos
1575 956 1686 1002 Reges
1704 956 1799 994 fuine
1821 958 1943 994 Sancto
1957 957 2061 993 Petro

1169 1007 1312 1042 feudales
1332 1015 1390 1042 aut
1409 1006 1584 1052 vectigales
1598 1031 1611 1048 ,
1637 1007 1742 1050 &pro
1764 1007 1838 1051 ipso
1847 1017 1886 1043 ut
1908 1019 1968 1051 pro
1979 1009 2059 1044 Deo

1170 1057 1304 1094 terrestri
1324 1057 1489 1093 animatos
1509 1083 1521 1100 ,
1548 1057 1643 1102 supra
1661 1055 1850 1092 audivimus
1870 1084 1877 1090 .
1906 1057 1952 1092 Et
1978 1057 2058 1093 hine

1170 1109 1284 1144 omnia
1307 1108 1365 1143 illa
1392 1108 1522 1153 imperii
1546 1108 1598 1142 sui
1622 1106 1711 1142 mala
1735 1105 1870 1151 optimo
1893 1105 2057 1143 Pontifici

1172 1161 1263 1199 Leo,
1287 1168 1470 1196 extremum
1489 1157 1594 1193 totius
1614 1156 1714 1193 Italiae
1734 1154 1907 1192 excidium
1923 1155 2059 1193 minita-

1171 1220 1222 1245 tus
1248 1234 1260 1251 ‚
1285 1209 1449 1254 adscripsit
1476 1235 1482 1243 .
1518 1208 1651 1253 Nempe
1676 1206 1829 1243 barbaros
1852 1207 2059 1243 Latinorum

1171 1258 1476 1306 Regesorthodoxa
1485 1259 1566 1295 fides
1589 1260 1624 1293 in
1638 1258 1834 1299 Romanos,
1860 1256 2058 1294 Romanum

1173 1310 1364 1356 Augustum
1372 1308 1520 1349 heretica
1531 1309 1686 1357 impietas
1708 1309 1746 1346 in
1756 1307 1929 1346 barbarum
1945 1307 2066 1344 demur

1176 1371 1259 1399 tavit
1270 1384 1278 1399 r

1291 1625 1643 1680 CAPUT
1711 1627 1943 1676 VIII.

1217 1800 1436 1867 Exponitur
1441 1790 1683 1864 gra-offena
1697 1793 1834 1862 injuria
1847 1798 2031 1852 Romanae

1310 1865 1481 1937 Ecclestae
1488 1870 1732 1986 perffwnem
1747 1862 1926 1935 (faurum

1547 1957 1561 1985 i
1594 1952 1664 1984 ata
1675 1971 1689 1985 .

1270 2110 1397 2144 Omani
1418 2107 1572 2154 imperii,
1597 2107 1655 2154 qui
1676 2118 1757 2144 tunc
1781 2117 1852 2147 erat
1867 2133 1879 2150 ,
1905 2109 1987 2145 fines
2009 2109 2063 2146 de·

1296 2158 1409 2195 scribit
1430 2159 1579 2195 laudatus
1603 2158 1763 2194 Pontifex
1789 2160 1825 2194 in
1847 2159 1994 2203 Epistola
2018 2160 2062 2196 ad
2125 2191 2132 2198 .

1169 2211 1320 2246 Leonem
1331 2208 1539 2256 Augustum.
1565 2211 1627 2244 Scis
1639 2213 1764 2244 Romam
1786 2214 1950 2253 Imperium
1973 2220 2061 2245 tuum
2084 2191 2199 2233 Ep¹st‘¹·

1168 2259 1267 2305 ulcisci
1276 2271 1336 2295 non
1342 2262 1418 2304 posse
1428 2285 1438 2301 ,
1465 2259 1609 2303 nififorte
1615 2259 1710 2304 lislam
1723 2260 1826 2294 urbem
1836 2268 1961 2302 propter
1970 2261 2063 2302 adja-

1166 2321 1236 2345 cens
1259 2323 1345 2345 mare
1365 2312 1555 2356 &navigia-
1586 2312 1708 2344 sienim
1730 2312 1777 2345 ad
1793 2319 1922 2353 quatuor
1946 2316 2061 2356 viginti

1161 2360 1263 2402 stadia
1276 2361 1377 2404 fuerit
1397 2365 1494 2395 Roma
1506 2360 1625 2404 egr-effus
1643 2363 1750 2403 Papa,
1774 2359 1853 2395 nibil
1874 2366 1974 2394 minas
1987 2370 2062 2396 tuas

1167 2409 1328 2454 extimescit
1339 2436 1346 2443 .
1377 2411 1420 2445 Et
1434 2411 1555 2445 iterum
1574 2436 1581 2444 .
1610 2409 1738 2455 ,Quodfi
1745 2410 1827 2445 nobis
1845 2409 2006 2454 insolenter
2016 2416 2065 2445 in·

1162 2460 1258 2505 sultes
1273 2485 1285 2502 ,
1310 2462 1346 2495 <a
1356 2467 1458 2495 minas
1471 2466 1601 2496 intentes
1611 2486 1623 2504 ,
1636 2472 1694 2496 non
1705 2459 1744 2503 est
1754 2460 1837 2495 nobis
1850 2461 1954 2504 necesse
1965 2473 2062 2497 tecum

1166 2517 1199 2545 in
1209 2520 1358 2546 certamen
1368 2509 1541 2554 defiendere
1554 2525 1565 2545 .·
1593 2513 1645 2545 Ad
1652 2521 1779 2555 quatuor
1796 2510 2062 2553 &viginnstadia

1162 2560 1279 2604 secedet
1303 2567 1336 2594 in
1346 2567 1495 2606 regionem
1506 2568 1675 2604 campania
1688 2560 1850 2604 Pontifex,
1875 2561 1940 2594 tum
1962 2569 1997 2594 tu
2006 2570 2062 2594 var

1168 2613 1205 2645 de
1214 2634 1225 2651 ,
1252 2612 1287 2646 (9
1297 2621 1404 2645 ventos
1409 2610 1586 2655 persequere
1600 2638 1608 2645 .
1637 2612 1763 2657 Apuli,
1775 2610 1907 2646 Calabri
1923 2635 1934 2651 ,
1947 2609 2061 2650 Marii,

1167 2662 1273 2695 Brutii
1288 2686 1300 2702 ‚
1325 2662 1360 2696 «Sc
1375 2661 1624 2707 Campanorum
1645 2674 1718 2708 pars
1734 2660 1919 2707 spe-stabant
1942 2659 1985 2694 ad
1998 2660 2060 2695 im·

1165 2712 1313 2754 perium,
1341 2711 1453 2747 Roma
1479 2723 1550 2748 erat
1561 2714 1674 2749 limes:
1693 2713 1795 2750 Ultra
1805 2722 1878 2747 eam
1905 2708 2060 2745 nihilha·

1165 2761 1261 2796 bebat
1283 2761 1376 2804 Leo,
1402 2761 1464 2797 nifi
1479 2763 1686 2799 maritimum
1709 2762 1878 2799 Ravennae
1895 2757 2058 2795 Exarcha·

1164 2820 1235 2846 tum
1246 2835 1257 2852 ,
1284 2811 1319 2845 &
1332 2813 1502 2857 regionem
1524 2812 1814 2850 Pentapolitanam
1825 2834 1833 2840 .
1863 2810 1907 2845 Et
1919 2810 2059 2855 quidem

1164 2861 1318 2895 Bafilium
1333 2860 1495 2894 Romanae
1504 2858 1648 2893 civitatis
1660 2856 1791 2889 Ducem
1817 2855 1873 2890 seu
1886 2859 2061 2901 Gubernaq

1164 2921 1290 2952 torem,
1316 2904 1517 2944 Pontificem
1549 2907 1712 2941 trucidare
1722 2914 1781 2940 aut
1803 2905 2058 2950 captivaresata-

1162 2971 1295 3006 gentem
1315 2984 1327 3001 ,
1351 2959 1527 2995 Romanus
1548 2957 1688 3001 populus
1708 2956 1915 3000 captivavit,
1939 2967 2056 2993 mona-

1163 3011 1260 3046 sterio
1270 3010 1403 3052 clausit,
1428 3007 1581 3051 atqueira
1593 3008 1726 3050 plenum
1755 3005 1944 3041 &liberum
1961 3007 2056 3044 alme

1162 3060 1249 3095 urbis
1257 3060 1443 3094 dominium
1457 3058 1498 3093 ad
1510 3057 1706 3091 Pontificem
1720 3057 1875 3091 devenit.
1900 3056 2056 3096 Donatio

1163 3109 1396 3150 Constantini,
1424 3106 1500 3143 licet
1522 3108 1655 3141 exstans
1675 3104 1776 3141 hodie
1797 3106 2054 3143 instrumentum

1161 3161 1198 3194 fit
1211 3161 1322 3194 fictum
1335 3183 1347 3199 ,
1374 3167 1581 3202 nequaquam
1602 3157 1647 3191 est
1659 3158 1791 3192 fabula:
1820 3158 1977 3193 Romana
1998 3170 2053 3193 ur-

1163 3210 1210 3244 bis
1221 3209 1408 3245 dominium
1420 3208 1508 3252 Papa
1520 3207 1644 3250 pridem
1657 3206 1790 3243 habuit.
1817 3205 1946 3244 verum
1960 3218 2052 3245 arma

1160 3260 1193 3293 ὅ(
1213 3260 1439 3294 sceleratorum
1478 3257 1597 3293 vindex
1617 3259 1747 3304 gladius
1766 3267 1856 3295 erant
1878 3258 1915 3294 in
1947 3266 2050 3298 manu

1161 3309 1340 3352 Principis:
1368 3308 1418 3342 Ea
1440 3306 1623 3353 Gregorius
1642 3307 1800 3345 secundus
1816 3308 1961 3353 accepit.
1990 3307 2048 3340 An

1161 3360 1206 3393 eis
1218 3359 1291 3393 usus
1300 3358 1399 3393 fuerit
1409 3382 1420 3398 ,
1446 3357 1492 3391 est
1504 3359 1629 3393 altioris
1641 3359 1827 3405 indaginis:
1858 3357 1954 3393 Certe
1966 3354 2048 3389 novi

1163 3408 1305 3455 Augusti
1331 3408 1546 3450 electionem,
1571 3408 1607 3443 in
1627 3420 1726 3454 quam
1753 3406 1914 3454 pruriebat
1935 3403 2048 3441 ortho-

1162 3458 1267 3497 doxus
1290 3458 1453 3506 populus,
1473 3460 1611 3497 meliora
1630 3458 1671 3496 de
1681 3461 1796 3498 Leone
1816 3458 1942 3503 sperans
1963 3465 2046 3498 cong

1560 3509 1590 3550 F
1613 3509 1634 3547 f
1874 3504 1996 3541 stanter
