2340 3762
73 384 230 417 L20.c‚2c·

40 2032 41 2035 =
58 2023 130 2062 cap,
148 2032 193 2056 ιο.
227 2023 286 2047 ma
300 2013 406 2056 Iesum
419 2011 586 2047 Christum
599 2039 610 2055 ,
634 2012 719 2048 dicit
729 2014 791 2048 effe
802 2013 957 2047 ebrietatis
973 2015 1085 2047 idolum
1101 2037 1111 2054 ,

59 3237 194 3280 ‘Pist'64’
224 3257 280 3293 ¹bit
293 3257 379 3293 idem
391 3257 598 3304 Augustinus
618 3259 726 3296 adhuc
745 3261 933 3306 Presbyter.
961 3267 1098 3309 Comeffa-

622 169 928 233 Scrronis,
964 190 1033 219 ετ
1063 172 1255 220 Nous
1290 186 1667 222 ntusrxAr-t.

240 265 399 311 W,
427 264 472 300 Et
482 263 631 300 adversus
640 265 797 300 Faustum
809 260 1026 297 Manicheum
1038 286 1054 303 „
1060 272 1121 295 nos

241 318 287 354 de
304 316 517 362 Paganorum
545 316 710 350 sacrificiis
729 316 766 350 in
793 315 924 358 Agapas
948 310 1121 347 demutatis

239 368 447 402 accusantem
457 368 588 402 sanstus
608 364 833 410 Augustinus.
860 363 1010 405 Sacrificia
1023 367 1121 408 Paga-

239 429 345 451 mrum
363 429 422 452 non
449 421 595 452 vertimus
615 421 647 448 in
661 420 803 460 Agapas‚
823 412 881 458 sed
898 412 1077 456 sacrificium
1085 414 1119 446 il-

238 469 296 502 iud
305 470 526 502 intelleximus.-
553 462 952 501 MISERICORDIAM'
963 464 1097 499 VOLO
1110 487 1121 504 ,

239 517 396 565 QJAM
420 516 746 552 SACRIFICHIM.
774 516 891 560 Agapes
911 519 990 547 enlm
1019 514 1121 554 nostrae

236 576 389 610 pauperes
411 565 540 610 pascunt
552 592 564 609 ‚
583 567 649 609 five
673 566 814 612 frugibus
834 590 845 606 ,
873 564 938 607 five
958 564 1120 598 carnibus.-

239 618 334 665 Qas
342 629 400 652 vos
411 616 587 652 Manichei
601 628 637 653 ut
653 617 858 652 tenebrarum
870 615 1025 659 principis
1036 625 1120 659 opus

240 667 423 703 damnatis.
449 668 606 703 Etinfra.
626 668 956 712 ,Quoniamplerumque
964 671 997 698 in
1008 668 1120 709 Agapis

236 721 332 750 etiam
347 729 455 751 carnes
479 719 659 760 pauperibus
690 726 845 763 erogamur
859 741 870 757 ‚
895 712 1123 759 misericordiam

238 765 473 808 christianorum
487 768 611 810 fimilem
632 769 732 802 dicitis
748 766 902 811 sacrificiis
914 768 1102 810 Paganorum
1114 789 1121 796 .

239 816 285 851 Et
292 817 411 853 Sanelae
422 818 579 853 Eufcmiae
586 818 742 862 Martyris
754 819 788 857 in
797 817 932 851 Basilica
943 813 1122 850 Chalcedo-

0 886 22 930 «ἱ
66 880 100 911 1„
108 890 137 913 2.
155 889 185 913 c,
194 889 222 918 3,
237 868 329 901 nenfi
349 868 507 900 miracula
528 867 666 901 laudans
682 868 843 911 Evagrius
856 864 1120 909 Epiphanienfis:

236 919 442 958 Saepenumero
462 915 619 959 Episcopis
637 915 796 959 seeundum
816 922 938 958 quietem
951 914 1018 958 ipsa
1039 917 1121 947 Mar-

234 973 280 1004 ίαν
301 972 451 1008 apparens
464 966 575 1008 jubet',
600 974 636 999 ut
651 971 685 999 in
713 964 778 1008 ipfh
796 966 903 1009 templo
916 965 1027 1008 filium
1047 965 1119 999 deli-

234 1019 289 1049 ciis
304 1039 316 1055 ‚
342 1018 376 1050 Θ,
386 1022 520 1059 opiparis
536 1016 635 1058 epulis
654 1017 818 1051 celebrent.

285 1064 414 1100 Verum
434 1077 574 1111 magnus
600 1065 657 1100 ille
675 1065 906 1102 Tertullianus
927 1065 969 1102 ad
990 1066 1122 1101 Monta·

234 1127 319 1150 num
340 1116 490 1161 delapsus
508 1117 600 1160 loqui
610 1117 711 1160 coepit
733 1115 958 1162 longealiter.
985 1117 1025 1151 In
1036 1116 1120 1151 libro

0 1156 2 1188 Ῐ
60 1185 134 1224 ςψ,
150 1193 198 1224 ¹3·
235 1165 413 1210 dejejuniis
435 1169 573 1203 tractans
584 1167 705 1201 Psalmi
722 1169 850 1202 versum
862 1192 874 1209 ‚
898 1170 1004 1212 ,Quam
1014 1168 1121 1201 bonum

232 1216 270 1248 ὃ·
290 1227 382 1258 quam
399 1219 567 1258 ‚iucundum
586 1216 726 1252 babitare
738 1218 862 1261 fratres
882 1223 916 1250 in
935 1229 1049 1258 unum,
1073 1216 1122 1251 in-

233 1263 364 1301 vehitur
384 1267 420 1301 in
442 1267 642 1303 Ecclesiam:
666 1271 725 1301 Hoc
745 1278 781 1302 tu
795 1266 924 1312 psallere
942 1279 1002 1301 non
1024 1267 1122 1310 facile

235 1315 324 1357 nosti,
349 1316 406 1358 nifi
418 1329 476 1360 quo
493 1326 620 1360 tempore
637 1329 704 1351 cum
723 1317 915 1360 compluribus
937 1329 1048 1352 coenas.
1077 1318 1120 1351 Et

57 1348 137 1416 cep-
151 1386 199 1412 17·
233 1365 322 1399 infr&
341 1366 376 1400 in
395 1368 514 1402 eodem
536 1366 638 1402 libro.
665 1370 756 1410 Apud
775 1378 806 1401 te
830 1371 931 1413 Agape
949 1373 983 1400 in
1004 1368 1120 1401 cacabis

230 1415 358 1457 fervet,
377 1416 456 1456 fides
476 1423 510 1449 in
517 1419 622 1450 culinis
631 1419 728 1456 calet,
751 1416 820 1459 spes
831 1422 865 1448 in
868 1416 995 1457 ferculis
1012 1418 1116 1456 jacet.

230 1465 295 1498 Sed
315 1465 413 1505 major
432 1463 481 1497 bis
500 1465 540 1504 est
561 1469 682 1509 Agape,
705 1469 778 1508 quia
792 1473 852 1507 per
870 1465 948 1497 banc
956 1463 1117 1508 adolescen-

231 1521 279 1548 tes
290 1519 336 1546 tui
354 1525 419 1547 cum
433 1513 581 1558 sororibus
605 1516 772 1548 dormiunt.
800 1515 984 1557 Appendices
1004 1512 1117 1557 scilicet

230 1564 311 1608 gulae
322 1562 450 1608 lascivia
462 1573 558 1607 vatque
567 1566 691 1599 luxuria
703 1564 744 1606 est
756 1590 764 1597 .
790 1566 873 1608 ‚Quis
879 1562 1014 1607 sandior
1034 1570 1115 1598 inter

232 1619 290 1647 vos
313 1637 325 1654 ‚
350 1614 408 1655 nisi
416 1616 601 1648 convivandi
627 1638 639 1655 ,
661 1615 696 1649 id
716 1615 762 1649 est
786 1638 798 1654 ,
823 1613 947 1658 publici
968 1615 1115 1648 convivii

234 1661 405 1704 donandi,
424 1663 633 1706 frequentior,
659 1665 717 1706 nisi
724 1664 888 1707 obsonandi
896 1664 1088 1706 pollucibilior
1104 1689 1114 1704 ‚

232 1712 295 1754 nifi
298 1713 437 1746 calicibus
450 1712 637 1753 instruclior?
663 1717 771 1748 Merito
793 1714 923 1748 homines
935 1712 1027 1757 filius
1048 1720 1117 1747 ani-

233 1772 294 1795 mae
312 1764 456 1796 &carnis
463 1762 638 1805 spiritualia
651 1764 810 1799 Montani
822 1765 979 1808 dogmata
1000 1763 1115 1806 recusa·

232 1817 292 1846 tis.
321 1816 386 1845 Cur
408 1815 476 1856 erge)
500 1824 558 1845 non
578 1813 740 1854 constanter
758 1815 935 1855 praedicatis
948 1827 959 1846 :
985 1813 1114 1846 MAN-

231 1861 486 1897 DUCEMUS
510 1863 816 1904 ETRtBAMUS,
842 1863 966 1897 CRAS
987 1863 1111 1897 ENIM

231 1911 511 1948 MORIEMUR
522 1936 530 1945 .
557 1913 602 1948 Et
614 1913 649 1946 in
669 1912 753 1947 libro
764 1914 804 1947 de
816 1913 974 1957 pudicitia
995 1914 1112 1948 calices

229 1962 360 1996 nostros
374 1986 384 2002 ,
410 1974 447 1996 ac
461 1962 736 2007 illisinsculptum
746 1962 780 1997 in
802 1963 883 1998 boni
895 1963 1037 1998 Pastoris
1048 1964 1111 1998 for-

230 2063 269 2095 ό·
291 2061 423 2095 moecbiae
444 2060 553 2105 asilum
567 2086 578 2102 ,
598 2062 662 2104 post
681 2065 801 2097 calicem
815 2062 1029 2106 subsecuturae.
1058 2065 1110 2097 Ex

231 2122 301 2155 quo
313 2111 400 2146 lucet
413 2110 546 2156 Agapas
567 2110 669 2146 istas&
681 2111 898 2147 Montanistis
921 2114 1014 2147 fuiffe
1024 2112 1111 2147 dam-

230 2171 324 2195 natas
344 2162 378 2194 &
395 2159 584 2206 abrogatas.
611 2162 742 2206 Nempe
763 2162 916 2207 superbus
935 2163 969 2197 δε
993 2172 1110 2197 contu-

231 2222 311 2247 max
323 2208 548 2246 haereticorum
571 2210 698 2256 spiritus
712 2214 835 2257 semper
854 2214 985 2247 accusat
996 2213 1110 2248 Eccle-

233 2261 311 2295 fiam
323 2285 334 2302 ,
361 2273 400 2296 ac
411 2263 472 2296 suae
483 2262 725 2297 reformationis
737 2264 812 2297 fuco
823 2262 903 2298 ritus
912 2263 982 2307 ejus
995 2264 1029 2298 ἀς
1040 2274 1110 2298 mo-

233 2322 282 2345 res
292 2311 458 2346 demutat.
486 2311 587 2347 Afros
612 2313 766 2349 novimus
785 2315 907 2356 semper
926 2313 1020 2349 fuisse
1033 2313 1110 2348 sala·

231 2361 389 2395 ciffimos:
414 2361 534 2396 Scribit
545 2373 685 2406 namque
695 2363 828 2397 Sanetus
839 2364 1008 2398 Salvianus
1018 2364 1107 2398 Mas-

232 2410 364 2445 filienfis
386 2411 567 2455 Episcopus
585 2412 648 2446 effi:
675 2422 742 2447 tam
771 2412 966 2456 impossibile
985 2415 1106 2448 Afrum

232 2463 294 2494 esse
305 2461 449 2500 castum,
474 2472 572 2505 quam
586 2461 704 2495 Afrum
726 2474 796 2496 non
813 2464 875 2496 effe
889 2463 1008 2497 Afrum
1026 2489 1033 2496 .
1062 2465 1105 2498 Et

232 2508 313 2543 hinc
324 2510 418 2543 facile
438 2509 535 2545 credo
547 2511 679 2556 Agapas
691 2511 764 2546 istas
774 2511 1028 2548 adolescentium
1049 2525 1105 2548 aut

231 2560 387 2603 juvenum
399 2559 672 2595 fornicationibus
684 2563 882 2606 quandoque
895 2564 986 2598 suifl‘e
1010 2564 1103 2598 sordi-

231 2608 343 2643 datas.
372 2609 569 2645 Earumdem
592 2612 687 2645 causa
711 2613 883 2647 nocturnas
894 2614 1041 2648 Ecclefiae
1059 2615 1105 2648 vi-

231 2659 327 2705 gilias
338 2659 512 2695 infamavit
533 2672 570 2695 ac
580 2660 747 2695 damnavit
758 2662 983 2706 vigilantius.
1010 2665 1105 2713 Qo-

231 2709 317 2743 circa
328 2709 478 2744 adversus
488 2710 735 2745 Tertullianum
757 2711 833 2745 dico
846 2736 857 2753 ,
881 2713 970 2757 quod
994 2714 1103 2748 adver·

230 2759 284 2793 sus
297 2759 393 2792 istum
416 2761 536 2803 scripsit
548 2760 684 2795 sanctus
694 2762 920 2805 Hieronymus
933 2777 944 2797 .·
973 2762 1104 2798 Adven-

230 2810 342 2842 titium
364 2809 500 2843 abusum
524 2834 534 2850 ‚
561 2811 732 2854 quomodo
750 2812 791 2846 ·&
812 2813 1013 2856 Apostolum
1036 2814 1102 2856 jam

230 2857 412 2893 audivimus
425 2860 550 2900 fecisse,
580 2871 648 2896 non
661 2860 786 2896 bonum
807 2864 993 2898 &faustum
1003 2863 1100 2899 ritum

233 2908 325 2941 fuisse
341 2909 595 2944 eliminandum.
624 2912 703 2946 Erat
721 2912 949 2958 corrigendus.

283 2957 383 3008 Ritus
401 2959 540 2993 omnino
560 2962 674 2996 manfit
696 2963 730 2996 in
750 2963 939 2998 orthodoxa
966 2963 1099 3006 Africa,

226 3006 282 3040 uti
302 3006 403 3050 liquet
426 3019 468 3042 ex
482 3009 613 3044 laudato
631 3011 772 3055 superins
781 3013 972 3048 testimonio
995 3015 1097 3049 Sancti

231 3056 411 3101 Augustini
434 3057 579 3094 inlibris
598 3060 747 3097 adversus
769 3064 925 3098 Faustum
946 3089 953 3098 .
979 3064 1098 3099 Manfit

231 3108 313 3143 item
323 3106 436 3141 abusus
452 3131 463 3147 ,
487 3110 566 3151 quin
587 3111 803 3156 &infigniter
816 3114 936 3149 crevit.
963 3115 1098 3150 Etenim

230 3156 272 3191 ad
284 3156 456 3191 Aurelium
468 3157 756 3204 Carthaginensem
777 3162 1095 3209 Archi-Episcopum

223 3206 272 3241 lde
292 3207 505 3242 reformandis
518 3209 665 3244 Ecclefiae
684 3213 848 3248 Africanae
869 3214 1098 3250 abufibusrscri-

228 3313 324 3342 tiones
348 3309 381 3342 (9'
392 3307 546 3342 ebrietates
568 3310 613 3342 itai
635 3311 761 3353 conceffae
779 3313 813 3345 (5
824 3314 913 3346 licitae
928 3312 1097 3356 putantur,

228 3367 262 3390 ut
272 3364 304 3391 in
317 3358 453 3392 honorem
468 3365 558 3392 etiam
578 3358 798 3400 beatzffimorum
810 3370 970 3402 martyrum
990 3364 1100 3409 nonfh-

230 3405 291 3439 lum
308 3415 362 3449 per
374 3410 437 3442 dies
454 3407 608 3452 solennes,
633 3412 717 3452 quod
735 3409 831 3454 ipsum
852 3419 920 3455 quis
931 3423 989 3446 non
999 3416 1100 3458 lugen-

229 3455 300 3490 dum
307 3459 431 3502 videat,
450 3457 612 3503 sedetiam
626 3457 757 3503 quoditie
777 3461 975 3498 celebrentur.
1004 3463 1100 3500 Eam-

1897 194 1988 239 133

1184 260 1259 295 dem
1268 261 1436 296 miseriam
1445 272 1485 295 ac
1504 262 1713 306 iniquitatem
1733 259 1879 305 deplorat
1899 264 1935 299 in
1948 266 2061 300 nacta-

1186 310 1272 345 tibus
1289 313 1381 355 super
1393 312 1613 357 Evangelium
1635 323 1673 347 ac
1684 311 1777 355 super
1790 312 1969 355 Epistolam
1980 316 2060 350 San-

2073 298 2170 331 tract.
2186 307 2230 331 ro·

1186 362 1227 395 sti
1248 363 1385 405 joannis
1407 361 1585 405 Apostoli,
1609 374 1648 396 ac
1668 363 1703 396 in
1715 361 1867 396 Homilia
1890 365 2060 407 populari,
2074 379 2168 410 rust,
2185 390 2213 415 4·

1183 413 1262 445 &in
1276 412 1526 446 Confeffionum
1547 412 1637 446 libris
1649 411 1761 447 scribit
1782 412 1826 446 de
1838 411 1976 446 Monica
1994 424 2060 448 ma-

1185 470 1231 495 tre
1242 463 1298 495 sua
1306 463 1437 495 advecta
1450 463 1484 495 in
1493 461 1625 496 ltaliam
1635 487 1643 494 .
1671 463 1750 495 Cum
1758 464 1803 495 ad
1819 467 1976 496 memorias
1987 464 2061 496 San-
2077 461 2212 496 Homio·

1183 511 1310 553 Horum,
1324 510 1399 553 ficus
1408 517 1441 544 in
1454 511 1558 552 Africa
1574 511 1707 554 solebat,
1730 513 1832 554 pultes
1844 536 1855 553 ,
1878 514 1916 547 Θ
1925 521 2036 554 panem
2050 537 2061 554 ,

2075 507 2099 527 c.
2121 509 2150 535 4.

1185 564 1219 596 ὀ·
1227 573 1341 596 merum
1352 561 1489 604 attuliffet
1501 585 1512 601 ,
1538 571 1629 603 atque
1648 562 1689 594 ab
1701 563 1823 602 ostiario
1841 562 2042 605 prohiberetur
2049 585 2062 602 ,
2079 581 2142 608 1⁴¹6,
2156 586 2215 608 εὖ,

1184 612 1235 645 ubi
1245 611 1296 645 hoc
1306 616 1486 655 Episcopum
1510 613 1629 654 vetuisse
1642 618 1798 654 cognovit,
1823 623 1889 647 tam
1909 616 1963 655 pie
1973 621 2062 656 atque

1185 662 1348 697 obedienter
1359 663 1504 705 amplexa
1521 660 1562 702 est
1575 686 1587 702 ,
1611 668 1645 694 ut
1655 658 1718 703 ipse
1731 662 1910 706 Episcopus
1921 661 2063 697 Ambro-

1185 713 1246 746 fius
1267 719 1446 752 miraretur,
1471 712 1552 755 quod
1571 719 1636 744 tam
1650 710 1749 753 facile
1774 713 1873 753 potius
1894 713 2063 756 accusatrix

1183 761 1402 806 consuetudinis
1419 761 1508 805 suae,
1531 773 1623 803 quam
1643 760 1840 805 disceptatrix
1861 763 1943 795 illius
1956 762 2064 805 'probi-

1182 812 1301 845 bitiom's
1311 810 1458 853 effidasst
1473 836 1482 843 .
1510 811 1600 846 Cum
1614 812 1712 855 pleno
1725 811 1843 845 talium
1855 822 1962 845 rerum
1973 813 2061 846 cani-

1183 863 1249 895 stro
1271 862 1416 908 singulas
1436 863 1631 896 Sanstorum
1652 861 1828 909 memorias
1851 885 1863 902 ‚
1890 861 2039 895 Bafilicas
2052 886 2064 903 ,

1183 912 1296 947 altaria
1306 912 1506 947 accedebant
1526 912 1586 956 piae
1597 920 1752 946 matronae
1765 936 1776 952 ‚
1802 910 1844 946 ad
1854 912 1997 957 lingulas
2007 911 2066 946 ali·

1183 962 1262 1006 quid
1282 963 1481 1007 gustabant,
1506 963 1541 997 &
1561 963 1686 997 cunClis
1710 961 1915 1006 praesentibus
1936 962 2065 1007 gustan-

1184 1013 1262 1047 dum
1274 1013 1484 1058 porrigebant
1495 1036 1503 1044 .
1537 1013 1589 1046 Ex
1600 1023 1666 1054 quo
1678 1012 1769 1047 vides
1780 1014 1966 1057 primaevam
1979 1014 2066 1057 Aga·

1185 1074 1247 1106 pen
1257 1064 1293 1098 in
1306 1065 1410 1099 varias
1420 1063 1633 1107 postmodum
1644 1061 1818 1098 declinasse
1831 1063 1951 1105 species
1960 1088 1970 1104 ,
1985 1074 2063 1096 cun-

1183 1115 1312 1158 stasque
1323 1115 1358 1148 in
1382 1114 1528 1154 Ecclesia
1546 1112 1790 1148 Mediolanensi
1811 1113 1830 1148 ὲ
1843 1113 1962 1147 Sansto
1983 1111 2066 1147 Am·

1185 1163 1292 1198 brofio
1305 1165 1399 1199 fuiffe
1412 1165 1605 1209 proscriptas
1614 1188 1623 1198 .

1177 1242 1180 1246 ,
1232 1214 1332 1249 Reae
1355 1214 1529 1251 Primasius
1540 1213 1701 1249 Uticensis
1723 1213 1906 1258 Episcopus
1925 1213 2064 1248 affirmat

1184 1276 1310 1300 morem
1320 1265 1415 1299 illum
1424 1266 1466 1300 de
1475 1265 1594 1310 gentili
1606 1263 1717 1300 adhuc
1736 1262 1963 1307 superstitione
1974 1263 2065 1298 veni-

1183 1324 1235 1348 re:
1262 1315 1368 1364 Qod
1379 1316 1484 1360 ipsum
1495 1316 1530 1349 in
1543 1314 1798 1350 confeffionum
1820 1313 2063 1350 librisaffirtnat

1182 1365 1316 1399 sanctus
1335 1365 1542 1411 Augustinus
1565 1390 1577 1406 ‚
1599 1363 1714 1409 dicens
1738 1364 1838 1399 etiam
1866 1363 1970 1398 sobrie
1991 1363 2065 1397 fieri

1183 1413 1385 1453 prohibitum
1406 1415 1426 1446 ὲ
1436 1416 1558 1448 Sansto
1583 1414 1757 1448 Ambrofio
1778 1413 1827 1447 ob
1838 1413 1920 1447 duas
1930 1415 2062 1446 causas:

1169 1509 1213 1552 fir
1223 1523 1238 1553 ;
1260 1510 1426 1553 secundo,
1451 1519 1524 1555 quia
1544 1514 1600 1546 illa
1623 1512 1709 1555 quafi
1727 1514 1907 1546 Parentalia
1925 1511 2066 1556 supersti-

1178 1566 1252 1594 tioni
1256 1562 1415 1606 gentilium
1434 1561 1675 1606 effentfimillima
1690 1587 1698 1595 .
1728 1562 1894 1596 Videntur
1905 1563 2062 1597 similiora

1177 1611 1272 1645 fuiffe
1296 1613 1384 1648 ficro
1397 1612 1626 1646 Romanorum
1649 1612 1826 1653 convivio,
1851 1612 1941 1646 disto
1953 1611 2060 1646 cbari-

1167 1660 1229 1701 stia
1241 1684 1253 1701 ‚
1278 1661 1320 1696 de
1331 1673 1399 1706 quo
1411 1663 1555 1697 Ovidius
1565 1662 1599 1696 in
1610 1662 1756 1697 secundo
1767 1661 1855 1697 libro
1866 1663 2057 1696 Fastorum:

1177 1714 1320 1744 Proxima
1331 1719 1445 1756 cognati
1465 1715 1572 1747 dixere
1591 1712 1742 1752 charistia
1763 1711 1852 1745 chari
1859 1737 1866 1745 .
1900 1714 1943 1746 Et
1964 1713 2059 1746 Vale·-

1174 1762 1240 1794 rius
1253 1762 1423 1796 Maximus
1439 1788 1447 1794 .
1475 1767 1662 1796 Convivium
1678 1762 1798 1804 solenne
1820 1763 1953 1803 Majores
1978 1763 2061 1802 insti-

1173 1820 1293 1844 tuerunt
1316 1835 1327 1851 ‚
1352 1813 1442 1854 idque
1467 1811 1735 1846 CHARISTIA
1757 1814 1955 1854 appellarunt
1979 1839 1989 1853 ,
2013 1820 2059 1846 cui

1167 1870 1283 1903 praeter
1292 1873 1431 1906 cognatos
1453 1863 1602 1903 &affines
1619 1874 1705 1895 nemo
1726 1863 1972 1904 interponebatur
1985 1889 1992 1896 .
2019 1867 2059 1898 Ut

1164 1910 1196 1952 fi
1210 1923 1271 1954 qua
1291 1917 1372 1945 inter
1398 1913 1570 1955 neceffarias
1581 1910 1730 1956 pessimas
1738 1915 1861 1955 querela
1878 1915 1944 1958 effet
1970 1923 2036 1947 orta
2050 1939 2061 1956 ‚

1171 1963 1257 2003 apud
1264 1964 1357 1996 sacra
1370 1960 1481 2005 mensae
1490 1987 1501 2003 ‚
1528 1964 1564 1996 ό·
1572 1968 1655 1996 inter
1663 1962 1850 1996 bilaritatem
1863 1971 2034 1997 annnorum
2046 1989 2059 2004 ‚

1163 2011 1327 2053 favoribus
1339 2012 1499 2046 concordus
1509 2011 1658 2045 adhibitis
1687 2013 1854 2046 tolleretur.
1883 2013 2057 2056 Ejusmodi

1171 2062 1535 2107 conviviafingulariter
1554 2062 1728 2106 viguerunt
1752 2063 1838 2105 apud
1850 2063 1989 2108 Belgas,
2016 2064 2058 2098 ab

1170 2112 1264 2145 omni
1288 2111 1494 2147 idololatrica
1516 2111 1622 2146 scabie
1632 2122 1688 2155 per
1709 2114 1835 2146 sanctos
1846 2113 1960 2147 nostrae
1978 2113 2056 2148 fidei

1172 2161 1285 2196 Patres
1295 2173 1499 2207 expurgata,
1524 2172 1623 2206 atque
1645 2161 1691 2197 it&
1701 2162 1828 2197 dudum
1855 2164 2056 2208 dispensato-

1168 2211 1363 2246 rieindulta.

1185 2272 1187 2275 ’
1215 2261 1478 2305 Dispensationis
1488 2262 1650 2297 rationem
1659 2264 1761 2299 edicit
1773 2264 1908 2300 Sanctus
1929 2267 2054 2310 Grego-

1166 2311 1234 2345 rius
1260 2312 1427 2356 Nyffenus
1455 2314 1636 2357 Episcopus
1657 2339 1668 2354 ,
1700 2314 1841 2348 scribens
1865 2307 1908 2349 fle
1933 2317 2055 2351 Sancto

1166 2361 1330 2407 Gregorio
1343 2361 1599 2407 Thaumaturgo
1613 2387 1625 2403 ,
1651 2363 1726 2398 istas
1738 2366 1796 2398 suo
1807 2364 1981 2408 neophyto
1991 2377 2055 2409 ›po-

1165 2412 1244 2454 pulo
1257 2412 1537 2447 Neo-Caesareenfi
1550 2412 1683 2458 Agapas
1706 2414 1740 2447 in
1754 2415 1939 2457 Martyrum
1967 2415 2054 2449 festi-

1179 1460 1295 1495 Primo
1307 1486 1319 1502 ‚
1343 1474 1381 1496 ne
1391 1463 1454 1496 ulla
1464 1461 1603 1505 occafiose
1613 1463 1819 1507 ingurgitandi
1828 1463 1952 1496 daretur
1976 1461 2066 1495 ebrio·
2083 1451 2145 1480 ¹⁴⁸⁶·
2158 1459 2219 1483 ⁶⁸¹⁸·

2082 1648 2219 1680 L.2.c.17.

2136 2068 2185 2098 ⁴71⁴

2203 2059 2258 2106 is,

2183 2111 2194 2123 ·
2247 2110 2271 2138 ,ν

1165 2460 1320 2495 vitatibus
1335 2464 1557 2504 permittente.
1585 2465 1662 2496 Cum
1676 2466 1935 2508 animadvertiffet
1945 2489 1955 2505 ‚
1967 2467 2058 2508 quod
2070 2454 2153 2524 gg?
2175 2453 2210 2485 de

1159 2520 1280 2554 propter
1303 2518 1432 2554 corporis
1467 2513 1634 2555 voluptates
1652 2512 1781 2556 simplex
1820 2527 1854 2548 ac
1877 2520 2051 2558 imperitum
2089 2515 2095 2521 ’
2143 2501 2158 2525 e
2180 2515 2189 2524 “

1163 2563 1272 2606 vulgus
1296 2568 1329 2594 in
1348 2573 1451 2596 terrore
1470 2561 1691 2604 simulacrorum
1713 2565 1817 2598 cultus
1837 2573 2048 2610 permaneret,

1162 2615 1218 2655 quo
1232 2614 1365 2646 maxime*
1391 2614 1448 2653 id,
1473 2615 1556 2655 quod
1568 2619 1754 2656 praecipuum
1778 2614 1815 2655 est
1829 2641 1840 2656 ‚
1870 2623 1991 2649 interim
2009 2623 2044 2650 in

1161 2668 1199 2695 iis
1209 2663 1404 2706 assequeretur
1416 2687 1426 2703 ,
1454 2672 1556 2705 nempe
1565 2673 1598 2696 ut
1611 2672 1706 2698 vanis
1721 2663 1977 2708 superstitionibus
2005 2678 2049 2700 re-

1160 2713 1239 2745 lic¹lis
1260 2715 1306 2746 ad
1317 2717 1412 2747 Deum
1432 2722 1691 2756 converteremur,
1715 2714 1846 2757 permifit
1869 2722 1935 2754 eis,
1959 2723 1994 2748 ut
2012 2722 2047 2751 in

1161 2769 1330 2796 memoriam
1361 2762 1534 2807 fhnc‘lorum
1554 2768 1717 2802 Martyrum
1731 2764 1794 2808 sese
1814 2764 2019 2800 exhilararent
2033 2790 2047 2808 ‚

1162 2814 1197 2846 Θ
1219 2813 1397 2847 οὓΙι-ἇανεηε
1423 2838 1436 2855 ,
1460 2823 1553 2856 atque
1573 2822 1609 2847 in
1638 2816 1780 2848 Iaetitiam
1803 2813 2045 2859 effunderentur,

1159 2864 1241 2904 quod
1255 2862 1371 2907 succeffu
1383 2871 1527 2906 temporis
1553 2865 1718 2906 aliquando
1731 2863 1875 2906 futurum
1895 2865 1981 2908 effic,
2008 2875 2043 2901 ut

1155 2910 1214 2955 sua
1219 2911 1325 2956 sponte
1336 2913 1465 2946 homines
1475 2915 1522 2947 ad
1531 2913 1713 2954 honestiorem
1729 2915 1765 2947 6*
1773 2913 1950 2948 exac‘liorem
1961 2921 2040 2949 vitae

1159 2968 1305 2996 rationem
1319 2963 1477 3005 tranfrent
1487 2988 1498 3004 ‚
1505 2972 1572 3006 prae
1569 2962 1678 3007 sertim
1687 2964 1753 2996 ci'cm
1761 2969 1855 2997 etiam
1859 2964 1938 3007 fides
1950 2971 2038 3001 viam

1158 3013 1204 3044 ad
1209 3014 1293 3046 illam
1307 3024 1371 3047 rem
1378 3013 1616 3055 praemonstraret
1629 3037 1637 3045 .
1660 3014 1746 3057 ,ραι
1768 3025 1817 3047 res
1836 3017 1977 3049 nimirum
1997 3025 2042 3050 et-

1158 3068 1220 3094 iam
1232 3064 1348 3103 jamin
1368 3062 1517 3106 plerisque
1536 3062 1680 3106 succeffit‚
1704 3072 1797 3107 atque
1820 3064 1951 3107 consedit
1973 3065 2036 3112 est,

1158 3117 1236 3145 omni
1246 3113 1397 3155 voluptate
1416 3115 1438 3146 ἃ
1448 3119 1574 3155 corporis
1584 3112 1807 3153 oblec‘lamentis
1818 3115 1862 3147 ad
1867 3113 2039 3159 spiritalem

1156 3161 1415 3204 laetitiaeformam
1427 3162 1581 3196 traduc‘i'a.
1607 3162 1766 3198 Eamdem
1775 3176 1851 3200 cum
1871 3165 1927 3200 sua
1941 3167 2038 3201 ratio-

1159 3223 1200 3247 ne
1211 3212 1482 3256 dispensationem
1491 3212 1601 3248 laudat
1612 3212 1790 3257 plurimum
1803 3217 1940 3256 82an
1952 3217 2038 3251 Bali-

1158 3263 1218 3296 lius
1230 3263 1376 3308 Magnus
1387 3287 1395 3294 .
1422 3262 1467 3297 Et
1478 3262 1513 3297 in
1525 3263 1672 3309 Epistola
1689 3265 1732 3300 ad
1746 3264 1915 3301 Mellitum
1926 3266 2037 3303 Abba-

1159 3323 1225 3347 tem
1239 3312 1348 3347 scribit
1359 3314 1491 3347 Sanstus
1501 3313 1838 3362 GregoriusMagnus
1855 3317 1900 3353 de
1913 3316 2035 3361 Anglis
2050 3334 2108 3366 !.«9-
2125 3329 2225 3371 Epist„

1160 3360 1334 3406 neophytis
1344 3389 1351 3396 .
1376 3365 1468 3407 Quia·
1473 3362 1662 3407 bovesfilent
1668 3365 1856 3410 insacrificio
1866 3368 2033 3401 damonum
2048 3381 2064 3407 7

1159 3413 1264 3446 multos
1275 3414 1398 3447 occidere
1410 3437 1422 3454 ,
1443 3414 1531 3448 debet
1548 3413 1600 3449 his
1616 3421 1711 3450 etiam
1735 3416 1791 3449 bac
1815 3419 1853 3450 de
1873 3427 1905 3449 re
1927 3417 2032 3457 aliqua

1154 3460 1315 3506 solennitas
1336 3469 1511 3508 mutari,
1538 3473 1573 3499 ut
1583 3466 1632 3501 die
1653 3466 1848 3502 dedicationis
1873 3465 2034 3547 velllnatae·

1942 3518 1983 3547 tio

2071 3381 2093 3402 1·
