2340 3762
682 129 749 159 De
785 125 1019 161 ocrAvA
1054 111 1296 156 SYNODO
1329 106 1666 159 GENERALr'.
1919 136 2008 179 351

1200 204 1293 230 mana
1315 192 1440 234 Ecclefia
1457 194 1495 227 ab
1505 195 1704 231 omnihomine
1724 201 1834 245 bosptte
1852 206 1981 240 libellum
2002 208 2077 250 fidet

266 196 444 237 lta-festum
457 198 490 234 in
500 199 656 235 omnibus
664 199 810 234 adductis
818 198 977 241 exemplis
987 198 1141 242 poffimus
1155 205 1159 233 l

1205 244 1361 289 exigendi,
1389 245 1425 283 (5
1445 246 1492 281 iti
1509 251 1647 286 permitti
1667 246 1741 281 hunc
1761 258 1792 284 in
1802 254 1941 293 sanHum
1958 260 2080 293 Petrum

264 257 335 282 non
349 247 415 282 sine
425 248 640 284 fundamento
660 250 875 290 conjecturare
887 273 895 281 .
922 248 1042 283 Omnis
1050 250 1141 282 enim
1155 242 1158 296 i

1186 289 1188 297 4

264 297 363 331 „obis
380 298 502 341 objesta
526 302 696 335 auctoritas
720 301 767 333 est
778 300 950 345 negativa:
979 297 1159 333 commisti
1187 299 1337 358 {intr-arc,-
1365 293 1414 327 Ita
1427 294 1721 352 fiebatEpiscopis,
1751 298 2006 354 Patriarcharum
2019 309 2080 341 Le.

263 347 334 381 sum
345 348 462 385 saltum
485 349 712 385 nulladiserte
723 351 891 391 adfirmat.
918 349 1002 382 Haec
1023 348 1143 390 verba,
1187 354 1320 400 ‘gausa'
1333 343 1467 400 ipsisque
1482 344 1622 400 amm?
1624 344 1791 384 ²1¹3210h15
1804 372 1812 380 ·
1838 352 1892 384 Est
1912 367 1983 390 mos
2007 357 2080 390 lon-

264 397 344 431 Illic&
349 400 482 439 primum
492 403 656 437 Diaconum
667 402 844 442 ordinavit,
870 400 978 434 forsan
996 397 1140 434 habeant
1201 394 1243 440 g&
1253 393 1490 437 anthfflffimus
1501 419 1511 434 2
1539 406 1631 438 CUJUS
1641 397 1733 435 causa
1745 399 1934 437 Donatistas
1947 406 2082 447 Episco-

261 446 353 482 hunc
364 449 514 484 sensum:
543 449 630 485 Uno
652 454 754 486 trastu
774 449 865 486 dedit
887 461 1001 485 omnes
1024 450 1143 495 gradus
1200 456 1261 488 P0s
1284 456 1352 478 ¹¹0⁰
1377 446 1464 487 P'0sIe
1482 444 1602 479 ROmae
1622 446 1815 494 San-&orum
1842 449 2080 494 Apostolorum

261 498 657 541 usqueadDiaconatum.
684 502 1004 537 Commissustamen
1017 501 1142 535 videtur
1201 493 1290 529 Petri
1316 493 1456 551 &Pauli
1481 496 1647 529 memoriis
1669 500 1934 556 communicare,
1959 512 2015 537 aut
2039 505 2082 539 ad

260 547 359 583 saltus
371 550 405 582 in
417 549 566 586 adductis
577 563 632 595 per
642 550 896 587 Theodoretum
916 549 1141 585 Ordinationi-
1201 545 1283 598 ipsas
1293 545 1484 602 sacrlficmfn
1495 545 1628 584 Offerre,
1656 547 1775 591 ‚scrrpfit
1798 561 1832 583 in
1863 551 2006 590 secundo
2029 554 2082 589 ad·

259 597 320 632 bus
344 599 606 635 monachorum:
635 600 776 638 Videtur
806 603 840 636 &
862 602 976 636 omissa
998 600 1140 636 solennis
1201 596 1326 632 versflm
1340 595 1424 638 ipsos
1436 595 1520 629 l¹b10
1531 595 1663 636 sanstus
1673 597 1814 641 Optatus
1825 600 2004 646 Episcopus
2015 603 2083 639 Mi·

257 650 536 688 czremonialium
555 653 679 687 rituum
697 653 798 698 longa
820 661 965 696 paratura
982 677 996 684 ..
1035 649 1140 695 Quid-
1201 644 1364 679 levitam-1⁵
1377 669 1384 677 ·
1411 645 1456 685 Et
1480 646 1514 678 in
1539 645 1655 686 litteris
1676 647 1718 681 ad
1733 648 1883 684 San-stum
1903 651 2081 689 Meletium

257 696 338 741 quid
353 698 391 734 sit
401 724 412 740 ‚
438 701 568 736 nullum
578 702 753 738 adducitur
763 702 952 746 exemplum
976 713 1018 739 ex
1029 701 1139 735 Eccle-
1201 693 1423 733 Patriarcham
1435 694 1688 737 Antiochenum
1700 697 1834 738 SanQus
1845 699 1981 736 Basilius
2008 703 2082 739 Ma-

256 747 298 784 fia
311 748 484 785 Romana.
513 753 557 785 Et
580 753 670 787 aliud
698 754 772 788 sunt
781 753 951 796 exempla,
977 749 1066 786 aliud
1077 750 1140 785 Ca·-

255 799 606 839 nones.1sanesansti
622 802 800 848 Epiphanii
823 801 1035 849 protestatio,
1061 804 1135 832 ΝΜ

254 849 366 889 Pater,
394 861 452 881 non
464 849 534 892 sum
545 852 677 889 Clericus
687 876 699 893 ‚
725 851 832 895 palam
842 850 1040 889 demonstrat
1054 848 1135 892 Pap-

252 897 346 938 pium
360 897 393 934 in
406 895 741 944 Canonesirnpegisse
761 926 767 933 .
796 899 978 934 Adversum
1002 898 1137 942 ejufino-

249 943 289 978 di
297 945 443 980 excessus
454 947 623 983 laudatum
636 948 725 993 supra
741 950 816 985 Caii
827 949 1001 985 Pontificis
1017 949 1136 985 Decre-

250 1001 344 1036 tum,
370 996 539 1041 ipsumque
557 1000 788 1041 confirmantes
809 1001 916 1035 varios
937 1000 1134 1035 Latinorum

251 1044 288 1078 ὅ(
298 1044 487 1082 Graecorum
501 1049 657 1084 Canones
666 1050 858 1085 crediderim
870 1051 1029 1094 prodiiffe.
1041 1050 1133 1085 Hinc

250 1093 334 1129 item
352 1096 534 1132 invitorum
559 1099 599 1135 ad
621 1100 822 1136 Clericatum
843 1101 1013 1145 populares
1027 1111 1135 1145 raptus

249 1143 286 1178 δε
302 1145 491 1188 Raptorum
503 1149 739 1185 Ordinationes
751 1151 920 1192 interdixit
948 1151 1134 1196 Simplicius

248 1193 408 1234 Pontifex
418 1221 430 1237 ‚
455 1198 586 1243 ejusque
596 1201 777 1236 Decretum
788 1202 862 1237 Leo
887 1202 923 1237 &
937 1202 1133 1245 Majoranus

247 1243 392 1290 Augusti
414 1249 667 1285 confirmarunt.
693 1251 862 1293 Interdieti
885 1253 981 1287 causa
1004 1252 1067 1286 fuit
1081 1263 1131 1290 va:

246 1294 315 1328 ria:
345 1295 430 1336 Una
451 1300 544 1335 fuisse
564 1300 687 1347 potest,
713 1301 804 1345 quod
830 1312 938 1347 raptus
965 1302 1022 1337 ille
1040 1302 1133 1344 avitae

246 1344 551 1387 Ecclesiasticorum
561 1350 724 1395 graduum
735 1351 1134 1387 subordinationiviolan-

244 1394 295 1429 da:
314 1396 466 1439 praeberet
486 1399 598 1443 paffim
620 1402 842 1436 occasionem.
870 1402 1014 1436 Nullum
1035 1402 1132 1445 porro

243 1444 419 1484 adducitur
443 1451 636 1492 exemplum
661 1450 830 1484 intermiffi
867 1452 904 1484 in
939 1452 1131 1487 consecrato

241 1491 412 1539 Episcopo
424 1496 687 1542 Presbyterum,
713 1498 802 1544 qudd
816 1510 935 1544 nempe
957 1499 1047 1535 hunc
1068 1502 1131 1535 effe

241 1541 458 1587 Episcopatus
468 1548 666 1583 essentialem
674 1558 796 1592 partem
806 1550 903 1583 fuerit
915 1551 1002 1592 apud
1014 1562 1131 1592 omnes

242 1592 304 1628 sub
314 1593 402 1630 coelo
414 1597 573 1634 Ecclesias
591 1599 715 1641 semper
735 1599 975 1635 indubitatum.

1196 793 1333 836 scrimine
1344 800 1517 837 quorumvis
1528 807 1567 830 ex
1577 800 1698 835 Oriente
1710 804 1894 832 venientium
1907 811 2081 839 communio-

1197 838 1267 876 'nem
1277 850 1424 887 accipiant
1436 867 1447 884 ‚
1467 844 1524 888 sed
1532 845 1695 890 unusemel
1702 849 1793 883 electa
1798 858 1890 892 parte
1900 851 2026 895 reliquos
2037 867 2080 888 ex

1199 892 1441 936 consentientium
1459 895 1617 930 testimonio
1627 899 1795 933 admittant
1807 925 1817 941 ,
1843 900 1878 935 ὠ
1888 913 1947 936 non
1959 909 2054 937 cuivis
2067 929 2080 946 ,

1195 941 1252 987 sub
1277 952 1425 986 praetextu
1448 946 1616 981 orthodoxe
1639 948 1782 989 doHrinae
1803 973 1813 991 ‚
1846 951 1918 993 fidei
1933 952 2079 995 formulae

1195 991 1363 1035 ftribendae
1373 994 1604 1036 adstipulentur.
1632 1003 1720 1036 ‚Nam
1745 1001 1794 1041 isto
1810 1001 1900 1043 pado
1918 1004 2079 1045 depreben-

1199 1044 1305 1083 dentur
1323 1055 1386 1078 cum
1407 1043 1592 1088 adversariis
1608 1046 1780 1091 facientes,
1803 1056 1855 1091 qut
1877 1053 1977 1085 eadem
1993 1052 2079 1095 saepb

1199 1104 1318 1133 numero
1327 1093 1419 1133 verba
1436 1102 1612 1136 praetexunt
1620 1098 1740 1138 quidem
1752 1120 1762 1137 ,
1787 1103 1863 1131 inter
1879 1100 1913 1142 se
1935 1104 2005 1134 verb
2024 1111 2079 1144 pu-

1192 1155 1314 1187 gnam,
1339 1153 1372 1185 ut
1383 1145 1606 1189 quiplurimiim
1626 1145 1719 1187 divisi
1738 1147 1952 1192 diffidentesque
1966 1151 2076 1193 fuere.

1197 1197 1248 1227 Ne
1260 1200 1350 1238 igitur
1360 1195 1486 1237 emplius
1496 1194 1610 1237 baerefis
1619 1207 1735 1238 eorum,
1762 1203 1813 1240 qui
1834 1204 1909 1231 inter
1921 1199 1956 1243 se
1978 1205 2078 1236 mutuo

1197 1245 1350 1285 diffident,
1372 1252 1429 1287 per
1456 1243 1581 1288 ipsorum
1603 1245 1721 1289 scripta
1735 1272 1746 1288 ,
1769 1260 1837 1290 quae
1845 1257 2017 1290 praetexere
2042 1254 2078 1288 <St

1197 1295 1317 1336 objicere
1321 1293 1417 1337 fhlent
1429 1318 1440 1334 ,
1465 1301 1596 1335 incautos
1603 1294 1727 1340 seducat
1737 1322 1748 1339 ,
1764 1298 2032 1344 'admonendisunt
2041 1310 2077 1338 ut

1196 1356 1325 1379 arcanas
1336 1347 1532 1384 accedentium,
1542 1353 1754 1385 communiones
1764 1370 1775 1386 ‚
1801 1347 1962 1396 &scriptis
1977 1354 2076 1393 Juxta

1188 1393 1324 1435 formam
1335 1393 1560 1435 Ecclefiasticam
1570 1396 1790 1439 comprehensas
1796 1397 1922 1439 faciant
1937 1425 1944 1436 ,,
1972 1400 2077 1437 Schis-

1196 1453 1284 1479 mate
1293 1453 1372 1478 tunc
1384 1443 1551 1479 laborabat
1569 1445 1782 1480 Antiochena
1804 1446 1944 1482 Ecclesia
1958 1472 1969 1488 ‚
1995 1449 2077 1484 divi-

1198 1493 1275 1526 sain
1288 1493 1372 1528 duos
1384 1493 1564 1539 Episcopos
1575 1493 1807 1536 orthodoxos,
1833 1495 2008 1533 Paulinum
2036 1510 2075 1535 ac

1195 1543 1370 1578 Meletium
1398 1556 1410 1576 .·
1453 1544 1587 1578 Bafilius
1609 1569 1622 1586 ,
1648 1545 1824 1579 Paulinum
1853 1547 2075 1584 Marcellianae

1196 1592 1372 1637 impietatis
1393 1592 1497 1636 palam
1520 1594 1690 1629 traducens
1704 1619 1714 1635 ,
1744 1595 1903 1639 Meletio;
1931 1597 2074 1635 Paulino

1194 1642 1321 1677 favebat
1357 1641 1509 1677 Romana
1547 1644 1582 1677 δε
1608 1645 1717 1679 omnis
1754 1645 1872 1680 Latina
1901 1646 2045 1685 Ecclesia
2062 1673 2074 1690 ,

1192 1692 1372 1731 Meletium
1388 1702 1499 1730 tamen
1522 1693 1723 1729 diffirnulans
1738 1716 1749 1733 ,
1774 1696 1902 1739 acejus
1924 1708 2046 1740 partem
2060 1726 2071 1742 ,

1191 1742 1374 1781 dummodo
1388 1743 1540 1787 legitimae
1551 1744 1628 1780 fidei
1651 1744 1853 1779 authenticas
1876 1746 1998 1781 litteras
2018 1750 2072 1783 ad-

1191 1793 1309 1833 ferret,
1335 1803 1472 1835 eamque
1485 1792 1601 1827 Romae
1614 1794 1646 1825 in
1661 1793 1724 1826 suis
1740 1793 1890 1828 manibus
1909 1798 2071 1839 profitere-

1190 1840 1468 1881 tur,sadmittens
1479 1841 1517 1875 ad
1531 1841 1637 1877 Sancti
1651 1842 1737 1878 Petri
1750 1842 1917 1879 Basilicam
1942 1847 1976 1881 ὃς
2005 1849 2070 1892 ple·

1189 1901 1266 1924 nam
1283 1892 1574 1927 communioneme
1600 1892 1695 1929 Hinc
1706 1894 1879 1929 Romanos
1889 1896 1983 1931 suasit
2006 1897 2067 1934 Ba-

1188 1939 1275 1976 filius
1285 1939 1531 1980 admonendOS,
1558 1942 1718 1984 quatenus
1743 1954 1844 1983 unam
1865 1957 1988 1988 partem
2011 1949 2067 1989 eli-

1185 1999 1322 2033 gerent,
1347 1992 1512 2032 utriusque
1534 1990 1631 2033 partis
1649 1991 1771 2026 litteras
1796 1994 1830 2028 &
1851 1994 1926 2029 fidei
1951 1999 2066 2040 profes)

1184 2039 1286 2073 fiones
1307 2039 1458 2084 deinceps
1479 2051 1546 2074 non
1575 2039 1767 2085 probarent,
1795 2043 1847 2077 sed
1876 2049 2061 2091 quampiam

1183 2100 1333 2124 arcanam
1360 2092 1394 2125 &
1414 2090 1454 2124 ab
1480 2091 1574 2129 omni
1595 2091 1675 2127 dolo
1697 2094 1839 2127 securam
1859 2096 2061 2137 professionis

1181 2138 1358 2174 formulam
1386 2140 1442 2175 fibi
1468 2152 1526 2184 pro
1549 2141 1774 2177 Orientalibus
1797 2145 1931 2179 advenis
1943 2148 2063 2183 forma-

1180 2200 1269 2224 rent:
1295 2189 1397 2236 Qed
1408 2202 1527 2235 nempe
1538 2192 1642 2226 astuta
1668 2194 1701 2227 &
1711 2193 1868 2227 occultati
1881 2197 2060 2233 Arianismi

1180 2240 1319 2283 suspesta
1332 2239 1478 2274 essetista
1490 2252 1590 2285 gens,
1616 2244 1649 2276 ἀ
1672 2243 1730 2277 sub
1755 2242 1951 2280 orthodoxis
1973 2249 2059 2283 voci-

1178 2289 1236 2325 bus
1248 2291 1369 2333 lepram
1381 2291 1495 2332 istam,
1522 2293 1607 2335 quasi
1618 2292 1677 2327 sub
1687 2294 1795 2328 ovinis
1807 2295 1887 2327 lanis
1917 2297 2031 2339 lupum
2044 2323 2055 2339 ,

1174 2338 1333 2384 obtegens
1354 2341 1550 2384 quandoque
1586 2343 1862 2380 circumscriberet
1898 2344 2054 2383 Latinam

1174 2391 1411 2432 simplicitatem
1427 2416 1434 2426 .
1463 2390 1552 2427 Nam
1577 2392 1621 2427 ita
1634 2405 1735 2436 nuper
1749 2393 1917 2432 Liberium
1941 2396 2056 2432 Ponti-

1174 2440 1269 2473 ficem
1291 2440 1545 2477 circumvenerat
1564 2466 1576 2482 ‚
1602 2443 1636 2478 ἀ
1674 2446 1985 2481 communicatorias
2010 2447 2052 2482 ad

1170 2489 1342 2533 Synodum
1367 2489 1604 2534 Thyanensem
1629 2493 1751 2528 litteras
1775 2494 1963 2530 obtinuerat
1986 2497 2051 2531 Eu-

1170 2540 1426 2574 statiusminoris
1448 2541 1612 2577 Armeniae
1634 2543 1932 2588 Archi-Episcopus
1954 2547 2048 2581 Seba-

241 1708 1130 1734 Μὴ,-

377 1802 857 1854 Ciminum
925 1809 983 1853 Χ.

236 1971 240 1979 ·
298 1934 423 2004 -de
441 1910 484 1985 'A
519 1939 622 1988 Sedis
648 1941 866 2010 Apostolicae
891 1947 1051 2013 Legatis

235 2011 242 2015 ³
365 2059 369 2067 ⁴
423 2005 521 2072 fidei
554 2008 722 2057 libellum
766 2013 920 2060 Photius

584 2082 746 2149 exigmt
759 2116 772 2129 .

231 2235 413 2323 HAEc
427 2249 493 2272 non
504 2238 669 2274 calumnia
681 2240 727 2274 est
742 2264 753 2280 ‚
779 2239 833 2275 sed
855 2240 949 2276 realis
972 2242 1091 2287 injuria
1103 2271 1113 2286 ,

366 2289 408 2322 de
431 2299 494 2331 qua
519 2287 559 2322 ad
581 2289 730 2324 Ecclefiae
741 2291 919 2325 Gallicanae
934 2293 1114 2338 Episcopos

59 2362 82 2396 Ι
105 2359 137 2392 ist
167 2373 184 2392 ο
231 2338 354 2372 merito
377 2336 486 2372 scribit
510 2338 667 2374 Pontifex
692 2341 850 2375 Nicolaus
872 2355 884 2375 .·
921 2345 968 2375 Et
994 2344 1111 2386 adbuc,

83 2369 102 2400 p
138 2371 164 2397 '⁷
185 2380 197 2394 ⁴
230 2389 312 2429 quod
319 2387 357 2428 est
367 2394 499 2432 gravius
525 2389 722 2433 &insanius‚
750 2393 771 2424 ἃ
785 2392 873 2431 Miffis
896 2391 999 2432 nestris
1013 2416 1023 2432 ,
1046 2406 1111 2428 con-

229 2445 281 2470 tra
292 2450 405 2471 omnem
417 2439 546 2483 regulam
573 2441 726 2483 &praeter
740 2453 853 2474 omnem
865 2442 1107 2486 consuetudinem,

227 2486 356 2521 libellum
363 2487 434 2530 fidei
446 2512 456 2527 ,
475 2489 548 2530 siah
571 2490 630 2524 illis
641 2497 731 2533 recipi
752 2492 860 2525 vellent
873 2516 884 2531 ‚
910 2498 1029 2537 exigere
1050 2508 1107 2528 mo·

229 2537 380 2571 liebamur
393 2562 403 2578 ,
431 2544 463 2571 in
474 2551 528 2582 que
538 2547 601 2572 tam
611 2541 665 2582 ista
675 2543 805 2584 capitula
816 2566 827 2582 ‚
852 2554 941 2585 quam
951 2555 987 2576 ea
1003 2551 1104 2579 tenen-

226 2595 294 2627 tes,
321 2588 354 2622 id
378 2588 447 2629 est,
474 2601 608 2624 omnem
631 2591 785 2625 Latinam
808 2593 982 2627 Ecclesiam
996 2618 1006 2633 ‚
1031 2607 1104 2629 ana·

226 2636 474 2672 thematizarent.
502 2644 638 2674 Necnon
665 2643 698 2675 ⁸&
718 2640 868 2683 Epistulas
888 2649 1040 2677 canonicas
1062 2646 1103 2679 ab

223 2685 321 2721 bis-et
335 2712 346 2728 ,
371 2699 456 2731 quem
474 2687 561 2733 suum
576 2691 791 2725 OEcumenicum
814 2692 1028 2727 patriarcham
1047 2704 1102 2738 ap-

225 2738 343 2780 pellant
366 2761 377 2778 ,
404 2740 524 2772 dandas
544 2742 671 2782 improbe
696 2742 882 2784 requirebant
904 2767 913 2776 .
939 2744 1100 2781 Eamdem

225 2789 439 2822 temeritatem
452 2791 687 2834 resumpserunt
705 2792 810 2826 Graeci
820 2793 854 2826 in
865 2794 1004 2837 Synodo
1026 2796 1100 2830 Flo-

48 2846 170 2887 ,ζῆ-,ιβ
223 2837 354 2871 rentina
379 2839 414 2872 in
436 2839 540 2883 ipsum
563 2843 745 2884 praesentem
771 2843 971 2878 Pontificem
993 2845 1100 2890 Euge-

221 2886 317 2921 nium
333 2898 483 2929 quartum
497 2914 508 2930 ‚
534 2891 552 2924 a
574 2902 642 2934 quo
662 2893 857 2937 repositum:
885 2894 1011 2935 Dixistis
1030 2920 1040 2936 ‚
1065 2905 1098 2929 ut

219 2935 310 2978 fidem
320 2936 445 2977 nostram
456 2940 539 2972 vobis
545 2939 689 2984 scriptam
707 2944 912 2982 traderemus,
936 2947 1014 2987 quod
1034 2951 1096 2988 qui-

218 2988 291 3021 dem
311 2988 331 3019 ᾶ
353 2988 498 3030 dignitate
518 2988 663 3026 Roma'nae
677 2991 809 3033 Ecclefiae
831 2992 946 3036 semper
968 2998 1095 3028 alienum

213 3036 299 3079 fuit.
325 3039 445 3078 Optime*
456 3044 534 3071 em'm
554 3041 662 3082 nostis,
689 3052 834 3086 quantum
853 3043 997 3078 honorem<
1009 3045 1095 3079 habe.-

216 3097 283 3120 rent
289 3085 405 3130 semper
416 3090 583 3124 orientales
595 3095 739 3126 Romanae
753 3093 888 3135 Ecclefiae
899 3119 909 3134 ‚
936 3105 1095 3137 quamam·

217 3148 274 3179 que
296 3138 341 3170 illi
353 3137 548 3172 obedientiam
570 3141 761 3176 exhiberent.
792 3141 932 3179 photius
954 3156 1023 3179 non
1045 3147 1094 3180 so-

215 3187 286 3220 lum
308 3187 453 3221 Romani
465 3188 604 3232 papatus
616 3191 796 3226 Primatum
809 3195 1003 3236 transcripsit
1026 3196 1090 3230 sedi

214 3237 611 3281 Constantinopolitanae,
637 3239 690 3275 sed
710 3242 884 3286 &singula
905 3244 974 3286 ejus
996 3246 1091 3288 privi-

217 3286 322 3332 legia,
348 3287 544 3332 dignitates,
569 3289 638 3332 jura
653 3315 663 3330 ‚
689 3302 811 3331 mores,
837 3291 986 3336 adeoque
1010 3295 1089 3329 &il-

217 3335 305 3377 lum,
331 3337 449 3380 dequo
462 3339 496 3372 in
508 3350 618 3381 quarta
632 3339 724 3382 hujus
735 3339 859 3383 Synodi
873 3340 1015 3378 Aetione
1041 3345 1090 3379 diss

215 3387 563 3434 xeruntgloriosiffimi
587 3390 815 3436 Magistratus:
844 3394 909 3424 Mos
933 3391 972 3433 est
990 3399 1023 3427 in
1037 3398 1088 3428 Ro-

1169 2642 1243 2675 suos
1254 2638 1452 2675 monachos:
1481 2641 1596 2676 Habent
1606 2642 1892 2692 astutum-quoddam
1917 2647 2023 2689 dogma
2034 2671 2045 2688 ‚

1166 2692 1212 2724 ad
1214 2689 1289 2734 suas
1299 2697 1478 2727 mutationes
1487 2700 1649 2735 paratum.
1678 2699 1765 2727 Nam
1776 2694 1877 2726 verbis
1883 2694 1956 2735 fidei
1967 2707 2045 2732 more

1164 2743 1342 2775 Medicorum
1355 2749 1499 2783 utuntur,
1519 2751 1576 2785 pro
1587 2746 1791 2777 commoditate
1808 2744 1897 2777 aliter
1912 2743 1977 2788 sese
2001 2748 2047 2780 ad

1160 2790 1349 2831 affifflonum
1359 2798 1504 2827 rationem
1529 2796 1564 2828 Θ
1577 2800 1759 2827 varietatem
1784 2803 2020 2836 attemperantes
2035 2819 2043 2828 .

1162 2843 1212 2876 At
1226 2841 1473 2877 Basiliiconfilia
1485 2854 1553 2878 non
1566 2842 1659 2886 plene
1671 2845 1844 2878 succeffiffe
1861 2845 1959 2883 docet
1980 2858 2041 2886 an

1161 2891 1298 2934 quintus.
1318 2893 1438 2927 Canon
1460 2894 1567 2937 primae
1586 2893 1712 2937 Synodi
1736 2895 2041 2938 Constantinopoli-

1159 2950 1264 2977 tanae:
1293 2946 1338 2976 De
1347 2942 1442 2977 libello
1456 2943 1708 2984 occidentalium,
1733 2950 1826 2978 etiam
1851 2957 1900 2979 eos
1917 2944 2041 2989 suscipi-

1153 3003 1224 3025 mus
1236 3016 1247 3033 ,
1272 2997 1323 3034 qui
1334 2993 1493 3027 Antiochiae
1507 3003 1597 3026 unam
1614 2997 1720 3028 Patris
1746 2996 1781 3028 (θ’
1797 2995 1872 3028 Filii
1897 2997 1931 3030 (9
1946 2999 2038 3038 Spiri-

1155 3050 1205 3075 tus
1218 3043 1322 3076 Sanc‘lt
1331 3047 1479 3076 Deitatem
1489 3043 1679 3085 confitentur.
1711 3046 1799 3079 Dico
1812 3070 1828 3086 ‚,
1849 3050 1921 3079 Non
1929 3046 2030 3088 plene:

1158 3092 1291 3126 Etenim
1303 3103 1455 3127 arcanum
1466 3093 1500 3126 δε
1512 3094 1657 3128 securum
1670 3095 1870 3138 professionis
1881 3096 2033 3131 libellum

1156 3143 1210 3175 seu
1230 3141 1404 3177 formulam
1424 3143 1566 3177 omnino
1585 3146 1768 3188 composuit
1787 3170 1798 3186 ‚
1825 3158 1863 3181 ac
1886 3146 2032 3180 Ecclesiae

1156 3191 1372 3227 Antiochenae
1394 3193 1600 3236 praescripsit3
1627 3194 1672 3228 ast
1697 3195 1830 3230 alteram
1852 3195 1973 3240 eligere
1996 3195 2031 3233 &

1154 3242 1287 3275 alteram
1302 3241 1478 3277 schismatis
1496 3254 1617 3287 partem
1628 3244 1762 3288 abjicere
1784 3246 1893 3280 noluit
1912 3246 2032 3279 Roma·

1154 3302 1195 3326 na
1209 3291 1370 3332 Ecclesia,
1396 3292 1527 3337 ejusque
1551 3306 1611 3338 prae
1625 3294 1784 3330 Bafiliano
1806 3296 1963 3340 judicium
1987 3293 2030 3327 se-

1153 3342 1209 3385 qui
1224 3342 1340 3376 maluit
1355 3343 1508 3386 Synodus
1518 3367 1530 3384 ‚
1555 3346 1608 3380 cui
1621 3343 1686 3390 ipse
1699 3345 1856 3381 Meletius
1869 3341 2028 3384 interfuit,

1153 3391 1524 3437 Constantinopolitana
1535 3417 1543 3427 .

1825 3439 1978 3487 Ejusdem

1199 755 1283 787 gnus
1306 745 1412 779 censet
1425 745 1652 781 admonendos
1663 746 1836 782 Romanos
1849 773 1859 789 ,
1886 755 1936 785 Ν,
1950 751 2012 794 fine
2038 756 2083 790 di·
2098 731 2180 770 EPist·
2192 739 2236 768 53-

1168 2590 1295 2631 stcnus,
1321 2590 1362 2625 de
1384 2591 1501 2634 quibus
1511 2592 1597 2626 dolis
1625 2593 1735 2627 scribit
1748 2594 1834 2628 idem
1847 2595 1980 2630 Basilius
2005 2597 2047 2632 ad
2067 2604 2204 2644 Epist.67,
