2340 3762
525 213 529 217 .
577 178 927 236 ·'Scu01„118‚
963 175 1247 224 ετ·Νοτ·Ῑς
1291 179 1664 226 ntusrit'art.
1700 177 1732 185 ”

231 265 420 309 properandi
451 289 463 306 ,
489 274 557 298 mox
584 270 735 307 utcumque
760 269 863 298 venire
888 273 946 295 non
973 263 1006 294 di
1030 273 1114 296 eras.

231 316 284 350 -Et
291 325 334 349 ex
346 314 462 349 litteris
474 315 648 349 Hincmari
662 314 830 348 Remenfis
842 310 1114 355 Archi-Episcopi

233 364 278 399 ad
290 364 474 399 Adrianum
485 363 663 400 secundum
675 363 870 398 Pontificem
882 387 890 394 .
915 361 1018 402 Vestra
1032 361 1114 405 sciat

235 414 400 449 aeuaeomas
430 439 441 456 ,
466 422 537 458 quia
557 424 607 447 nec
629 417 842 452 Hincmarum‚
864 412 1113 447 Laudunensem

233 464 434 509 Episcopum
445 467 462 499 a
474 466 561 499 disto
574 463 738 498 Pontifice
748 473 920 499 evocatum
937 487 948 503 ‚
959 473 1010 495 nec
1023 468 1112 495 etiam

234 515 392 557 quemlibet
406 513 615 558 Epist-oporam
626 513 775 558 dioeceseos
788 515 943 548 Remorum
955 537 966 553 ‚
991 513 1113 546 minime

233 574 336 599 autem
349 567 476 599 aliarum
483 569 705 606 provinciarum
731 562 911 608 Episcopus,
939 562 996 598 nili
1013 566 1113 596 Domi-

231 625 290 649 nus
313 619 379 649 Rex
403 614 465 648 illis
484 621 681 657 praeceperit,
706 618 829 647 Romam
854 614 907 648 vel
925 619 958 646 in
980 615 1112 656 aliquam

226 672 352 707 partem
361 675 427 697 mea
446 666 695 698 commendatione
715 666 855 699 mittendi
879 663 971 698 habeo
987 663 1111 706 potesta-

231 723 307 747 tem.
335 719 403 748 Nec
412 712 473 758 ipse
484 726 534 759 ego
546 718 627 750 ultra
645 714 720 758 fines
736 713 783 757 sici
800 720 883 759 regni
904 713 1012 758 absque
1031 713 1111 747 illius

232 764 353 797 licentia
363 767 462 808 egredi
471 767 574 799 valeo.
602 765 644 798 Et
657 775 697 798 ex
710 765 852 799 Henrici
869 764 963 807 primi
983 764 1111 807 Anglo-

210 836 213 837 ν
231 825 305 847 rum
319 814 421 860 Regis
441 815 526 859 apud
550 814 768 849 Guilielrnum
790 813 1128 848 Malmesberiensem.

232 863 337 899 verbis
352 867 391 898 ad
405 866 559 899 Sanstum
573 864 767 897 Anselmum
788 863 1108 906 Archi-Episcopum
1124 859 1128 923 ἲ

231 912 522 947 Cantuariensem:
549 912 700 954 Insolitum
719 911 756 951 est
776 912 871 952 mibi,
897 920 931 944 ut
954 909 1127 976 quisquam'*

231 964 387 995 Procerum
410 973 537 994 meorum
549 970 599 994 eat
610 964 734 994 Romam
746 986 757 1002 ‚
784 960 839 1003 nist
854 972 917 994 meo
934 962 1108 1002 potisfimum

224 1010 322 1054 juffic.
351 1011 394 1045 Et
405 1023 447 1046 ex
460 1012 597 1046 Heni-ici
611 1011 742 1045 secundi
755 1012 850 1046 avitis
869 1010 1111 1046 consuetudini·

229 1060 310 1100 bus,
333 1060 677 1095 adductisaMatthaeo
699 1061 883 1096 Parifienfi:
912 1061 1109 1105 Archi-Epi-

225 1110 323 1155 ftopis
335 1136 346 1152 ,
373 1111 550 1154 Epiftopis‚
577 1109 748 1154 &personis
761 1118 845 1155 regni
856 1123 913 1144 non
938 1113 1005 1145 licet
1025 1119 1108 1146 exire
1124 1119 1128 1143 ι

228 1173 353 1205 regnum
373 1160 482 1205 absque
501 1164 622 1195 licentia
634 1165 755 1193 Domini
767 1166 859 1206 Regis
875 1187 883 1194 .
908 1162 1016 1196 Addit
1030 1162 1109 1195 Bos-

228 1220 378 1254 quettus:
404 1223 481 1246 vera
491 1212 582 1253 huius
586 1211 793 1253 prohibitionis
806 1218 883 1245 ratio
902 1212 941 1252 est
957 1236 968 1252 ‚
997 1223 1033 1246 ne
1053 1217 1110 1246 Re-

221 1260 311 1305 gibus
320 1267 448 1296 invicem
461 1261 573 1301 hostiles
590 1267 705 1295 animos
725 1260 921 1305 servantibus
935 1287 946 1302 ,
970 1263 1035 1296 cum
1058 1262 1114 1305 nisi

223 1306 266 1344 'ex
282 1312 463 1346 decremento
472 1314 597 1346 alterius
607 1313 682 1354 quid
689 1312 815 1345 alterius
835 1318 1010 1347 incremento
1031 1323 1109 1347 acce-

224 1361 404 1404 derepoffit,
425 1362 514 1406 sueta
531 1367 773 1406 peregrinatione
799 1372 970 1396 exterorum
992 1369 1108 1397 animos

222 1408 358 1454 suescant
374 1411 490 1456 subditi
510 1437 521 1453 ,
560 1413 594 1446 (5·
608 1410 814 1452 familaritas
834 1413 997 1452 proditioni
1017 1415 1108 1446 locum

225 1460 296 1492 det.
323 1463 391 1495 Ideo
413 1462 477 1494 cum
499 1467 577 1493 inter
597 1463 690 1503 Reges
716 1461 752 1493 6·
773 1460 930 1501 Pontifices
954 1460 1055 1492 crebra
1068 1461 1109 1501 fit

221 1509 487 1553 projurisdie‘lione
496 1508 620 1553 diffensi'o
633 1533 643 1548 ‚
668 1507 804 1551 rec¹lesuo
819 1508 960 1552 JeRegno
969 1508 1108 1552 consultu-

227 1570 275 1592 ros
283 1563 443 1603 Principes
455 1561 645 1594 crediderunt
655 1583 664 1599 ‚
686 1558 717 1600 fi
724 1558 883 1602 Episcopus
888 1561 960 1599 jam
975 1565 1010 1592 vi
1020 1561 1108 1592 Ordi-

227 1614 276 1640 m's
310 1613 346 1643 et
361 1609 462 1650 status
480 1609 529 1652 sui
551 1610 706 1648 neceffitate
731 1610 867 1651 Pontifici
887 1609 1024 1641 addic‘los
1049 1633 1061 1649 ‚
1087 1611 1125 1640 a·

185 1702 187 1704 q
225 1660 372 1691 Romanae
390 1664 481 1692 curiae
493 1656 642 1690 liminibus
662 1656 843 1699 prohibeant
855 1683 862 1690 .
1120 1653 1124 1721 l

275 1708 357 1741 Haec
378 1708 493 1742 omnia
516 1706 659 1747 Eusebio
681 1708 925 1742 Nicomedienfi
952 1718 1008 1742 aut
1022 1706 1106 1743 Aca·

224 1755 280 1794 cio
301 1757 677 1801 Constantinopolitano
701 1756 868 1801 Episcopo
889 1782 899 1798 ,
928 1757 1027 1802 quam
1052 1770 1104 1792 or·

225 1805 380 1841 thodoxo
393 1807 541 1842 Ecclefiae
554 1806 734 1841 Gallicana
746 1808 902 1842 Antistiti
915 1809 990 1842 sunt
1001 1809 1106 1851 aptio-

223 1867 258 1891 ra
271 1881 278 1888 .
306 1855 422 1898 Abiit,
447 1868 483 1890 ut
499 1857 640 1900 profano
650 1857 751 1891 errori
764 1858 870 1891 faveat
879 1857 1014 1892 Sanctus
1024 1858 1104 1891 Gre-

220 1906 352 1951 gorius.
378 1907 514 1941 Severus
537 1904 753 1949 Aquileienfis
778 1906 1079 1950 Archi-Episcopus
1093 1931 1103 1946 ‚

220 1954 363 1991 Histrici
392 1954 543 1990 adversus
554 1956 704 1999 quintam
729 1956 901 1999 synodum
923 1956 1104 1991 schismatis

220 2002 408 2041 Patriarcha
421 2031 432 2047 ‚
459 2004 647 2040 Romanam
665 2005 841 2041 Ecclesiam
864 2017 901 2040 ut
922 2006 1105 2041 Chalcedo-

221 2056 327 2090 nenfis
350 2055 478 2098 Synodi
513 2056 795 2098 praevaricatricem
829 2055 1072 2100 blasphemabat
1093 2081 1104 2097 ,

219 2102 363 2148 ideoque
389 2105 474 2139 sacra
497 2103 658 2147 Principis
676 2103 815 2147 juffione
853 2105 893 2140 ad
916 2105 1103 2141 Romanam

220 2153 397 2198 Synodum
431 2155 467 2189 &
499 2154 665 2188 evocantis
698 2152 872 2189 Pontificis
903 2156 1102 2199 praesentiam

220 2203 334 2239 debuit
348 2205 444 2249 cogi:
472 2203 637 2252 Qiocirca
647 2203 817 2247 juffionem
826 2204 919 2239 istam
933 2229 943 2244 ,
972 2217 1042 2239 non
1065 2215 1103 2240 ut

220 2253 280 2289 fibi
293 2254 399 2289 datam
410 2254 569 2289 evocandi
583 2254 749 2288 licentiam
762 2280 772 2295 ,
800 2254 851 2289 sed
865 2264 902 2289 ut
913 2253 1101 2300 Augustum

219 2304 426 2339 evocationis
448 2304 746 2339 suaeexecutorium
771 2302 940 2340 brachium
967 2307 1102 2342 Sanstus

217 2354 402 2399 Gregorius
416 2355 586 2395 laudavit.
612 2353 680 2389 Pro
698 2366 803 2390 errore
826 2356 979 2390 Sanctum
1002 2356 1101 2391 Nico-

218 2403 309 2440 laum
320 2404 517 2452 Pontifieem
526 2403 644 2439 adduci
654 2405 726 2448 quis
737 2405 804 2440 fine
814 2405 985 2440 stomacho
999 2406 1100 2451 legat?

218 2452 299 2496 Ejus
311 2454 461 2489 adversus
474 2455 568 2489 illum
580 2454 704 2490 labores
714 2454 841 2489 nullum
853 2456 1003 2491 Ecclefiae
1023 2456 1097 2490 Gal-

218 2502 336 2536 licanae
358 2505 471 2539 saxum
495 2504 769 2550 poffitignorare.
796 2504 900 2540 Porro
921 2506 1096 2541 Hincmari

219 2552 390 2587 Remenfis
415 2554 566 2588 adversus
602 2556 784 2599 praesentem
815 2556 991 2591 Canonem
1012 2581 1023 2598 ,
1059 2569 1097 2590 ac

218 2601 361 2637 Martini
371 2601 508 2638 Lutheri
521 2605 741 2639 austeritatem
766 2605 917 2639 adversus
935 2607 1095 2641 sacrosan-

218 2653 303 2687 stam
331 2652 568 2688 Tridentinam
590 2654 763 2698 synodum
791 2654 950 2690 adducere
968 2681 980 2698 ,
1020 2656 1095 2690 licet

218 2703 426 2746 personarum
450 2704 607 2748 qualitate
628 2703 781 2739 differant
802 2704 978 2747 plurimum
991 2730 1003 2746 ,
1025 2707 1099 2741 sunt

218 2761 328 2787 tamen
348 2753 490 2797 ejusdem
513 2755 626 2788 formae
647 2767 655 2787 t
684 2753 816 2788 Etenim
840 2754 1098 2790 utiTridentina

219 2800 372 2844 synodus
393 2803 578 2839 Lutherum
597 2827 608 2843 ‚
635 2804 678 2838 ita
706 2804 812 2840 noster
835 2806 956 2841 Canon
979 2806 1098 2841 direste

218 2851 300 2894 petit
311 2852 529 2888 Hincmarum
542 2881 550 2888 .

271 2899 327 2934 Ab
337 2902 484 2938 Henrico
496 2905 601 2948 primo
627 2917 664 2940 ac
675 2906 825 2940 Henrico
837 2906 1001 2948 secundo,
1027 2907 1097 2942 An-

208 2949 352 2995 ·glotum
376 2951 542 2997 Regibus,
568 2956 729 2996 adduam
757 2966 853 2999 atque
875 2956 998 2992 Edistis
1020 2969 1093 2992 con-

218 3001 346 3034 firmata
370 3001 574 3038 consuetudo
594 3006 639 3039 est
655 3006 848 3049 praecipuum
871 3006 1096 3042 Ecclefiasticae

218 3048 374 3084 libertatis
386 3061 502 3095 caput,
530 3064 589 3095 pro
612 3066 679 3098 quo
690 3057 825 3090 Sanctus
835 3055 988 3091 Thomas
1009 3057 1094 3092 Can·

218 3100 382 3134 tuarienfis
407 3101 706 3148 Archi-Episcopus
726 3107 915 3141 innumeras
936 3107 1034 3152 usque
1052 3108 1093 3141 ad

216 3149 355 3184 effusum
378 3151 569 3195 sanguinem
592 3153 791 3190 calamitates
815 3157 969 3198 pertulit,
996 3166 1093 3201 atque

217 3199 260 3234 ab
273 3201 420 3234 universa
437 3201 494 3236 sub
506 3202 590 3236 coelo
602 3203 743 3238 Ecclesia
755 3216 922 3249 tamquam
932 3207 1093 3251 gloriosus

217 3249 347 3293 Martyr
356 3251 553 3286 celebratur.
579 3251 697 3287 Codex
719 3253 924 3295 Vaticanus,
951 3254 1094 3290 Alexan-

217 3298 267 3333 dri
279 3299 367 3334 tertii
378 3300 552 3336 pontificis
561 3302 730 3337 adversum
742 3314 797 3337 om
803 3315 858 3338 nes
877 3305 1092 3340 Henricianas

217 3350 470 3385 eonsuetudines
505 3352 540 3385 in
567 3353 743 3386 Senonenfi
773 3353 978 3389 Consistorio
1007 3354 1091 3390 Asta

218 3400 403 3440 continens,
413 3412 511 3444 quem
521 3402 584 3436 suis
595 3400 782 3437 Annalibus
794 3403 977 3438 Cardinalis
988 3404 1091 3440 Caesar

220 3446 379 3483 Batonius
392 3451 547 3493 inseruit,
572 3451 612 3486 ad
624 3450 714 3492 hunc
725 3454 894 3496 praesertim
915 3454 1090 3491 articulum

314 3498 426 3539 christ.
438 3505 518 3546 napi
528 3507 614 3546 oper.
626 3505 703 3537 Tam.
713 3504 767 3537 111.

1178 261 1277 297 habet
1299 275 1310 296 .·
1348 265 1409 295 Hoc
1431 264 1593 296 damnavit
1608 263 1716 306 sanlla
1742 264 1879 300 Romana
1903 268 2051 310 Ecclesia&

1177 313 1231 347 De
1249 311 1371 347 eisdem
1393 312 1434 347 ad
1458 313 1625 348 laudatum
1638 313 1836 349 Pontificem
1848 316 1957 351 scribit
1980 318 2050 360 ipse

1177 363 1308 406 Martyr
1319 362 1580 406 gloriofiffimus:
1608 367 1674 396 Nos
1692 367 1752 397 Deo
1763 363 1876 398 auuore
1889 378 2051 410 numquam

1172 413 1374 456 profitebimur
1396 412 1618 455 observantiam
1650 414 1769 447 illarum
1792 411 2050 457 consuetudinum,

1173 475 1240 505 quae
1265 461 1398 503 Ecclefiae
1422 465 1480 496 Dei
1485 470 1640 505 perimunt
1663 464 1852 504 libertatem,
1878 465 1964 498 Sedis
1978 470 2052 506 Apo-

1170 514 1276 554 stolicae
1289 513 1460 547 convellunt
1466 515 1664 557 privilegium
1678 538 1688 554 ‚
1715 515 1750 548 Θ
1769 515 1826 558 legi
1849 517 1907 548 Dei
1910 522 2054 556 patenter.

1171 562 1370 606 adversantur
1396 587 1407 604 ,
1451 565 1472 595 ἃ
1494 563 1601 605 quibus
1623 575 1675 596 nos
1696 566 1815 602 senonis·
1836 571 1880 596 in.
1893 565 2056 598 multorum

1170 612 1331 657 praesentia
1346 621 1402 655 per
1432 612 1559 653 vestram
1586 611 1813 656 misericordiam
1851 612 2016 658 abfhlvistis
2039 637 2054 655 ,

1171 663 1287 704 adjec‘lo
1301 686 1311 701 ,
1334 664 1414 705 quod
1429 665 1450 695 ἃ
1472 669 1612 697 memoria
1634 674 1692 696 non
1710 665 1839 697 'excidet
1852 688 1862 703 ‚
1889 667 1950 697 Deo
1971 662 2066 707 mfs‘ff.

1173 721 1257 746 rante
1270 738 1280 752 ‚
1306 713 1430 746 verbum
1450 713 1603 756 Apostolico
1623 712 1716 754 vestro
1736 724 1785 746 ore
1814 714 1956 757 dignum,
1981 719 2057 756 quia

1173 764 1245 796 ante*
1256 761 1421 796 deberemus
1432 769 1559 797 cervices
1564 762 1736 806 spiculatori
1748 762 1907 805 feriendas
1929 771 2057 805 expone!

1174 824 1205 846 re
1217 836 1228 852 ,
1253 824 1342 854 quam
1352 813 1461 846 talibus
1477 813 1687 854 pravitatibus
1708 811 1868 857 consentire
1882 837 1893 854 ,
1919 815 1954 847 Θ
1972 817 2058 855 turpi

1173 868 1337 896 commercio
1348 874 1446 896 rerum
1457 864 1663 905 temporalium
1687 872 1742 898 aut
1753 864 1906 898 aviditate
1926 864 2054 896 vivendi

1173 922 1274 945 curam
1301 913 1465 954 relinquere
1482 912 1660 955 pastoralem
1682 938 1689 946 .
1729 914 1772 948 Et
1805 914 1839 948 in
1872 913 1990 947 litteris
2013 910 2056 946 ad.

1173 960 1325 996 eumdem
1363 961 1562 997 Pontificem
1606 964 1746 1007 Joannes
1781 963 2024 999 Saresberienfis
2045 974 2054 994 ε
2075 983 2231 1024 Epist-2³0·

1173 1015 1270 1045 Unum
1286 1010 1368 1055 scio,
1394 1013 1474 1054 quod
1490 1019 1567 1046 citra
1586 1016 1715 1048 Divinae
1729 1018 1803 1059 legis
1832 1016 1980 1056 injuriam
2001 1024 2054 1046 eas

1173 1061 1393 1106 consuetudines
1406 1074 1463 1096 non
1473 1064 1558 1096 modo
1569 1062 1732 1106 Episcopus
1742 1088 1754 1103 ,
1774 1062 1833 1106 sed
1854 1074 1903 1097 nec
1915 1063 2061 1104 Christiae.

1175 1125 1231 1146 nus
1246 1118 1359 1155 poterit
1379 1110 1548 1155 observare.
1578 1113 1621 1147 Et
1649 1113 1684 1146 in
1710 1113 1826 1147 litteris
1851 1113 1894 1147 ad
1918 1113 2061 1147 Petrum
2075 1141 2093 1169 Ε
2116 1137 2214 1170 ish-U

1176 1164 1372 1206 Scriptorem
1385 1176 1396 1195 .·
1423 1165 1550 1196 Divinis
1559 1162 1674 1207 legibus
1701 1161 1912 1206 &sanderum
1925 1166 2059 1196 Parrum
2096 1148 2113 1177 p
2162 1160 2176 1167 ⁶
2219 1159 2226 1167 ⁸

1173 1211 1428 1256 consuetudinibus
1433 1215 1556 1256 penitus
1568 1210 1770 1256 adversantur
1782 1238 1789 1244 .
1816 1213 1862 1247 Et
1882 1214 1918 1247 in
1941 1212 2061 1247 litteris

1173 1262 1214 1297 ad
1225 1262 1399 1298 Albertum
1412 1264 1523 1297 sancho
1537 1264 1698 1298 Romanae
1719 1262 1870 1298 Ecclesiae
1891 1262 2060 1306 Presbyte-

1174 1323 1246 1346 rum
1258 1311 1488 1348 Cardinalem:
1514 1312 1749 1358 consuetudines
1762 1314 1824 1347 illae
1844 1315 1901 1357 legi
1926 1316 1985 1347 Dei
2001 1321 2061 1354 pa·
2077 1327 2237 1367 Epist-23¹,

1174 1371 1270 1397 tenter
1291 1361 1494 1407 adversantur
1511 1387 1524 1404 ‚
1566 1366 1652 1398 Sedis
1675 1364 1845 1407 Apostolicae
1861 1365 2064 1408 privilegium

1173 1415 1330 1454 diffluant,
1356 1415 1390 1446 <5
1406 1425 1489 1447 omne
1493 1417 1548 1454 jus
1575 1414 1824 1447 &auctoritatam
1846 1425 1965 1454 eorum,
1991 1423 2058 1454 quae

1166 1462 1300 1503 gerenda
1307 1459 1379 1502 sunt
1394 1468 1427 1494 in
1439 1461 1566 1503 Ecclesia
1576 1466 1633 1495 Dei
1646 1487 1656 1503 ‚
1682 1469 1716 1495 in
1733 1465 1888 1505 Principis
1907 1461 2061 1503 conferunt

1172 1511 1356 1543 voluntatem
1376 1535 1384 1542 .
1413 1512 1457 1544 Et
1479 1512 1514 1545 in
1539 1512 1686 1555 Epistola
1706 1512 1749 1547 ad
1772 1512 1952 1546 Ecclefiam
1972 1511 2062 1546 Can·
2079 1517 2235 1558 Epist.2s3.

1171 1561 1387 1594 tuariensem:
1417 1564 1580 1604 Numquid
1603 1563 1638 1595 (9⁶
1663 1574 1719 1596 vos
1740 1586 1750 1602 ,
1776 1561 1938 1603 infidelium
1960 1572 2062 1601 more,

1172 1610 1282 1642 dic‘luri
1303 1609 1368 1648 estis
1380 1634 1389 1649 ,
1416 1609 1529 1650 Christo
1550 1613 1659 1643 iterum
1678 1617 1818 1651 patiente
1838 1619 1895 1653 pro
1908 1609 2037 1652 Ecclesia
2049 1636 2061 1652 ,

1173 1659 1266 1694 NOS
1292 1658 1399 1693 NON
1426 1660 1463 1693 H
1476 1660 1508 1692 A
1520 1659 1548 1692 B
1561 1660 1589 1693 E
1602 1660 1642 1692 M
1654 1659 1694 1694 U
1706 1661 1727 1694 S
1754 1660 2060 1696 PONT1F1CEM.

1170 1706 1286 1743 AUT
1312 1708 1481 1742 ΡΑΡΛΜ
1511 1733 1522 1749 ,
1549 1709 1640 1744 NISI
1667 1709 1950 1744 CAESAREM?
1977 1711 2058 1745 Hoc

1170 1759 1259 1792 enim
1271 1758 1414 1792 omnino
1425 1758 1564 1799 dicunt,
1590 1770 1753 1802 quotquot
1774 1760 1891 1793 dicunt
1911 1761 1979 1793 fine
1994 1760 2060 1794 Re-

1169 1809 1220 1851 gis
1233 1809 1326 1841 venia
1340 1808 1484 1841 Romam
1498 1819 1565 1841 non
1577 1808 1666 1851 poffe
1683 1809 1838 1851 appellari
1866 1819 1923 1844 aut
1945 1820 2060 1844 evoca-

1169 1857 1215 1889 ri.
1243 1855 1432 1899 Apostolici
1445 1855 1610 1901 privilegii
1622 1869 1692 1901 pars
1705 1869 1826 1903 magna
1840 1860 1914 1893 sunt
1935 1860 2059 1894 Roma.-

1170 1917 1217 1939 nae
1238 1906 1472 1950 appellationes
1499 1918 1537 1941 ac
1559 1910 1770 1943 evocationes
1788 1922 1795 1942 :
1824 1910 1982 1957 Qisquis
2003 1922 2057 1944 eas

1169 1957 1291 1990 auferre
1312 1981 1322 1997 ‚
1361 1957 1513 1990 mutilare
1543 1981 1555 1997 ,
1591 1969 1647 1991 aut
1672 1959 1833 1992 laicorum
1864 1960 2057 2003 Principum

1169 2005 1270 2039 veniae
1283 2005 1437 2051 subjicere
1458 2015 1586 2046 tentat,
1615 2008 1741 2051 Regem
1765 2010 1953 2055 superponit
1970 2009 2056 2045 Pon·

1168 2053 1270 2095 tifici,
1301 2067 1502 2099 omnemque
1515 2058 1631 2091 evertit
1647 2057 1901 2093 Ecclesiasticam
1923 2060 2058 2105 Hieras«>

1167 2104 1277 2140 chiam
1289 2131 1296 2139 .
1328 2105 1373 2139 Et
1384 2105 1461 2140 hinc
1471 2106 1638 2142 Henricus
1649 2108 1810 2142 secundus
1822 2110 1894 2143 Rex
1905 2111 1976 2153 post
1991 2111 2056 2145 inis

1163 2165 1236 2190 ‘tam
1256 2166 1332 2190 cum
1353 2158 1468 2191 Sancto
1490 2154 1627 2192 Thoma
1657 2159 1894 2199 concordiam,
1918 2172 1956 2194 ac
1979 2171 2054 2204 prae-

1168 2206 1278 2241 sertim
1289 2206 1359 2249 post
1370 2205 1439 2249 ojus
1451 2206 1629 2251 gloriosam
1649 2218 1788 2243 mortem
1801 2233 1812 2249 ,
1837 2209 1872 2242 in
1898 2208 2051 2245 manibus

1168 2255 1341 2291 Theodini
1366 2268 1403 2290 ac
1418 2256 1548 2292 Alberti
1562 2282 1572 2298 ‚
1599 2259 1712 2293 sanstae
1725 2260 1884 2293 Romanae
1899 2260 2052 2295 Ecclefiae

1167 2305 1413 2348 Cardinalium⁴
1442 2306 1519 2341 fecit
1531 2306 1616 2341 hanc
1640 2308 1889 2352 professionem:
1918 2311 2048 2344 Illicitas

1165 2355 1385 2400 confite-tudines
1396 2381 1407 2397 ,
1432 2367 1508 2400 quas
1529 2359 1708 2400 temporibus
1733 2365 1807 2392 meis
1828 2365 1862 2393 in
1884 2369 1947 2393 tota
1966 2372 2050 2395 terra

1164 2417 1229 2439 mea
1239 2407 1418 2447 introduxi,
1440 2409 1561 2449 penitus
1573 2409 1661 2451 casso,
1686 2410 1768 2443 &ex
1781 2408 1832 2443 hoc
1856 2412 1980 2445 minime*
2002 2411 2049 2444 ob-

1158 2455 1280 2499 servari
1292 2458 1413 2490 decerno
1424 2481 1431 2488 .
1448 2458 1674 2500 *appellationes
1696 2461 1768 2493 vero
1781 2460 1824 2492 ad
1844 2461 1948 2501 Sedem
1974 2465 2050 2503 Apo-

1155 2506 1286 2546 stolicam
1308 2508 1346 2540 de
1369 2507 1586 2542 caeteroelibere
1599 2511 1667 2552 fieri
1678 2515 1857 2551 permittam
1869 2533 1879 2549 ,
1905 2512 1981 2544 &in
1997 2510 2047 2547 hot·

1162 2562 1309 2590 neminem
1314 2556 1492 2599 prohibebo.
1520 2558 1574 2592 Eo
1595 2568 1742 2602 tempore
1760 2559 1800 2594 ad
1823 2560 1937 2595 Sedem
1953 2560 1982 2594 A
1989 2573 2049 2605 po-

1161 2607 1308 2641 stolicam
1330 2607 1489 2651 appellare
1509 2618 1576 2642 erat
1603 2608 1638 2642 δε
1660 2609 1797 2653 seipsum
1823 2610 1855 2644 ὃς
1878 2612 1972 2644 suum
1992 2611 2045 2645 ad-

1162 2657 1332 2691 versarium
1361 2656 1401 2691 ad
1413 2657 1561 2692 eamdem
1573 2670 1729 2699 evocare,
1756 2660 1901 2703 adeoque
1922 2659 2043 2695 exinde

1163 2707 1321 2742 Romanae
1338 2707 1551 2742 Evocationis
1562 2708 1728 2743 liberfimo
1740 2710 1821 2752 pede
1831 2720 1887 2751 per
1906 2721 2041 2745 omnem

1163 2757 1319 2802 Angliam
1331 2757 1556 2793 ambularunt.
1586 2758 1764 2804 Indignum
1786 2758 1832 2793 est
1856 2759 1873 2791 a
1887 2759 2041 2793 Romana

1163 2807 1300 2842 Ecclesia
1313 2808 1505 2849 damnatos,
1529 2810 1563 2844 δε
1586 2809 1626 2842 ab
1641 2809 1712 2852 ipsis
1737 2807 1884 2851 Regibus
1904 2808 2040 2852 ejeratos

1159 2859 1313 2902 antiquos
1327 2858 1444 2893 abusus
1456 2860 1490 2892 in
1502 2859 1736 2893 hodiernorum
1751 2859 2039 2894 confirmationem

1157 2908 1199 2943 ab
1217 2908 1387 2953 Episcopis
1408 2907 1545 2944 adduci.

1208 2958 1326 3004 Longe
1336 2958 1451 2993 melius
1470 2960 1504 2994 in
1517 2957 1669 2993 eumdem
1683 2959 1868 2994 Henricum
1884 2959 2013 3005 Regem
2026 2985 2039 3002 ,

1157 3007 1253 3043 fimili
1275 3008 1512 3053 Hungarorutn
1537 3009 1570 3042 ὅ(
1593 3009 1777 3044 Siculorum
1802 3011 2040 3046 consuetudine

1157 3057 1269 3092 Edicta
1282 3058 1335 3105 sua
1347 3059 1574 3093 defendentem
1587 3082 1598 3098 ‚
1624 3059 1745 3102 scripsit
1756 3060 1795 3093 ad
1808 3059 2036 3096 Alexandrum

1158 3108 1288 3142 tertium
1299 3107 1496 3142 Pontificem
1516 3106 1662 3143 laudatus
1678 3109 1808 3152 Martyr
1819 3111 2034 3146 Cantuarien-

1155 3158 1212 3191 fis.
1242 3156 1367 3197 Frustra
1386 3157 1470 3190 nobis
1482 3181 1493 3197 ‚
1519 3157 1634 3192 andare
1647 3160 1791 3200 Domino,
1816 3162 1975 3194 siculorum
1997 3162 2033 3195 Θ

1157 3214 1366 3250 Hungarorum
1383 3215 1589 3249 proponuntur
1599 3210 1736 3250 exempla
1747 3235 1758 3251 ‚
1783 3222 1850 3253 quae
1872 3222 1926 3244 nos
1938 3216 1971 3244 in
1982 3213 2032 3245 die

1147 3256 1257 3295 judicii
1267 3257 1388 3290 minime
1405 3255 1600 3300 excusarent,
1619 3258 1649 3299 fi
1654 3267 1838 3298 tyrannorum
1858 3260 2029 3294 barbariem

1150 3306 1364 3347 praeferremus
1390 3306 1554 3349 apostolicis
1580 3308 1721 3350 institutis
1746 3334 1757 3350 ‚
1786 3313 1821 3345 ό·
1834 3308 2026 3354 saecularium

1154 3354 1339 3398 insolentiam
1345 3356 1523 3398 potestatum
1533 3360 1715 3392 crederemus
1721 3362 1822 3401 potius
1828 3360 1962 3402 formam
1974 3358 2027 3400 effe

1153 3406 1407 3448 vivendi‘xquam
1418 3405 1621 3449 testamentum
1631 3417 1777 3446 aternum
1789 3434 1801 3450 ‚
1826 3407 2027 3449 confirmatum

1147 3453 1294 3501 sanguine
1313 3455 1348 3491 ὀ*
1357 3464 1446 3491 morte
1452 3455 1508 3499 filii
1521 3460 1578 3493 Dei
1588 3482 1596 3490 .
1621 3458 1669 3494 Ea
1679 3459 1791 3494 omnia
1805 3458 1934 3501 Regum
1946 3455 2026 3491 Edi·

1558 3506 1587 3542 P
1612 3519 1634 3552 p
1926 3506 1977 3541 aa
