<?xml version="1.0" encoding="UTF-8"?>
<!DOCTYPE html PUBLIC "-//W3C//DTD XHTML 1.0 Transitional//EN"
    "http://www.w3.org/TR/xhtml1/DTD/xhtml1-transitional.dtd">
<html xmlns="http://www.w3.org/1999/xhtml" xml:lang="en" lang="en">
 <head>
  <title>
</title>
<meta http-equiv="Content-Type" content="text/html;charset=utf-8" />
  <meta name='ocr-system' content='tesseract 3.04.00' />
  <meta name='ocr-capabilities' content='ocr_page ocr_carea ocr_par ocr_line ocrx_word'/>
</head>
<body>
  <div class='ocr_page' id='page_1' title='image "./operaomniastudio03lupuuoft/operaomniastudio03lupuuoft_0411.png"; bbox 0 0 2340 3762; ppageno 0'>
   <div class='ocr_carea' id='block_1_1' title="bbox 677 126 1672 183">
    <p class='ocr_par' dir='ltr' id='par_1_1' title="bbox 677 126 1672 183">
     <span class='ocr_line' id='line_1_1' title="bbox 677 126 1672 183; baseline -0.003 -6"><span class='ocrx_word' id='word_1_1' title='bbox 677 149 743 179; x_wconf 75' lang='lat' dir='ltr'>Dc</span> <span class='ocrx_word' id='word_1_2' title='bbox 779 146 1018 179; x_wconf 68' lang='lat' dir='ltr'>oei-ava</span> <span class='ocrx_word' id='word_1_3' title='bbox 1054 131 1301 176; x_wconf 57' lang='lat' dir='ltr'>stu-ono</span> <span class='ocrx_word' id='word_1_4' title='bbox 1335 126 1672 183; x_wconf 57' lang='lat' dir='ltr'>Commu,</span> 
     </span>
    </p>
   </div>
   <div class='ocr_carea' id='block_1_2' title="bbox 1908 151 1997 196">
    <p class='ocr_par' dir='ltr' id='par_1_2' title="bbox 1908 151 1997 196">
     <span class='ocr_line' id='line_1_2' title="bbox 1908 151 1997 196; baseline 0 0"><span class='ocrx_word' id='word_1_5' title='bbox 1908 151 1997 196; x_wconf 74' lang='lat'>393</span> 
     </span>
    </p>
   </div>
   <div class='ocr_carea' id='block_1_3' title="bbox 248 209 2070 315">
    <p class='ocr_par' dir='ltr' id='par_1_3' title="bbox 248 209 2070 315">
     <span class='ocr_line' id='line_1_3' title="bbox 248 209 2070 269; baseline -0.002 -15"><span class='ocrx_word' id='word_1_6' title='bbox 248 222 469 268; x_wconf 55' lang='lat' dir='ltr'>fitisfabiionis</span> <span class='ocrx_word' id='word_1_7' title='bbox 488 217 608 263; x_wconf 69' lang='lat' dir='ltr'>fhlubre</span> <span class='ocrx_word' id='word_1_8' title='bbox 632 218 793 251; x_wconf 81' lang='lat' dir='ltr'>remedium</span> <span class='ocrx_word' id='word_1_9' title='bbox 818 242 825 249; x_wconf 94' lang='lat'><strong>.</strong></span> <span class='ocrx_word' id='word_1_10' title='bbox 854 215 986 250; x_wconf 75' lang='lat' dir='ltr'>Exinde</span> <span class='ocrx_word' id='word_1_11' title='bbox 1016 224 1132 249; x_wconf 90' lang='lat' dir='ltr'>omnes</span> <span class='ocrx_word' id='word_1_12' title='bbox 1194 210 1357 269; x_wconf 75' lang='lat' dir='ltr'>anathema</span> <span class='ocrx_word' id='word_1_13' title='bbox 1387 209 1442 252; x_wconf 86' lang='lat' dir='ltr'>fim</span> <span class='ocrx_word' id='word_1_14' title='bbox 1477 213 1500 244; x_wconf 62' lang='lat' dir='ltr'>a*</span> <span class='ocrx_word' id='word_1_15' title='bbox 1534 211 1648 251; x_wconf 79' lang='lat' dir='ltr'>Christo</span> <span class='ocrx_word' id='word_1_16' title='bbox 1662 238 1670 246; x_wconf 93' lang='lat'>.</span> <span class='ocrx_word' id='word_1_17' title='bbox 1711 216 1838 253; x_wconf 73' lang='lat' dir='ltr'>Eodem</span> <span class='ocrx_word' id='word_1_18' title='bbox 1860 223 1963 257; x_wconf 79' lang='lat' dir='ltr'>modo</span> <span class='ocrx_word' id='word_1_19' title='bbox 1998 223 2070 259; x_wconf 69' lang='lat' dir='ltr'>reli.</span> 
     </span>
     <span class='ocr_line' id='line_1_4' title="bbox 254 264 2068 315; baseline -0.004 -11"><span class='ocrx_word' id='word_1_20' title='bbox 254 271 434 315; x_wconf 87' lang='lat' dir='ltr'>Episcopos</span> <span class='ocrx_word' id='word_1_21' title='bbox 456 271 496 304; x_wconf 85' lang='lat' dir='ltr'>ad</span> <span class='ocrx_word' id='word_1_22' title='bbox 509 266 657 304; x_wconf 75' lang='lat' dir='ltr'>funditus</span> <span class='ocrx_word' id='word_1_23' title='bbox 676 264 1007 309; x_wconf 79' lang='lat' dir='ltr'>extirpandumesuis</span> <span class='ocrx_word' id='word_1_24' title='bbox 1020 265 1129 301; x_wconf 86' lang='lat' dir='ltr'>Eccle-</span> <span class='ocrx_word' id='word_1_25' title='bbox 1194 274 1249 305; x_wconf 80' lang='lat' dir='ltr'>qui</span> <span class='ocrx_word' id='word_1_26' title='bbox 1269 271 1384 294; x_wconf 85' lang='lat' dir='ltr'>omnes</span> <span class='ocrx_word' id='word_1_27' title='bbox 1400 266 1522 304; x_wconf 80' lang='lat' dir='ltr'>proprio</span> <span class='ocrx_word' id='word_1_28' title='bbox 1543 273 1591 294; x_wconf 88' lang='lat' dir='ltr'>ore</span> <span class='ocrx_word' id='word_1_29' title='bbox 1598 270 1654 302; x_wconf 90' lang='lat' dir='ltr'>per</span> <span class='ocrx_word' id='word_1_30' title='bbox 1667 269 1773 299; x_wconf 78' lang='lat' dir='ltr'>vivam</span> <span class='ocrx_word' id='word_1_31' title='bbox 1782 269 2042 307; x_wconf 66' lang='lat' dir='ltr'>vocmdixemnt</span> <span class='ocrx_word' id='word_1_32' title='bbox 2055 298 2068 315; x_wconf 52' lang='lat'>⁸</span> 
     </span>
    </p>
   </div>
   <div class='ocr_carea' id='block_1_4' title="bbox 181 317 1130 1906">
    <p class='ocr_par' dir='ltr' id='par_1_4' title="bbox 181 317 1130 1906">
     <span class='ocr_line' id='line_1_5' title="bbox 252 317 1129 361; baseline -0.007 -8"><span class='ocrx_word' id='word_1_33' title='bbox 252 321 306 354; x_wconf 85' lang='lat' dir='ltr'>siis</span> <span class='ocrx_word' id='word_1_34' title='bbox 326 320 537 355; x_wconf 82' lang='lat' dir='ltr'>&amp;territoriis</span> <span class='ocrx_word' id='word_1_35' title='bbox 556 319 687 361; x_wconf 78' lang='lat' dir='ltr'>praesens</span> <span class='ocrx_word' id='word_1_36' title='bbox 700 317 854 354; x_wconf 86' lang='lat' dir='ltr'>schisma,</span> <span class='ocrx_word' id='word_1_37' title='bbox 881 317 1058 358; x_wconf 83' lang='lat' dir='ltr'>omnesque</span> <span class='ocrx_word' id='word_1_38' title='bbox 1078 325 1129 359; x_wconf 87' lang='lat' dir='ltr'>ge-</span> 
     </span>
     <span class='ocr_line' id='line_1_6' title="bbox 253 366 1129 409; baseline -0.005 -7"><span class='ocrx_word' id='word_1_39' title='bbox 253 371 404 405; x_wconf 85' lang='lat' dir='ltr'>neraliter</span> <span class='ocrx_word' id='word_1_40' title='bbox 415 382 536 405; x_wconf 83' lang='lat' dir='ltr'>errores</span> <span class='ocrx_word' id='word_1_41' title='bbox 557 369 592 402; x_wconf 86' lang='lat'>&amp;</span> <span class='ocrx_word' id='word_1_42' title='bbox 605 367 733 400; x_wconf 72' lang='lat' dir='ltr'>haereses</span> <span class='ocrx_word' id='word_1_43' title='bbox 743 390 753 406; x_wconf 94' lang='lat'>‚</span> <span class='ocrx_word' id='word_1_44' title='bbox 779 378 817 400; x_wconf 91' lang='lat' dir='ltr'>ac</span> <span class='ocrx_word' id='word_1_45' title='bbox 828 366 1014 409; x_wconf 67' lang='lat' dir='ltr'>praesentem</span> <span class='ocrx_word' id='word_1_46' title='bbox 1026 366 1129 407; x_wconf 88' lang='lat' dir='ltr'>Syno-</span> 
     </span>
     <span class='ocr_line' id='line_1_7' title="bbox 251 415 1130 464; baseline -0.01 -10"><span class='ocrx_word' id='word_1_47' title='bbox 251 420 332 455; x_wconf 86' lang='lat' dir='ltr'>dum</span> <span class='ocrx_word' id='word_1_48' title='bbox 342 421 468 464; x_wconf 77' lang='lat' dir='ltr'>integre</span> <span class='ocrx_word' id='word_1_49' title='bbox 479 415 704 463; x_wconf 82' lang='lat' dir='ltr'>exequendam</span> <span class='ocrx_word' id='word_1_50' title='bbox 725 418 760 452; x_wconf 91' lang='lat'>&amp;</span> <span class='ocrx_word' id='word_1_51' title='bbox 770 415 1005 453; x_wconf 79' lang='lat' dir='ltr'>observandam</span> <span class='ocrx_word' id='word_1_52' title='bbox 1025 415 1071 450; x_wconf 89' lang='lat' dir='ltr'>est</span> <span class='ocrx_word' id='word_1_53' title='bbox 1084 425 1130 448; x_wconf 87' lang='lat' dir='ltr'>re.-</span> 
     </span>
     <span class='ocr_line' id='line_1_8' title="bbox 249 464 1128 515; baseline -0.009 -11"><span class='ocrx_word' id='word_1_54' title='bbox 249 469 448 515; x_wconf 77' lang='lat' dir='ltr'>ligiosiffime</span> <span class='ocrx_word' id='word_1_55' title='bbox 459 468 666 504; x_wconf 77' lang='lat' dir='ltr'>adhortatus.</span> <span class='ocrx_word' id='word_1_56' title='bbox 695 467 740 501; x_wconf 89' lang='lat' dir='ltr'>Et</span> <span class='ocrx_word' id='word_1_57' title='bbox 751 466 877 503; x_wconf 74' lang='lat' dir='ltr'>rursum</span> <span class='ocrx_word' id='word_1_58' title='bbox 886 464 1012 501; x_wconf 82' lang='lat' dir='ltr'>edixit:</span> <span class='ocrx_word' id='word_1_59' title='bbox 1038 466 1128 497; x_wconf 86' lang='lat' dir='ltr'>Dicat</span> 
     </span>
     <span class='ocr_line' id='line_1_9' title="bbox 250 512 1127 563; baseline -0.008 -10"><span class='ocrx_word' id='word_1_60' title='bbox 250 531 327 553; x_wconf 83' lang='lat' dir='ltr'>nunc</span> <span class='ocrx_word' id='word_1_61' title='bbox 347 526 517 563; x_wconf 83' lang='lat' dir='ltr'>quicumque</span> <span class='ocrx_word' id='word_1_62' title='bbox 539 522 661 552; x_wconf 86' lang='lat' dir='ltr'>voluerit</span> <span class='ocrx_word' id='word_1_63' title='bbox 672 529 710 550; x_wconf 80' lang='lat' dir='ltr'>ex</span> <span class='ocrx_word' id='word_1_64' title='bbox 729 515 903 560; x_wconf 72' lang='lat' dir='ltr'>sedentibus</span> <span class='ocrx_word' id='word_1_65' title='bbox 916 520 948 548; x_wconf 85' lang='lat' dir='ltr'>in</span> <span class='ocrx_word' id='word_1_66' title='bbox 959 512 1127 556; x_wconf 69' lang='lat' dir='ltr'>bacsandla</span> 
     </span>
     <span class='ocr_line' id='line_1_10' title="bbox 249 563 1125 613; baseline -0.007 -10"><span class='ocrx_word' id='word_1_67' title='bbox 249 571 284 603; x_wconf 64' lang='grc' dir='ltr'>Θ</span> <span class='ocrx_word' id='word_1_68' title='bbox 295 568 456 613; x_wconf 82' lang='lat' dir='ltr'>universali</span> <span class='ocrx_word' id='word_1_69' title='bbox 467 571 574 608; x_wconf 78' lang='lat' dir='ltr'>synodo</span> <span class='ocrx_word' id='word_1_70' title='bbox 584 595 594 610; x_wconf 94' lang='lat'>‚</span> <span class='ocrx_word' id='word_1_71' title='bbox 621 572 653 600; x_wconf 86' lang='lat' dir='ltr'>in</span> <span class='ocrx_word' id='word_1_72' title='bbox 665 578 720 610; x_wconf 89' lang='lat' dir='ltr'>quo</span> <span class='ocrx_word' id='word_1_73' title='bbox 730 566 844 607; x_wconf 83' lang='lat' dir='ltr'>istorum</span> <span class='ocrx_word' id='word_1_74' title='bbox 855 564 966 606; x_wconf 84' lang='lat' dir='ltr'>baefitet</span> <span class='ocrx_word' id='word_1_75' title='bbox 977 565 1028 601; x_wconf 83' lang='lat' dir='ltr'>vel</span> <span class='ocrx_word' id='word_1_76' title='bbox 1036 563 1125 597; x_wconf 86' lang='lat' dir='ltr'>ambi-</span> 
     </span>
     <span class='ocr_line' id='line_1_11' title="bbox 245 615 1124 664; baseline -0.008 -12"><span class='ocrx_word' id='word_1_77' title='bbox 245 628 303 664; x_wconf 85' lang='lat' dir='ltr'>gat</span> <span class='ocrx_word' id='word_1_78' title='bbox 312 645 324 661; x_wconf 89' lang='lat'>,</span> <span class='ocrx_word' id='word_1_79' title='bbox 348 630 414 661; x_wconf 82' lang='lat' dir='ltr'>quae</span> <span class='ocrx_word' id='word_1_80' title='bbox 425 631 501 653; x_wconf 85' lang='lat' dir='ltr'>nunc</span> <span class='ocrx_word' id='word_1_81' title='bbox 513 616 665 660; x_wconf 77' lang='lat' dir='ltr'>lec¹lasunt</span> <span class='ocrx_word' id='word_1_82' title='bbox 677 642 684 649; x_wconf 90' lang='lat'><strong>.</strong></span> <span class='ocrx_word' id='word_1_83' title='bbox 712 617 756 650; x_wconf 90' lang='lat' dir='ltr'>Et</span> <span class='ocrx_word' id='word_1_84' title='bbox 768 617 877 650; x_wconf 75' lang='lat' dir='ltr'>cunsti</span> <span class='ocrx_word' id='word_1_85' title='bbox 888 615 1124 651; x_wconf 82' lang='lat' dir='ltr'>exclamarunt:</span> 
     </span>
     <span class='ocr_line' id='line_1_12' title="bbox 249 663 1123 712; baseline -0.009 -10"><span class='ocrx_word' id='word_1_86' title='bbox 249 670 517 711; x_wconf 80' lang='lat' dir='ltr'>Omnibusplacent</span> <span class='ocrx_word' id='word_1_87' title='bbox 531 682 598 712; x_wconf 83' lang='lat' dir='ltr'>quae</span> <span class='ocrx_word' id='word_1_88' title='bbox 614 667 690 700; x_wconf 68' lang='lat' dir='ltr'>lelia</span> <span class='ocrx_word' id='word_1_89' title='bbox 695 666 768 709; x_wconf 86' lang='lat' dir='ltr'>[unt</span> <span class='ocrx_word' id='word_1_90' title='bbox 780 691 791 705; x_wconf 90' lang='lat'>,</span> <span class='ocrx_word' id='word_1_91' title='bbox 818 677 918 700; x_wconf 81' lang='lat' dir='ltr'>omnes</span> <span class='ocrx_word' id='word_1_92' title='bbox 938 663 1046 707; x_wconf 79' lang='lat' dir='ltr'>eisdem</span> <span class='ocrx_word' id='word_1_93' title='bbox 1058 663 1123 706; x_wconf 76' lang='lat' dir='ltr'>ipsis</span> 
     </span>
     <span class='ocr_line' id='line_1_13' title="bbox 247 715 1109 769; baseline -0.006 -18"><span class='ocrx_word' id='word_1_94' title='bbox 247 720 454 754; x_wconf 80' lang='lat' dir='ltr'><em>concordamus</em></span> <span class='ocrx_word' id='word_1_95' title='bbox 466 744 477 761; x_wconf 91' lang='lat'>‚</span> <span class='ocrx_word' id='word_1_96' title='bbox 503 731 599 752; x_wconf 87' lang='lat' dir='ltr'>omnes</span> <span class='ocrx_word' id='word_1_97' title='bbox 611 717 733 758; x_wconf 79' lang='lat' dir='ltr'>libenter</span> <span class='ocrx_word' id='word_1_98' title='bbox 738 715 945 760; x_wconf 66' lang='lat' dir='ltr'>subscribimus</span> <span class='ocrx_word' id='word_1_99' title='bbox 957 740 964 747; x_wconf 95' lang='lat'>.</span> <span class='ocrx_word' id='word_1_100' title='bbox 1102 762 1109 769; x_wconf 42' lang='lat'>.</span> 
     </span>
     <span class='ocr_line' id='line_1_14' title="bbox 299 763 1122 814; baseline -0.006 -11"><span class='ocrx_word' id='word_1_101' title='bbox 299 769 461 814; x_wconf 82' lang='lat' dir='ltr'>Principis</span> <span class='ocrx_word' id='word_1_102' title='bbox 471 771 573 813; x_wconf 86' lang='lat' dir='ltr'>pietas</span> <span class='ocrx_word' id='word_1_103' title='bbox 583 767 664 803; x_wconf 77' lang='lat' dir='ltr'>mire</span> <span class='ocrx_word' id='word_1_104' title='bbox 674 767 796 810; x_wconf 84' lang='lat' dir='ltr'>placuit</span> <span class='ocrx_word' id='word_1_105' title='bbox 814 766 946 811; x_wconf 79' lang='lat' dir='ltr'>Legatis</span> <span class='ocrx_word' id='word_1_106' title='bbox 959 763 1122 808; x_wconf 75' lang='lat' dir='ltr'>Apostoli—</span> 
     </span>
     <span class='ocr_line' id='line_1_15' title="bbox 247 815 1122 863; baseline -0.01 -9"><span class='ocrx_word' id='word_1_107' title='bbox 247 821 315 860; x_wconf 88' lang='lat' dir='ltr'>cis,</span> <span class='ocrx_word' id='word_1_108' title='bbox 343 820 482 863; x_wconf 76' lang='lat' dir='ltr'>ideoque</span> <span class='ocrx_word' id='word_1_109' title='bbox 492 820 533 853; x_wconf 91' lang='lat' dir='ltr'>de</span> <span class='ocrx_word' id='word_1_110' title='bbox 551 817 794 860; x_wconf 78' lang='lat' dir='ltr'>subscriptionis</span> <span class='ocrx_word' id='word_1_111' title='bbox 806 815 922 850; x_wconf 83' lang='lat' dir='ltr'>ordine</span> <span class='ocrx_word' id='word_1_112' title='bbox 942 816 1015 847; x_wconf 91' lang='lat' dir='ltr'>sunt</span> <span class='ocrx_word' id='word_1_113' title='bbox 1027 815 1122 846; x_wconf 88' lang='lat' dir='ltr'>inter-</span> 
     </span>
     <span class='ocr_line' id='line_1_16' title="bbox 248 860 1122 908; baseline -0.014 -5"><span class='ocrx_word' id='word_1_114' title='bbox 248 869 353 903; x_wconf 83' lang='lat' dir='ltr'>locuti</span> <span class='ocrx_word' id='word_1_115' title='bbox 379 882 386 902; x_wconf 87' lang='lat'>:</span> <span class='ocrx_word' id='word_1_116' title='bbox 415 871 572 907; x_wconf 87' lang='lat' dir='ltr'><em>Volumus,</em></span> <span class='ocrx_word' id='word_1_117' title='bbox 596 877 630 901; x_wconf 87' lang='lat' dir='ltr'>ut</span> <span class='ocrx_word' id='word_1_118' title='bbox 644 865 832 908; x_wconf 86' lang='lat' dir='ltr'>subscribant</span> <span class='ocrx_word' id='word_1_119' title='bbox 849 864 991 905; x_wconf 74' lang='lat' dir='ltr'>primitus</span> <span class='ocrx_word' id='word_1_120' title='bbox 1015 860 1122 900; x_wconf 86' lang='lat' dir='ltr'>Christi</span> 
     </span>
     <span class='ocr_line' id='line_1_17' title="bbox 245 909 1121 957; baseline -0.008 -7"><span class='ocrx_word' id='word_1_121' title='bbox 245 926 394 955; x_wconf 75' lang='lat' dir='ltr'>arnatores</span> <span class='ocrx_word' id='word_1_122' title='bbox 420 923 642 957; x_wconf 75' lang='lat' dir='ltr'>Imperatores,</span> <span class='ocrx_word' id='word_1_123' title='bbox 668 915 804 948; x_wconf 82' lang='lat' dir='ltr'>Bafilius</span> <span class='ocrx_word' id='word_1_124' title='bbox 824 923 862 946; x_wconf 86' lang='lat' dir='ltr'>ac</span> <span class='ocrx_word' id='word_1_125' title='bbox 872 913 939 955; x_wconf 79' lang='lat' dir='ltr'>ejus</span> <span class='ocrx_word' id='word_1_126' title='bbox 963 910 1023 944; x_wconf 85' lang='lat' dir='ltr'>filii</span> <span class='ocrx_word' id='word_1_127' title='bbox 1035 909 1121 944; x_wconf 90' lang='lat' dir='ltr'>Con-</span> 
     </span>
     <span class='ocr_line' id='line_1_18' title="bbox 243 961 1122 1006; baseline -0.008 -6"><span class='ocrx_word' id='word_1_128' title='bbox 243 966 405 1000; x_wconf 67' lang='lat' dir='ltr'>nantinus</span> <span class='ocrx_word' id='word_1_129' title='bbox 430 967 466 1001; x_wconf 72' lang='grc' dir='ltr'>ὃς</span> <span class='ocrx_word' id='word_1_130' title='bbox 485 965 558 1000; x_wconf 87' lang='lat' dir='ltr'>Leo</span> <span class='ocrx_word' id='word_1_131' title='bbox 574 989 586 1006; x_wconf 89' lang='lat'>,</span> <span class='ocrx_word' id='word_1_132' title='bbox 620 975 655 999; x_wconf 84' lang='lat' dir='ltr'>ac</span> <span class='ocrx_word' id='word_1_133' title='bbox 679 964 787 1001; x_wconf 65' lang='lat' dir='ltr'>deinde</span> <span class='ocrx_word' id='word_1_134' title='bbox 804 961 965 1005; x_wconf 71' lang='lat' dir='ltr'>secundum</span> <span class='ocrx_word' id='word_1_135' title='bbox 989 962 1122 994; x_wconf 85' lang='lat' dir='ltr'>ordinem</span> 
     </span>
     <span class='ocr_line' id='line_1_19' title="bbox 238 1011 1119 1060; baseline -0.007 -11"><span class='ocrx_word' id='word_1_136' title='bbox 238 1015 350 1060; x_wconf 57' lang='lat' dir='ltr'>sanda</span> <span class='ocrx_word' id='word_1_137' title='bbox 375 1015 439 1049; x_wconf 76' lang='lat' dir='ltr'>haec</span> <span class='ocrx_word' id='word_1_138' title='bbox 463 1017 592 1054; x_wconf 76' lang='lat' dir='ltr'><em>synodus</em></span> <span class='ocrx_word' id='word_1_139' title='bbox 617 1040 625 1047; x_wconf 92' lang='lat'>.</span> <span class='ocrx_word' id='word_1_140' title='bbox 652 1012 815 1057; x_wconf 85' lang='lat' dir='ltr'>Reposuit</span> <span class='ocrx_word' id='word_1_141' title='bbox 840 1012 918 1047; x_wconf 76' lang='lat' dir='ltr'>vero</span> <span class='ocrx_word' id='word_1_142' title='bbox 942 1011 1119 1054; x_wconf 84' lang='lat' dir='ltr'>Princeps:</span> 
     </span>
     <span class='ocr_line' id='line_1_20' title="bbox 245 1061 1121 1113; baseline -0.006 -15"><span class='ocrx_word' id='word_1_143' title='bbox 245 1067 525 1108; x_wconf 82' lang='lat' dir='ltr'>Tranquillifflmum</span> <span class='ocrx_word' id='word_1_144' title='bbox 535 1070 695 1107; x_wconf 78' lang='lat' dir='ltr'>Imperium</span> <span class='ocrx_word' id='word_1_145' title='bbox 705 1063 828 1113; x_wconf 81' lang='lat' dir='ltr'>nostrum</span> <span class='ocrx_word' id='word_1_146' title='bbox 837 1086 849 1102; x_wconf 91' lang='lat'>,</span> <span class='ocrx_word' id='word_1_147' title='bbox 867 1061 999 1106; x_wconf 88' lang='lat' dir='ltr'>secutum</span> <span class='ocrx_word' id='word_1_148' title='bbox 1009 1070 1121 1103; x_wconf 71' lang='lat' dir='ltr'>prace-</span> 
     </span>
     <span class='ocr_line' id='line_1_21' title="bbox 244 1112 1120 1158; baseline -0.009 -8"><span class='ocrx_word' id='word_1_149' title='bbox 244 1116 350 1150; x_wconf 80' lang='lat' dir='ltr'>dentes</span> <span class='ocrx_word' id='word_1_150' title='bbox 376 1118 410 1150; x_wconf 59' lang='grc' dir='ltr'>ὃ·</span> <span class='ocrx_word' id='word_1_151' title='bbox 423 1116 582 1158; x_wconf 73' lang='lat' dir='ltr'>justiffimos</span> <span class='ocrx_word' id='word_1_152' title='bbox 596 1120 789 1157; x_wconf 78' lang='lat' dir='ltr'>Imperatores</span> <span class='ocrx_word' id='word_1_153' title='bbox 800 1138 811 1154; x_wconf 94' lang='lat'>,</span> <span class='ocrx_word' id='word_1_154' title='bbox 837 1112 1062 1152; x_wconf 84' lang='lat' dir='ltr'>Constantinum</span> <span class='ocrx_word' id='word_1_155' title='bbox 1074 1116 1120 1144; x_wconf 85' lang='lat' dir='ltr'>vi-</span> 
     </span>
     <span class='ocr_line' id='line_1_22' title="bbox 243 1163 1118 1209; baseline -0.007 -10"><span class='ocrx_word' id='word_1_156' title='bbox 243 1167 348 1199; x_wconf 77' lang='lat' dir='ltr'>delicet</span> <span class='ocrx_word' id='word_1_157' title='bbox 368 1177 509 1209; x_wconf 84' lang='lat' dir='ltr'>magnum</span> <span class='ocrx_word' id='word_1_158' title='bbox 533 1191 544 1207; x_wconf 89' lang='lat'>,</span> <span class='ocrx_word' id='word_1_159' title='bbox 570 1167 603 1200; x_wconf 67' lang='lat'>(¹5</span> <span class='ocrx_word' id='word_1_160' title='bbox 624 1163 828 1206; x_wconf 77' lang='lat' dir='ltr'>Theodosium,</span> <span class='ocrx_word' id='word_1_161' title='bbox 855 1165 890 1198; x_wconf 69' lang='lat'>(9⁹</span> <span class='ocrx_word' id='word_1_162' title='bbox 912 1166 1118 1202; x_wconf 80' lang='lat' dir='ltr'>Marcianum,</span> 
     </span>
     <span class='ocr_line' id='line_1_23' title="bbox 243 1211 1120 1260; baseline -0.007 -11"><span class='ocrx_word' id='word_1_163' title='bbox 243 1217 429 1254; x_wconf 65' lang='lat' dir='ltr'>(ammos,</span> <span class='ocrx_word' id='word_1_164' title='bbox 455 1218 521 1250; x_wconf 84' lang='lat' dir='ltr'>vult</span> <span class='ocrx_word' id='word_1_165' title='bbox 539 1215 715 1260; x_wconf 71' lang='lat' dir='ltr'>subscribere</span> <span class='ocrx_word' id='word_1_166' title='bbox 732 1213 796 1257; x_wconf 89' lang='lat' dir='ltr'>post</span> <span class='ocrx_word' id='word_1_167' title='bbox 802 1211 1041 1256; x_wconf 75' lang='lat' dir='ltr'>subscriptionem</span> <span class='ocrx_word' id='word_1_168' title='bbox 1063 1222 1120 1243; x_wconf 85' lang='lat' dir='ltr'>om-</span> 
     </span>
     <span class='ocr_line' id='line_1_24' title="bbox 241 1264 1118 1308; baseline -0.006 -10"><span class='ocrx_word' id='word_1_169' title='bbox 241 1270 326 1298; x_wconf 81' lang='lat' dir='ltr'>nium</span> <span class='ocrx_word' id='word_1_170' title='bbox 338 1267 398 1299; x_wconf 86' lang='lat' dir='ltr'>Deo</span> <span class='ocrx_word' id='word_1_171' title='bbox 418 1266 590 1299; x_wconf 76' lang='lat' dir='ltr'>amabilium</span> <span class='ocrx_word' id='word_1_172' title='bbox 604 1264 831 1308; x_wconf 67' lang='lat' dir='ltr'>Episcoporum.</span> <span class='ocrx_word' id='word_1_173' title='bbox 857 1265 915 1297; x_wconf 69' lang='lat' dir='ltr'>Soti</span> <span class='ocrx_word' id='word_1_174' title='bbox 923 1267 1061 1305; x_wconf 84' lang='lat' dir='ltr'>quoniam</span> <span class='ocrx_word' id='word_1_175' title='bbox 1067 1269 1118 1303; x_wconf 87' lang='lat' dir='ltr'>po-</span> 
     </span>
     <span class='ocr_line' id='line_1_25' title="bbox 234 1311 1118 1358; baseline -0.007 -9"><span class='ocrx_word' id='word_1_176' title='bbox 234 1314 328 1357; x_wconf 75' lang='lat' dir='ltr'>stulat</span> <span class='ocrx_word' id='word_1_177' title='bbox 333 1315 476 1358; x_wconf 76' lang='lat' dir='ltr'>praefhrri</span> <span class='ocrx_word' id='word_1_178' title='bbox 486 1327 538 1349; x_wconf 86' lang='lat' dir='ltr'>nos</span> <span class='ocrx_word' id='word_1_179' title='bbox 549 1317 701 1350; x_wconf 67' lang='lat' dir='ltr'>sanHitas</span> <span class='ocrx_word' id='word_1_180' title='bbox 714 1314 813 1354; x_wconf 83' lang='lat' dir='ltr'>vestra</span> <span class='ocrx_word' id='word_1_181' title='bbox 826 1337 837 1354; x_wconf 86' lang='lat'>‚</span> <span class='ocrx_word' id='word_1_182' title='bbox 859 1311 1039 1356; x_wconf 73' lang='lat' dir='ltr'>subfitribam</span> <span class='ocrx_word' id='word_1_183' title='bbox 1055 1311 1118 1353; x_wconf 84' lang='lat' dir='ltr'>post</span> 
     </span>
     <span class='ocr_line' id='line_1_26' title="bbox 237 1363 1117 1409; baseline -0.007 -11"><span class='ocrx_word' id='word_1_184' title='bbox 237 1363 485 1408; x_wconf 70' lang='lat' dir='ltr'>subscriptionem</span> <span class='ocrx_word' id='word_1_185' title='bbox 511 1371 638 1401; x_wconf 86' lang='lat' dir='ltr'>omnium</span> <span class='ocrx_word' id='word_1_186' title='bbox 655 1364 894 1409; x_wconf 56' lang='lat' dir='ltr'>sandiffimorum</span> <span class='ocrx_word' id='word_1_187' title='bbox 919 1367 1117 1397; x_wconf 74' lang='lat' dir='ltr'>Vitariorum.</span> 
     </span>
     <span class='ocr_line' id='line_1_27' title="bbox 238 1410 1119 1459; baseline -0.003 -13"><span class='ocrx_word' id='word_1_188' title='bbox 238 1415 351 1448; x_wconf 73' lang='lat' dir='ltr'>Edoeii</span> <span class='ocrx_word' id='word_1_189' title='bbox 359 1421 439 1449; x_wconf 80' lang='lat' dir='ltr'>enim</span> <span class='ocrx_word' id='word_1_190' title='bbox 455 1416 590 1459; x_wconf 75' lang='lat' dir='ltr'>sumusa</span> <span class='ocrx_word' id='word_1_191' title='bbox 602 1415 714 1456; x_wconf 76' lang='lat' dir='ltr'>christo</span> <span class='ocrx_word' id='word_1_192' title='bbox 728 1426 798 1449; x_wconf 78' lang='lat' dir='ltr'>vero</span> <span class='ocrx_word' id='word_1_193' title='bbox 818 1416 879 1448; x_wconf 91' lang='lat' dir='ltr'>Deo</span> <span class='ocrx_word' id='word_1_194' title='bbox 900 1412 992 1453; x_wconf 87' lang='lat' dir='ltr'>nostro</span> <span class='ocrx_word' id='word_1_195' title='bbox 1011 1410 1119 1444; x_wconf 78' lang='lat' dir='ltr'>babere</span> 
     </span>
     <span class='ocr_line' id='line_1_28' title="bbox 238 1460 1120 1499; baseline -0.006 -2"><span class='ocrx_word' id='word_1_196' title='bbox 238 1466 428 1499; x_wconf 78' lang='lat' dir='ltr'>exultantem</span> <span class='ocrx_word' id='word_1_197' title='bbox 449 1466 664 1499; x_wconf 73' lang='lat' dir='ltr'>bumilitatem.</span> <span class='ocrx_word' id='word_1_198' title='bbox 692 1465 738 1498; x_wconf 90' lang='lat' dir='ltr'>Et</span> <span class='ocrx_word' id='word_1_199' title='bbox 759 1463 805 1496; x_wconf 71' lang='lat' dir='ltr'>ita.</span> <span class='ocrx_word' id='word_1_200' title='bbox 826 1463 890 1496; x_wconf 88' lang='lat' dir='ltr'>fuit</span> <span class='ocrx_word' id='word_1_201' title='bbox 909 1460 1052 1495; x_wconf 75' lang='lat' dir='ltr'>omnino</span> <span class='ocrx_word' id='word_1_202' title='bbox 1075 1461 1120 1492; x_wconf 85' lang='lat' dir='ltr'>fa·</span> 
     </span>
     <span class='ocr_line' id='line_1_29' title="bbox 238 1509 1117 1557; baseline -0.008 -9"><span class='ocrx_word' id='word_1_203' title='bbox 238 1515 325 1548; x_wconf 65' lang='lat' dir='ltr'>&amp;um</span> <span class='ocrx_word' id='word_1_204' title='bbox 340 1539 347 1546; x_wconf 85' lang='lat'><strong>.</strong></span> <span class='ocrx_word' id='word_1_205' title='bbox 372 1514 451 1547; x_wconf 87' lang='lat' dir='ltr'>Post</span> <span class='ocrx_word' id='word_1_206' title='bbox 463 1514 677 1557; x_wconf 84' lang='lat' dir='ltr'>Apostolicos</span> <span class='ocrx_word' id='word_1_207' title='bbox 691 1513 833 1557; x_wconf 85' lang='lat' dir='ltr'>Legatos</span> <span class='ocrx_word' id='word_1_208' title='bbox 843 1512 965 1554; x_wconf 78' lang='lat' dir='ltr'>semper</span> <span class='ocrx_word' id='word_1_209' title='bbox 985 1509 1068 1543; x_wconf 88' lang='lat' dir='ltr'>sedit</span> <span class='ocrx_word' id='word_1_210' title='bbox 1080 1519 1117 1542; x_wconf 82' lang='lat' dir='ltr'>ac</span> 
     </span>
     <span class='ocr_line' id='line_1_30' title="bbox 237 1560 1117 1606; baseline -0.007 -10"><span class='ocrx_word' id='word_1_211' title='bbox 237 1563 420 1606; x_wconf 81' lang='lat' dir='ltr'>subscripsit</span> <span class='ocrx_word' id='word_1_212' title='bbox 460 1562 645 1598; x_wconf 82' lang='lat' dir='ltr'>Patriarcha</span> <span class='ocrx_word' id='word_1_213' title='bbox 677 1562 823 1606; x_wconf 81' lang='lat' dir='ltr'>ignatius</span> <span class='ocrx_word' id='word_1_214' title='bbox 858 1571 933 1594; x_wconf 90' lang='lat' dir='ltr'>ante</span> <span class='ocrx_word' id='word_1_215' title='bbox 976 1560 1117 1601; x_wconf 85' lang='lat' dir='ltr'>Legatos</span> 
     </span>
     <span class='ocr_line' id='line_1_31' title="bbox 181 1604 1115 1653; baseline -0.006 -7"><span class='ocrx_word' id='word_1_216' title='bbox 181 1632 184 1633; x_wconf 31' lang='grc' dir='ltr'><em>ν</em></span> <span class='ocrx_word' id='word_1_217' title='bbox 237 1604 391 1653; x_wconf 68' lang='lat' dir='ltr'>Ecclesia:</span> <span class='ocrx_word' id='word_1_218' title='bbox 400 1612 633 1646; x_wconf 65' lang='lat' dir='ltr'>Alexandrina</span> <span class='ocrx_word' id='word_1_219' title='bbox 651 1613 684 1647; x_wconf 74' lang='grc' dir='ltr'>δε</span> <span class='ocrx_word' id='word_1_220' title='bbox 696 1609 933 1646; x_wconf 82' lang='lat' dir='ltr'>Antiochenae:</span> <span class='ocrx_word' id='word_1_221' title='bbox 960 1607 1038 1641; x_wconf 84' lang='lat' dir='ltr'>Erat</span> <span class='ocrx_word' id='word_1_222' title='bbox 1049 1607 1115 1640; x_wconf 91' lang='lat' dir='ltr'>Ro·</span> 
     </span>
     <span class='ocr_line' id='line_1_32' title="bbox 236 1657 1116 1706; baseline -0.007 -10"><span class='ocrx_word' id='word_1_223' title='bbox 236 1673 342 1697; x_wconf 81' lang='lat' dir='ltr'>manae</span> <span class='ocrx_word' id='word_1_224' title='bbox 353 1660 434 1696; x_wconf 87' lang='lat' dir='ltr'>sedis</span> <span class='ocrx_word' id='word_1_225' title='bbox 445 1686 456 1703; x_wconf 94' lang='lat'>‚</span> <span class='ocrx_word' id='word_1_226' title='bbox 482 1662 577 1696; x_wconf 88' lang='lat' dir='ltr'>istum</span> <span class='ocrx_word' id='word_1_227' title='bbox 588 1661 741 1706; x_wconf 80' lang='lat' dir='ltr'>Episcopi</span> <span class='ocrx_word' id='word_1_228' title='bbox 754 1657 1116 1702; x_wconf 83' lang='lat' dir='ltr'>Constantinopolitani</span> 
     </span>
     <span class='ocr_line' id='line_1_33' title="bbox 234 1707 1118 1756; baseline -0.006 -11"><span class='ocrx_word' id='word_1_229' title='bbox 234 1710 446 1756; x_wconf 80' lang='lat' dir='ltr'>irregularem</span> <span class='ocrx_word' id='word_1_230' title='bbox 459 1713 620 1747; x_wconf 86' lang='lat' dir='ltr'>ambitum</span> <span class='ocrx_word' id='word_1_231' title='bbox 639 1711 705 1746; x_wconf 89' lang='lat' dir='ltr'>huc</span> <span class='ocrx_word' id='word_1_232' title='bbox 716 1712 817 1754; x_wconf 90' lang='lat' dir='ltr'>usque</span> <span class='ocrx_word' id='word_1_233' title='bbox 827 1708 1019 1748; x_wconf 76' lang='lat' dir='ltr'>refistantis,</span> <span class='ocrx_word' id='word_1_234' title='bbox 1047 1707 1118 1741; x_wconf 86' lang='lat' dir='ltr'>sen-</span> 
     </span>
     <span class='ocr_line' id='line_1_34' title="bbox 235 1757 1116 1804; baseline -0.005 -10"><span class='ocrx_word' id='word_1_235' title='bbox 235 1760 285 1795; x_wconf 81' lang='lat' dir='ltr'>sui</span> <span class='ocrx_word' id='word_1_236' title='bbox 298 1772 337 1796; x_wconf 88' lang='lat' dir='ltr'>ac</span> <span class='ocrx_word' id='word_1_237' title='bbox 349 1762 498 1797; x_wconf 85' lang='lat' dir='ltr'>Decretis</span> <span class='ocrx_word' id='word_1_238' title='bbox 520 1763 707 1804; x_wconf 80' lang='lat' dir='ltr'>adversum3</span> <span class='ocrx_word' id='word_1_239' title='bbox 737 1759 847 1795; x_wconf 77' lang='lat' dir='ltr'>verum</span> <span class='ocrx_word' id='word_1_240' title='bbox 868 1757 1116 1802; x_wconf 86' lang='lat' dir='ltr'>dispensatorius</span> 
     </span>
     <span class='ocr_line' id='line_1_35' title="bbox 234 1808 1114 1860; baseline -0.006 -15"><span class='ocrx_word' id='word_1_241' title='bbox 234 1811 325 1853; x_wconf 80' lang='lat' dir='ltr'>pacis</span> <span class='ocrx_word' id='word_1_242' title='bbox 354 1823 448 1847; x_wconf 87' lang='lat' dir='ltr'>amor</span> <span class='ocrx_word' id='word_1_243' title='bbox 474 1814 570 1849; x_wconf 81' lang='lat' dir='ltr'>suafit</span> <span class='ocrx_word' id='word_1_244' title='bbox 596 1811 783 1860; x_wconf 81' lang='lat' dir='ltr'>diffimulari</span> <span class='ocrx_word' id='word_1_245' title='bbox 811 1835 818 1843; x_wconf 95' lang='lat'>.</span> <span class='ocrx_word' id='word_1_246' title='bbox 857 1808 1114 1850; x_wconf 86' lang='lat' dir='ltr'>Subscripserunt</span> 
     </span>
     <span class='ocr_line' id='line_1_36' title="bbox 230 1854 1112 1906; baseline -0.005 -13"><span class='ocrx_word' id='word_1_247' title='bbox 230 1858 391 1904; x_wconf 80' lang='lat' dir='ltr'>Episcopi</span> <span class='ocrx_word' id='word_1_248' title='bbox 401 1874 517 1897; x_wconf 85' lang='lat' dir='ltr'>omnes</span> <span class='ocrx_word' id='word_1_249' title='bbox 537 1868 570 1896; x_wconf 92' lang='lat' dir='ltr'>in</span> <span class='ocrx_word' id='word_1_250' title='bbox 583 1868 711 1906; x_wconf 83' lang='lat' dir='ltr'>quinque</span> <span class='ocrx_word' id='word_1_251' title='bbox 731 1860 836 1896; x_wconf 81' lang='lat' dir='ltr'>libris:</span> <span class='ocrx_word' id='word_1_252' title='bbox 863 1858 920 1893; x_wconf 91' lang='lat' dir='ltr'>Ut</span> <span class='ocrx_word' id='word_1_253' title='bbox 929 1857 1046 1900; x_wconf 80' lang='lat' dir='ltr'>quaevis</span> <span class='ocrx_word' id='word_1_254' title='bbox 1057 1854 1112 1889; x_wconf 81' lang='lat' dir='ltr'>Pa-</span> 
     </span>
    </p>
   </div>
   <div class='ocr_carea' id='block_1_5' title="bbox 233 1903 1139 1950">
    <p class='ocr_par' dir='ltr' id='par_1_5' title="bbox 233 1903 1139 1950">
     <span class='ocr_line' id='line_1_37' title="bbox 233 1903 1139 1950; baseline 0 -8"><span class='ocrx_word' id='word_1_255' title='bbox 233 1908 415 1944; x_wconf 83' lang='lat' dir='ltr'>triarchalis</span> <span class='ocrx_word' id='word_1_256' title='bbox 439 1911 526 1945; x_wconf 86' lang='lat' dir='ltr'>sedes</span> <span class='ocrx_word' id='word_1_257' title='bbox 538 1914 631 1946; x_wconf 88' lang='lat' dir='ltr'>suum</span> <span class='ocrx_word' id='word_1_258' title='bbox 642 1911 763 1947; x_wconf 84' lang='lat' dir='ltr'>librum</span> <span class='ocrx_word' id='word_1_259' title='bbox 775 1912 828 1944; x_wconf 87' lang='lat' dir='ltr'>seu</span> <span class='ocrx_word' id='word_1_260' title='bbox 842 1906 1006 1950; x_wconf 77' lang='lat' dir='ltr'>exemplat</span> <span class='ocrx_word' id='word_1_261' title='bbox 1018 1903 1115 1939; x_wconf 74' lang='lat' dir='ltr'>habe·</span> <span class='ocrx_word' id='word_1_262' title='bbox 1137 1941 1139 1943; x_wconf 78' lang='grc'>,</span> 
     </span>
    </p>
   </div>
   <div class='ocr_carea' id='block_1_6' title="bbox 208 1954 1115 3494">
    <p class='ocr_par' dir='ltr' id='par_1_6' title="bbox 208 1954 1115 3494">
     <span class='ocr_line' id='line_1_38' title="bbox 233 1954 1115 2004; baseline -0.008 -11"><span class='ocrx_word' id='word_1_263' title='bbox 233 1961 285 1994; x_wconf 77' lang='lat' dir='ltr'>&#39;ret</span> <span class='ocrx_word' id='word_1_264' title='bbox 307 1984 315 1992; x_wconf 94' lang='lat'>.</span> <span class='ocrx_word' id='word_1_265' title='bbox 343 1958 449 1994; x_wconf 84' lang='lat' dir='ltr'>Addit</span> <span class='ocrx_word' id='word_1_266' title='bbox 469 1961 505 1994; x_wconf 87' lang='lat' dir='ltr'>in</span> <span class='ocrx_word' id='word_1_267' title='bbox 525 1960 654 2003; x_wconf 83' lang='lat' dir='ltr'>synodi</span> <span class='ocrx_word' id='word_1_268' title='bbox 681 1956 900 2004; x_wconf 77' lang='lat' dir='ltr'>praefation‘em</span> <span class='ocrx_word' id='word_1_269' title='bbox 930 1954 1115 1991; x_wconf 84' lang='lat' dir='ltr'>Anastasius</span> 
     </span>
     <span class='ocr_line' id='line_1_39' title="bbox 232 2004 1113 2052; baseline -0.006 -10"><span class='ocrx_word' id='word_1_270' title='bbox 232 2007 510 2042; x_wconf 86' lang='lat' dir='ltr'>Bibliothecarius</span> <span class='ocrx_word' id='word_1_271' title='bbox 522 2008 649 2052; x_wconf 80' lang='lat' dir='ltr'>singulos</span> <span class='ocrx_word' id='word_1_272' title='bbox 671 2011 779 2042; x_wconf 82' lang='lat' dir='ltr'>codices</span> <span class='ocrx_word' id='word_1_273' title='bbox 787 2006 930 2049; x_wconf 84' lang='lat' dir='ltr'>plumbea</span> <span class='ocrx_word' id='word_1_274' title='bbox 945 2005 1023 2039; x_wconf 88' lang='lat' dir='ltr'>bulla</span> <span class='ocrx_word' id='word_1_275' title='bbox 1026 2004 1113 2047; x_wconf 80' lang='lat' dir='ltr'>fuiffe</span> 
     </span>
     <span class='ocr_line' id='line_1_40' title="bbox 233 2054 1114 2100; baseline -0.002 -10"><span class='ocrx_word' id='word_1_276' title='bbox 233 2062 385 2097; x_wconf 86' lang='lat' dir='ltr'>munitos,</span> <span class='ocrx_word' id='word_1_277' title='bbox 410 2066 501 2099; x_wconf 83' lang='lat' dir='ltr'>atque</span> <span class='ocrx_word' id='word_1_278' title='bbox 513 2057 685 2100; x_wconf 76' lang='lat' dir='ltr'>singulatim</span> <span class='ocrx_word' id='word_1_279' title='bbox 711 2054 996 2089; x_wconf 75' lang='lat' dir='ltr'>Loci-servatoribus</span> <span class='ocrx_word' id='word_1_280' title='bbox 1019 2055 1114 2088; x_wconf 84' lang='lat' dir='ltr'>tradi·</span> 
     </span>
     <span class='ocr_line' id='line_1_41' title="bbox 231 2103 1114 2150; baseline -0.006 -9"><span class='ocrx_word' id='word_1_281' title='bbox 231 2116 303 2147; x_wconf 84' lang='lat' dir='ltr'>tos,</span> <span class='ocrx_word' id='word_1_282' title='bbox 331 2107 589 2140; x_wconf 84' lang='lat' dir='ltr'>Patriarcbalibus</span> <span class='ocrx_word' id='word_1_283' title='bbox 607 2106 727 2150; x_wconf 85' lang='lat' dir='ltr'>sedibus</span> <span class='ocrx_word' id='word_1_284' title='bbox 753 2105 946 2147; x_wconf 73' lang='lat' dir='ltr'>deferendos.</span> <span class='ocrx_word' id='word_1_285' title='bbox 973 2103 1114 2137; x_wconf 82' lang='lat' dir='ltr'>Subscri-</span> 
     </span>
     <span class='ocr_line' id='line_1_42' title="bbox 232 2153 1109 2202; baseline -0.006 -12"><span class='ocrx_word' id='word_1_286' title='bbox 232 2154 312 2190; x_wconf 83' lang='lat' dir='ltr'>bens</span> <span class='ocrx_word' id='word_1_287' title='bbox 323 2156 459 2190; x_wconf 83' lang='lat' dir='ltr'>Basilius</span> <span class='ocrx_word' id='word_1_288' title='bbox 468 2153 860 2202; x_wconf 81' lang='lat' dir='ltr'>Augustusfixitpreiiosae</span> <span class='ocrx_word' id='word_1_289' title='bbox 871 2159 962 2187; x_wconf 88' lang='lat' dir='ltr'>crucis</span> <span class='ocrx_word' id='word_1_290' title='bbox 970 2153 1109 2198; x_wconf 85' lang='lat' dir='ltr'>figuram.</span> 
     </span>
     <span class='ocr_line' id='line_1_43' title="bbox 231 2202 1110 2250; baseline -0.003 -11"><span class='ocrx_word' id='word_1_291' title='bbox 231 2205 323 2240; x_wconf 86' lang='lat' dir='ltr'>Fixit</span> <span class='ocrx_word' id='word_1_292' title='bbox 335 2206 483 2250; x_wconf 75' lang='lat' dir='ltr'>proxime</span> <span class='ocrx_word' id='word_1_293' title='bbox 493 2217 568 2241; x_wconf 86' lang='lat' dir='ltr'>ante</span> <span class='ocrx_word' id='word_1_294' title='bbox 579 2208 671 2241; x_wconf 90' lang='lat' dir='ltr'>suum</span> <span class='ocrx_word' id='word_1_295' title='bbox 683 2218 804 2241; x_wconf 86' lang='lat' dir='ltr'>nomen</span> <span class='ocrx_word' id='word_1_296' title='bbox 816 2229 825 2237; x_wconf 86' lang='lat'>-</span> <span class='ocrx_word' id='word_1_297' title='bbox 850 2202 899 2239; x_wconf 67' lang='lat' dir='ltr'>Ita</span> <span class='ocrx_word' id='word_1_298' title='bbox 910 2204 992 2237; x_wconf 90' lang='lat' dir='ltr'>olim</span> <span class='ocrx_word' id='word_1_299' title='bbox 1004 2203 1021 2236; x_wconf 75' lang='lat' dir='ltr'>a</span> <span class='ocrx_word' id='word_1_300' title='bbox 1032 2214 1110 2247; x_wconf 89' lang='lat' dir='ltr'>quo·</span> 
     </span>
     <span class='ocr_line' id='line_1_44' title="bbox 230 2253 1111 2302; baseline -0.001 -13"><span class='ocrx_word' id='word_1_301' title='bbox 230 2256 281 2289; x_wconf 87' lang='lat' dir='ltr'>vis</span> <span class='ocrx_word' id='word_1_302' title='bbox 302 2256 390 2289; x_wconf 85' lang='lat' dir='ltr'>fideli</span> <span class='ocrx_word' id='word_1_303' title='bbox 411 2255 446 2289; x_wconf 91' lang='lat' dir='ltr'>in</span> <span class='ocrx_word' id='word_1_304' title='bbox 470 2268 503 2291; x_wconf 83' lang='lat' dir='ltr'>re</span> <span class='ocrx_word' id='word_1_305' title='bbox 512 2257 655 2302; x_wconf 86' lang='lat' dir='ltr'>graviori</span> <span class='ocrx_word' id='word_1_306' title='bbox 676 2255 827 2291; x_wconf 84' lang='lat' dir='ltr'>subscribi</span> <span class='ocrx_word' id='word_1_307' title='bbox 849 2255 1040 2288; x_wconf 86' lang='lat' dir='ltr'>consuetum</span> <span class='ocrx_word' id='word_1_308' title='bbox 1054 2253 1111 2288; x_wconf 88' lang='lat' dir='ltr'>do-</span> 
     </span>
     <span class='ocr_line' id='line_1_45' title="bbox 231 2303 1109 2350; baseline -0.001 -11"><span class='ocrx_word' id='word_1_309' title='bbox 231 2315 308 2339; x_wconf 89' lang='lat' dir='ltr'>cent</span> <span class='ocrx_word' id='word_1_310' title='bbox 320 2306 449 2339; x_wconf 80' lang='lat' dir='ltr'>infinita</span> <span class='ocrx_word' id='word_1_311' title='bbox 460 2308 593 2350; x_wconf 86' lang='lat' dir='ltr'>antiqua</span> <span class='ocrx_word' id='word_1_312' title='bbox 607 2307 819 2340; x_wconf 85' lang='lat' dir='ltr'>instrumenta</span> <span class='ocrx_word' id='word_1_313' title='bbox 829 2329 838 2336; x_wconf 87' lang='lat'><strong>.</strong></span> <span class='ocrx_word' id='word_1_314' title='bbox 865 2304 909 2337; x_wconf 88' lang='lat' dir='ltr'>Et</span> <span class='ocrx_word' id='word_1_315' title='bbox 921 2303 963 2338; x_wconf 89' lang='lat' dir='ltr'>de</span> <span class='ocrx_word' id='word_1_316' title='bbox 981 2304 1109 2348; x_wconf 90' lang='lat' dir='ltr'>quibus-</span> 
     </span>
     <span class='ocr_line' id='line_1_46' title="bbox 230 2353 1105 2400; baseline -0.002 -10"><span class='ocrx_word' id='word_1_317' title='bbox 230 2355 306 2390; x_wconf 89' lang='lat' dir='ltr'>dam</span> <span class='ocrx_word' id='word_1_318' title='bbox 330 2353 503 2390; x_wconf 81' lang='lat' dir='ltr'>Photianis</span> <span class='ocrx_word' id='word_1_319' title='bbox 515 2357 685 2400; x_wconf 86' lang='lat' dir='ltr'>Episcopis</span> <span class='ocrx_word' id='word_1_320' title='bbox 705 2356 792 2390; x_wconf 77' lang='lat' dir='ltr'>dixit</span> <span class='ocrx_word' id='word_1_321' title='bbox 813 2353 854 2389; x_wconf 86' lang='lat' dir='ltr'>ad</span> <span class='ocrx_word' id='word_1_322' title='bbox 866 2354 988 2387; x_wconf 76' lang='lat' dir='ltr'>sextam</span> <span class='ocrx_word' id='word_1_323' title='bbox 1011 2355 1105 2388; x_wconf 67' lang='lat' dir='ltr'>astio-</span> 
     </span>
     <span class='ocr_line' id='line_1_47' title="bbox 228 2403 1106 2449; baseline -0.003 -10"><span class='ocrx_word' id='word_1_324' title='bbox 228 2415 308 2439; x_wconf 82' lang='lat' dir='ltr'>nem</span> <span class='ocrx_word' id='word_1_325' title='bbox 330 2404 418 2439; x_wconf 86' lang='lat' dir='ltr'>Elias</span> <span class='ocrx_word' id='word_1_326' title='bbox 443 2405 591 2440; x_wconf 75' lang='lat' dir='ltr'>Ecclefiae</span> <span class='ocrx_word' id='word_1_327' title='bbox 612 2406 919 2448; x_wconf 85' lang='lat' dir='ltr'>Hierosolymitanae</span> <span class='ocrx_word' id='word_1_328' title='bbox 939 2403 1083 2449; x_wconf 75' lang='lat' dir='ltr'>Legatos</span> <span class='ocrx_word' id='word_1_329' title='bbox 1097 2418 1106 2436; x_wconf 86' lang='grc'>.-</span> 
     </span>
     <span class='ocr_line' id='line_1_48' title="bbox 228 2453 1104 2498; baseline -0.002 -10"><span class='ocrx_word' id='word_1_330' title='bbox 228 2458 360 2496; x_wconf 79' lang='lat' dir='ltr'>Propria</span> <span class='ocrx_word' id='word_1_331' title='bbox 375 2453 510 2498; x_wconf 83' lang='lat' dir='ltr'>scripta,</span> <span class='ocrx_word' id='word_1_332' title='bbox 538 2458 572 2491; x_wconf 57' lang='grc' dir='ltr'>(η’</span> <span class='ocrx_word' id='word_1_333' title='bbox 575 2458 775 2498; x_wconf 82' lang='lat' dir='ltr'>juramenta,</span> <span class='ocrx_word' id='word_1_334' title='bbox 801 2457 940 2489; x_wconf 68' lang='lat' dir='ltr'>&amp;cruces</span> <span class='ocrx_word' id='word_1_335' title='bbox 955 2477 967 2493; x_wconf 94' lang='lat'>,</span> <span class='ocrx_word' id='word_1_336' title='bbox 990 2466 1064 2496; x_wconf 86' lang='lat' dir='ltr'>quas</span> <span class='ocrx_word' id='word_1_337' title='bbox 1071 2454 1104 2495; x_wconf 78' lang='lat' dir='ltr'>fi-</span> 
     </span>
     <span class='ocr_line' id='line_1_49' title="bbox 226 2503 1102 2549; baseline -0.001 -12"><span class='ocrx_word' id='word_1_338' title='bbox 226 2513 342 2538; x_wconf 74' lang='lat' dir='ltr'>xerunt</span> <span class='ocrx_word' id='word_1_339' title='bbox 362 2527 374 2544; x_wconf 94' lang='lat'>,</span> <span class='ocrx_word' id='word_1_340' title='bbox 400 2507 553 2547; x_wconf 83' lang='lat' dir='ltr'>reprobare</span> <span class='ocrx_word' id='word_1_341' title='bbox 578 2509 681 2540; x_wconf 78' lang='lat' dir='ltr'>nolunt</span> <span class='ocrx_word' id='word_1_342' title='bbox 707 2532 714 2539; x_wconf 84' lang='lat'><strong>.</strong></span> <span class='ocrx_word' id='word_1_343' title='bbox 742 2505 855 2549; x_wconf 76' lang='lat' dir='ltr'>ltaque</span> <span class='ocrx_word' id='word_1_344' title='bbox 880 2503 1102 2547; x_wconf 88' lang='lat' dir='ltr'>subscriptioni</span> 
     </span>
     <span class='ocr_line' id='line_1_50' title="bbox 227 2552 1105 2597; baseline -0.001 -10"><span class='ocrx_word' id='word_1_345' title='bbox 227 2555 291 2587; x_wconf 74' lang='lat' dir='ltr'>suae</span> <span class='ocrx_word' id='word_1_346' title='bbox 310 2565 438 2588; x_wconf 87' lang='lat' dir='ltr'>crucem</span> <span class='ocrx_word' id='word_1_347' title='bbox 449 2554 564 2589; x_wconf 85' lang='lat' dir='ltr'>addere</span> <span class='ocrx_word' id='word_1_348' title='bbox 576 2565 644 2590; x_wconf 85' lang='lat' dir='ltr'>erat</span> <span class='ocrx_word' id='word_1_349' title='bbox 666 2558 770 2591; x_wconf 84' lang='lat' dir='ltr'>facere</span> <span class='ocrx_word' id='word_1_350' title='bbox 781 2552 1048 2597; x_wconf 84' lang='lat' dir='ltr'>subscriptionem</span> <span class='ocrx_word' id='word_1_351' title='bbox 1058 2553 1105 2596; x_wconf 88' lang='lat' dir='ltr'>ju·</span> 
     </span>
     <span class='ocr_line' id='line_1_51' title="bbox 225 2602 1104 2649; baseline -0.001 -11"><span class='ocrx_word' id='word_1_352' title='bbox 225 2614 348 2638; x_wconf 78' lang='lat' dir='ltr'>ratam.</span> <span class='ocrx_word' id='word_1_353' title='bbox 375 2602 483 2639; x_wconf 85' lang='lat' dir='ltr'>Addit</span> <span class='ocrx_word' id='word_1_354' title='bbox 506 2604 642 2640; x_wconf 81' lang='lat' dir='ltr'>Nicetas</span> <span class='ocrx_word' id='word_1_355' title='bbox 661 2605 851 2649; x_wconf 79' lang='lat' dir='ltr'>Paphlago:</span> <span class='ocrx_word' id='word_1_356' title='bbox 879 2602 1019 2646; x_wconf 86' lang='lat' dir='ltr'>Episcopi</span> <span class='ocrx_word' id='word_1_357' title='bbox 1034 2603 1104 2646; x_wconf 85' lang='lat' dir='ltr'>sub·</span> 
     </span>
     <span class='ocr_line' id='line_1_52' title="bbox 223 2652 1099 2697; baseline 0.001 -11"><span class='ocrx_word' id='word_1_358' title='bbox 223 2652 407 2697; x_wconf 86' lang='lat' dir='ltr'>scripserunt</span> <span class='ocrx_word' id='word_1_359' title='bbox 419 2653 583 2696; x_wconf 77' lang='lat' dir='ltr'>depositioni</span> <span class='ocrx_word' id='word_1_360' title='bbox 594 2655 692 2688; x_wconf 84' lang='lat' dir='ltr'>Photii</span> <span class='ocrx_word' id='word_1_361' title='bbox 702 2657 826 2689; x_wconf 81' lang='lat' dir='ltr'>calamis</span> <span class='ocrx_word' id='word_1_362' title='bbox 838 2679 850 2695; x_wconf 85' lang='lat'>,</span> <span class='ocrx_word' id='word_1_363' title='bbox 861 2665 918 2686; x_wconf 86' lang='lat' dir='ltr'>non</span> <span class='ocrx_word' id='word_1_364' title='bbox 931 2654 1007 2686; x_wconf 84' lang='lat' dir='ltr'>nudo</span> <span class='ocrx_word' id='word_1_365' title='bbox 1016 2662 1099 2687; x_wconf 81' lang='lat' dir='ltr'>atra-</span> 
     </span>
     <span class='ocr_line' id='line_1_53' title="bbox 225 2702 1100 2747; baseline -0.01 -4"><span class='ocrx_word' id='word_1_366' title='bbox 225 2711 343 2742; x_wconf 62' lang='lat' dir='ltr'>menw,</span> <span class='ocrx_word' id='word_1_367' title='bbox 362 2703 438 2746; x_wconf 75' lang='lat' dir='ltr'>sed,</span> <span class='ocrx_word' id='word_1_368' title='bbox 463 2712 495 2737; x_wconf 85' lang='lat' dir='ltr'>in</span> <span class='ocrx_word' id='word_1_369' title='bbox 507 2717 561 2747; x_wconf 90' lang='lat' dir='ltr'>quo</span> <span class='ocrx_word' id='word_1_370' title='bbox 578 2707 698 2747; x_wconf 74' lang='lat' dir='ltr'>penitus</span> <span class='ocrx_word' id='word_1_371' title='bbox 724 2702 926 2747; x_wconf 85' lang='lat' dir='ltr'>contremiscas</span> <span class='ocrx_word' id='word_1_372' title='bbox 938 2727 949 2742; x_wconf 92' lang='lat'>,</span> <span class='ocrx_word' id='word_1_373' title='bbox 975 2711 1009 2735; x_wconf 80' lang='lat' dir='ltr'>ut</span> <span class='ocrx_word' id='word_1_374' title='bbox 1029 2714 1076 2736; x_wconf 85' lang='lat' dir='ltr'>eos</span> <span class='ocrx_word' id='word_1_375' title='bbox 1089 2727 1100 2743; x_wconf 92' lang='lat'>,</span> 
     </span>
     <span class='ocr_line' id='line_1_54' title="bbox 223 2751 1099 2797; baseline 0.002 -12"><span class='ocrx_word' id='word_1_376' title='bbox 223 2760 348 2794; x_wconf 81' lang='lat' dir='ltr'>quirem</span> <span class='ocrx_word' id='word_1_377' title='bbox 358 2764 467 2787; x_wconf 83' lang='lat' dir='ltr'>norant</span> <span class='ocrx_word' id='word_1_378' title='bbox 479 2779 490 2794; x_wconf 94' lang='lat'>,</span> <span class='ocrx_word' id='word_1_379' title='bbox 517 2753 722 2797; x_wconf 75' lang='lat' dir='ltr'>adseveranter</span> <span class='ocrx_word' id='word_1_380' title='bbox 733 2758 840 2788; x_wconf 73' lang='lat' dir='ltr'>audivi</span> <span class='ocrx_word' id='word_1_381' title='bbox 853 2777 864 2793; x_wconf 88' lang='lat'>‚</span> <span class='ocrx_word' id='word_1_382' title='bbox 890 2751 950 2796; x_wconf 78' lang='lat' dir='ltr'>ipr</span> <span class='ocrx_word' id='word_1_383' title='bbox 964 2754 1099 2786; x_wconf 84' lang='lat' dir='ltr'>Salvato-</span> 
     </span>
     <span class='ocr_line' id='line_1_55' title="bbox 222 2801 1096 2847; baseline 0.003 -13"><span class='ocrx_word' id='word_1_384' title='bbox 222 2807 267 2834; x_wconf 83' lang='lat' dir='ltr'>ris</span> <span class='ocrx_word' id='word_1_385' title='bbox 276 2801 419 2846; x_wconf 78' lang='lat' dir='ltr'>sanguine</span> <span class='ocrx_word' id='word_1_386' title='bbox 431 2804 534 2837; x_wconf 72' lang='lat' dir='ltr'>tinc‘lis</span> <span class='ocrx_word' id='word_1_387' title='bbox 548 2828 556 2836; x_wconf 93' lang='lat'><strong><em>.</em></strong></span> <span class='ocrx_word' id='word_1_388' title='bbox 582 2807 653 2845; x_wconf 74' lang='lat' dir='ltr'>Ita,</span> <span class='ocrx_word' id='word_1_389' title='bbox 679 2812 803 2847; x_wconf 80' lang='lat' dir='ltr'>inquam</span> <span class='ocrx_word' id='word_1_390' title='bbox 817 2828 828 2844; x_wconf 95' lang='lat'>,</span> <span class='ocrx_word' id='word_1_391' title='bbox 853 2801 991 2836; x_wconf 83' lang='lat' dir='ltr'>Photium</span> <span class='ocrx_word' id='word_1_392' title='bbox 1010 2813 1096 2836; x_wconf 58' lang='lat' dir='ltr'>exaio</span> 
     </span>
     <span class='ocr_line' id='line_1_56' title="bbox 220 2850 1031 2897; baseline -0.005 -10"><span class='ocrx_word' id='word_1_393' title='bbox 220 2850 375 2884; x_wconf 67' lang='lat' dir='ltr'>Horarum</span> <span class='ocrx_word' id='word_1_394' title='bbox 387 2864 410 2891; x_wconf 71' lang='lat'>,&#39;</span> <span class='ocrx_word' id='word_1_395' title='bbox 424 2856 539 2896; x_wconf 78' lang='lat' dir='ltr'>unaque</span> <span class='ocrx_word' id='word_1_396' title='bbox 551 2866 649 2887; x_wconf 81' lang='lat' dir='ltr'>omnes</span> <span class='ocrx_word' id='word_1_397' title='bbox 661 2854 699 2886; x_wconf 89' lang='lat' dir='ltr'>ab</span> <span class='ocrx_word' id='word_1_398' title='bbox 709 2853 771 2897; x_wconf 84' lang='lat' dir='ltr'>ipso</span> <span class='ocrx_word' id='word_1_399' title='bbox 777 2854 873 2897; x_wconf 82' lang='lat' dir='ltr'>sacris</span> <span class='ocrx_word' id='word_1_400' title='bbox 884 2857 1031 2885; x_wconf 85' lang='lat' dir='ltr'>initiatos.</span> 
     </span>
     <span class='ocr_line' id='line_1_57' title="bbox 272 2900 1095 2947; baseline 0.001 -13"><span class='ocrx_word' id='word_1_401' title='bbox 272 2900 350 2935; x_wconf 81' lang='lat' dir='ltr'>Post</span> <span class='ocrx_word' id='word_1_402' title='bbox 361 2902 459 2935; x_wconf 65' lang='lat' dir='ltr'>facias</span> <span class='ocrx_word' id='word_1_403' title='bbox 468 2903 702 2946; x_wconf 72' lang='lat' dir='ltr'>Epistoporum</span> <span class='ocrx_word' id='word_1_404' title='bbox 713 2903 961 2947; x_wconf 84' lang='lat' dir='ltr'>subscriptiones</span> <span class='ocrx_word' id='word_1_405' title='bbox 970 2902 1095 2946; x_wconf 89' lang='lat' dir='ltr'>rogavit</span> 
     </span>
     <span class='ocr_line' id='line_1_58' title="bbox 219 2950 1095 2997; baseline 0.007 -11"><span class='ocrx_word' id='word_1_406' title='bbox 219 2951 358 2986; x_wconf 80' lang='lat' dir='ltr'>Basilius</span> <span class='ocrx_word' id='word_1_407' title='bbox 383 2950 552 2994; x_wconf 79' lang='lat' dir='ltr'>Augustus</span> <span class='ocrx_word' id='word_1_408' title='bbox 563 2955 741 2994; x_wconf 88' lang='lat' dir='ltr'>Senatum,</span> <span class='ocrx_word' id='word_1_409' title='bbox 767 2952 965 2997; x_wconf 77' lang='lat' dir='ltr'>Magistros,</span> <span class='ocrx_word' id='word_1_410' title='bbox 992 2951 1095 2985; x_wconf 70' lang='lat' dir='ltr'>&amp;Pa-</span> 
     </span>
     <span class='ocr_line' id='line_1_59' title="bbox 219 3001 1093 3046; baseline -0.002 -12"><span class='ocrx_word' id='word_1_411' title='bbox 219 3002 332 3035; x_wconf 80' lang='lat' dir='ltr'>tricios</span> <span class='ocrx_word' id='word_1_412' title='bbox 344 3024 354 3040; x_wconf 88' lang='lat'>,</span> <span class='ocrx_word' id='word_1_413' title='bbox 381 3002 459 3042; x_wconf 81' lang='lat' dir='ltr'>quid</span> <span class='ocrx_word' id='word_1_414' title='bbox 468 3003 505 3034; x_wconf 83' lang='lat' dir='ltr'>de</span> <span class='ocrx_word' id='word_1_415' title='bbox 510 3001 618 3044; x_wconf 56' lang='lat' dir='ltr'>sanila</span> <span class='ocrx_word' id='word_1_416' title='bbox 641 3001 850 3046; x_wconf 75' lang='lat' dir='ltr'>&amp;universali</span> <span class='ocrx_word' id='word_1_417' title='bbox 871 3002 978 3040; x_wconf 67' lang='lat' dir='ltr'>synodo</span> <span class='ocrx_word' id='word_1_418' title='bbox 1000 3001 1093 3040; x_wconf 80' lang='lat' dir='ltr'>existi-</span> 
     </span>
     <span class='ocr_line' id='line_1_60' title="bbox 218 3050 1092 3096; baseline 0 -12"><span class='ocrx_word' id='word_1_419' title='bbox 218 3059 355 3089; x_wconf 83' lang='lat' dir='ltr'>marent,</span> <span class='ocrx_word' id='word_1_420' title='bbox 382 3052 416 3084; x_wconf 69' lang='grc'>(5·</span> <span class='ocrx_word' id='word_1_421' title='bbox 438 3054 578 3092; x_wconf 81' lang='lat' dir='ltr'>quomodo</span> <span class='ocrx_word' id='word_1_422' title='bbox 602 3063 667 3085; x_wconf 85' lang='lat' dir='ltr'>eam</span> <span class='ocrx_word' id='word_1_423' title='bbox 688 3051 903 3096; x_wconf 83' lang='lat' dir='ltr'>subscriberent</span> <span class='ocrx_word' id='word_1_424' title='bbox 926 3052 938 3084; x_wconf 86' lang='lat'>?</span> <span class='ocrx_word' id='word_1_425' title='bbox 964 3050 1092 3084; x_wconf 86' lang='lat' dir='ltr'>Primus</span> 
     </span>
     <span class='ocr_line' id='line_1_61' title="bbox 218 3098 1089 3145; baseline -0.003 -10"><span class='ocrx_word' id='word_1_426' title='bbox 218 3099 384 3145; x_wconf 83' lang='lat' dir='ltr'>respondit</span> <span class='ocrx_word' id='word_1_427' title='bbox 411 3098 613 3135; x_wconf 80' lang='lat' dir='ltr'>Theodorus</span> <span class='ocrx_word' id='word_1_428' title='bbox 638 3102 817 3136; x_wconf 89' lang='lat' dir='ltr'>Proconsul</span> <span class='ocrx_word' id='word_1_429' title='bbox 854 3102 888 3135; x_wconf 86' lang='lat'>&amp;</span> <span class='ocrx_word' id='word_1_430' title='bbox 914 3100 1089 3145; x_wconf 82' lang='lat' dir='ltr'>Magister:</span> 
     </span>
     <span class='ocr_line' id='line_1_62' title="bbox 215 3149 1090 3193; baseline -0.001 -10"><span class='ocrx_word' id='word_1_431' title='bbox 215 3154 330 3183; x_wconf 80' lang='lat' dir='ltr'>Omnia</span> <span class='ocrx_word' id='word_1_432' title='bbox 342 3175 351 3190; x_wconf 91' lang='lat'>‚</span> <span class='ocrx_word' id='word_1_433' title='bbox 378 3149 537 3192; x_wconf 71' lang='lat' dir='ltr'>quaefas‘la</span> <span class='ocrx_word' id='word_1_434' title='bbox 544 3149 616 3193; x_wconf 90' lang='lat' dir='ltr'>sunt</span> <span class='ocrx_word' id='word_1_435' title='bbox 630 3152 650 3182; x_wconf 76' lang='grc' dir='ltr'><em>ἃ</em></span> <span class='ocrx_word' id='word_1_436' title='bbox 663 3151 769 3185; x_wconf 83' lang='lat' dir='ltr'>Photio</span> <span class='ocrx_word' id='word_1_437' title='bbox 779 3159 879 3185; x_wconf 87' lang='lat' dir='ltr'>contra</span> <span class='ocrx_word' id='word_1_438' title='bbox 885 3149 1090 3193; x_wconf 63' lang='lat' dir='ltr'>sancqiffimum</span> 
     </span>
     <span class='ocr_line' id='line_1_63' title="bbox 218 3199 1086 3244; baseline -0.001 -12"><span class='ocrx_word' id='word_1_439' title='bbox 218 3199 426 3236; x_wconf 84' lang='lat' dir='ltr'>Patriarcbam</span> <span class='ocrx_word' id='word_1_440' title='bbox 447 3199 572 3240; x_wconf 84' lang='lat' dir='ltr'>nostrum</span> <span class='ocrx_word' id='word_1_441' title='bbox 597 3204 748 3244; x_wconf 82' lang='lat' dir='ltr'>Ignatium</span> <span class='ocrx_word' id='word_1_442' title='bbox 761 3225 772 3241; x_wconf 92' lang='lat'>,</span> <span class='ocrx_word' id='word_1_443' title='bbox 797 3202 832 3234; x_wconf 65' lang='grc'>(9</span> <span class='ocrx_word' id='word_1_444' title='bbox 852 3209 955 3232; x_wconf 86' lang='lat' dir='ltr'>contra</span> <span class='ocrx_word' id='word_1_445' title='bbox 974 3199 1086 3240; x_wconf 86' lang='lat' dir='ltr'>beatiffl-</span> 
     </span>
     <span class='ocr_line' id='line_1_64' title="bbox 216 3248 1088 3291; baseline -0.003 -7"><span class='ocrx_word' id='word_1_446' title='bbox 216 3261 299 3284; x_wconf 80' lang='lat' dir='ltr'>mum</span> <span class='ocrx_word' id='word_1_447' title='bbox 311 3252 429 3291; x_wconf 82' lang='lat' dir='ltr'>Papam</span> <span class='ocrx_word' id='word_1_448' title='bbox 450 3250 608 3286; x_wconf 80' lang='lat' dir='ltr'>Nicolaum</span> <span class='ocrx_word' id='word_1_449' title='bbox 618 3274 630 3291; x_wconf 95' lang='lat'>‚</span> <span class='ocrx_word' id='word_1_450' title='bbox 655 3250 918 3285; x_wconf 73' lang='lat' dir='ltr'>anathematizans</span> <span class='ocrx_word' id='word_1_451' title='bbox 931 3273 942 3288; x_wconf 94' lang='lat'>,</span> <span class='ocrx_word' id='word_1_452' title='bbox 969 3250 1003 3282; x_wconf 68' lang='grc' dir='ltr'>Θ·</span> <span class='ocrx_word' id='word_1_453' title='bbox 1013 3248 1088 3281; x_wconf 87' lang='lat' dir='ltr'>hanc</span> 
     </span>
     <span class='ocr_line' id='line_1_65' title="bbox 208 3298 1087 3343; baseline -0.001 -11"><span class='ocrx_word' id='word_1_454' title='bbox 208 3298 349 3342; x_wconf 27' lang='lat' dir='ltr'>*sanilam</span> <span class='ocrx_word' id='word_1_455' title='bbox 373 3302 406 3334; x_wconf 61' lang='grc' dir='ltr'>(θ’</span> <span class='ocrx_word' id='word_1_456' title='bbox 417 3299 611 3343; x_wconf 84' lang='lat' dir='ltr'>universalem</span> <span class='ocrx_word' id='word_1_457' title='bbox 619 3301 766 3339; x_wconf 50' lang='lat' dir='ltr'>synodum&lt;</span> <span class='ocrx_word' id='word_1_458' title='bbox 775 3299 938 3342; x_wconf 84' lang='lat' dir='ltr'>suscipiens</span> <span class='ocrx_word' id='word_1_459' title='bbox 950 3322 960 3337; x_wconf 95' lang='lat'>,</span> <span class='ocrx_word' id='word_1_460' title='bbox 985 3304 1087 3339; x_wconf 78' lang='lat' dir='ltr'>recipio</span> 
     </span>
     <span class='ocr_line' id='line_1_66' title="bbox 219 3348 1083 3391; baseline 0.001 -11"><span class='ocrx_word' id='word_1_461' title='bbox 219 3360 286 3389; x_wconf 80' lang='lat' dir='ltr'>quos</span> <span class='ocrx_word' id='word_1_462' title='bbox 296 3355 422 3391; x_wconf 81' lang='lat' dir='ltr'>recipit,</span> <span class='ocrx_word' id='word_1_463' title='bbox 448 3351 482 3384; x_wconf 63' lang='lat' dir='ltr'>(a</span> <span class='ocrx_word' id='word_1_464' title='bbox 492 3350 715 3383; x_wconf 82' lang='lat' dir='ltr'>anathematizo</span> <span class='ocrx_word' id='word_1_465' title='bbox 727 3360 798 3391; x_wconf 87' lang='lat' dir='ltr'>quos</span> <span class='ocrx_word' id='word_1_466' title='bbox 819 3348 1057 3382; x_wconf 83' lang='lat' dir='ltr'>anathematizat</span> <span class='ocrx_word' id='word_1_467' title='bbox 1069 3360 1083 3389; x_wconf 76' lang='lat'>,-</span> 
     </span>
     <span class='ocr_line' id='line_1_67' title="bbox 210 3397 1082 3447; baseline -0.003 -14"><span class='ocrx_word' id='word_1_468' title='bbox 210 3397 242 3441; x_wconf 79' lang='lat' dir='ltr'><em>fi</em></span> <span class='ocrx_word' id='word_1_469' title='bbox 256 3401 325 3433; x_wconf 74' lang='lat' dir='ltr'>vtro</span> <span class='ocrx_word' id='word_1_470' title='bbox 354 3407 481 3441; x_wconf 86' lang='lat' dir='ltr'>recepero</span> <span class='ocrx_word' id='word_1_471' title='bbox 510 3401 671 3442; x_wconf 83' lang='lat' dir='ltr'>aliquando</span> <span class='ocrx_word' id='word_1_472' title='bbox 705 3410 775 3442; x_wconf 87' lang='lat' dir='ltr'>quos</span> <span class='ocrx_word' id='word_1_473' title='bbox 795 3399 921 3439; x_wconf 72' lang='lat' dir='ltr'>synodus</span> <span class='ocrx_word' id='word_1_474' title='bbox 941 3397 1082 3447; x_wconf 61' lang='lat' dir='ltr'>abjicit,</span> 
     </span>
     <span class='ocr_line' id='line_1_68' title="bbox 315 3445 778 3494; baseline -0.002 -11"><span class='ocrx_word' id='word_1_475' title='bbox 315 3446 421 3491; x_wconf 79' lang='lat' dir='ltr'>Christ.</span> <span class='ocrx_word' id='word_1_476' title='bbox 434 3451 514 3493; x_wconf 86' lang='lat' dir='ltr'>Lupi</span> <span class='ocrx_word' id='word_1_477' title='bbox 523 3453 612 3494; x_wconf 85' lang='lat' dir='ltr'>Oper.</span> <span class='ocrx_word' id='word_1_478' title='bbox 624 3451 758 3483; x_wconf 75' lang='lat' dir='ltr'>TomJiL</span> <span class='ocrx_word' id='word_1_479' title='bbox 775 3445 778 3448; x_wconf 63' lang='grc'><strong>’</strong></span> 
     </span>
    </p>
   </div>
   <div class='ocr_carea' id='block_1_7' title="bbox 1096 2619 1126 3474">
    <p class='ocr_par' dir='ltr' id='par_1_7' title="bbox 1096 2619 1126 3474">
     <span class='ocr_line' id='line_1_69' title="bbox 1108 2619 1126 2719; baseline 0 -47"><span class='ocrx_word' id='word_1_480' title='bbox 1108 2619 1126 2719; x_wconf 95' lang='lat' dir='ltr'>  </span> 
     </span>
     <span class='ocr_line' id='line_1_70' title="bbox 1096 2719 1124 3474; baseline 0 0"><span class='ocrx_word' id='word_1_481' title='bbox 1096 2719 1124 3474; x_wconf 95' lang='lat' dir='ltr'>    </span> 
     </span>
    </p>
   </div>
   <div class='ocr_carea' id='block_1_8' title="bbox 1164 310 2072 2148">
    <p class='ocr_par' dir='ltr' id='par_1_8' title="bbox 1184 310 2072 896">
     <span class='ocr_line' id='line_1_71' title="bbox 1197 310 2066 358; baseline 0.003 -13"><span class='ocrx_word' id='word_1_482' title='bbox 1197 311 1340 345; x_wconf 82' lang='lat' dir='ltr'>velocibus</span> <span class='ocrx_word' id='word_1_483' title='bbox 1362 310 1556 352; x_wconf 76' lang='lat' dir='ltr'>scriptoribus</span> <span class='ocrx_word' id='word_1_484' title='bbox 1577 314 1790 352; x_wconf 80' lang='lat' dir='ltr'>excipientibus</span> <span class='ocrx_word' id='word_1_485' title='bbox 1808 330 1873 358; x_wconf 68' lang='lat' dir='ltr'>quae</span> <span class='ocrx_word' id='word_1_486' title='bbox 1894 322 2066 355; x_wconf 64' lang='lat' dir='ltr'>dicebamur</span> 
     </span>
     <span class='ocr_line' id='line_1_72' title="bbox 1190 359 2071 410; baseline 0.005 -17"><span class='ocrx_word' id='word_1_487' title='bbox 1190 362 1227 393; x_wconf 91' lang='lat' dir='ltr'>ab</span> <span class='ocrx_word' id='word_1_488' title='bbox 1237 372 1406 403; x_wconf 84' lang='lat' dir='ltr'>unoquoque</span> <span class='ocrx_word' id='word_1_489' title='bbox 1428 359 1556 403; x_wconf 77' lang='lat' dir='ltr'>ipsorum</span> <span class='ocrx_word' id='word_1_490' title='bbox 1569 386 1580 402; x_wconf 89' lang='lat'>,</span> <span class='ocrx_word' id='word_1_491' title='bbox 1604 373 1670 404; x_wconf 83' lang='lat' dir='ltr'>quae</span> <span class='ocrx_word' id='word_1_492' title='bbox 1683 368 1774 395; x_wconf 87' lang='lat' dir='ltr'>etiam</span> <span class='ocrx_word' id='word_1_493' title='bbox 1794 365 1867 398; x_wconf 59' lang='lat' dir='ltr'>leda</span> <span class='ocrx_word' id='word_1_494' title='bbox 1881 369 1953 410; x_wconf 78' lang='lat' dir='ltr'>sum·</span> <span class='ocrx_word' id='word_1_495' title='bbox 1974 377 2008 404; x_wconf 83' lang='lat' dir='ltr'>in</span> <span class='ocrx_word' id='word_1_496' title='bbox 2018 381 2071 404; x_wconf 69' lang='lat' dir='ltr'>au.</span> 
     </span>
     <span class='ocr_line' id='line_1_73' title="bbox 1190 412 2068 460; baseline 0.007 -17"><span class='ocrx_word' id='word_1_497' title='bbox 1190 412 1334 444; x_wconf 85' lang='lat' dir='ltr'>dientiam</span> <span class='ocrx_word' id='word_1_498' title='bbox 1345 417 1473 445; x_wconf 84' lang='lat' dir='ltr'>omnium</span> <span class='ocrx_word' id='word_1_499' title='bbox 1480 419 1537 452; x_wconf 88' lang='lat' dir='ltr'>per</span> <span class='ocrx_word' id='word_1_500' title='bbox 1549 414 1676 445; x_wconf 84' lang='lat' dir='ltr'>Leonem</span> <span class='ocrx_word' id='word_1_501' title='bbox 1688 414 1709 444; x_wconf 76' lang='grc' dir='ltr'><em>ἇ</em></span> <span class='ocrx_word' id='word_1_502' title='bbox 1718 414 1840 445; x_wconf 76' lang='lat' dir='ltr'>secretis</span> <span class='ocrx_word' id='word_1_503' title='bbox 1860 425 1925 448; x_wconf 86' lang='lat' dir='ltr'>voce</span> <span class='ocrx_word' id='word_1_504' title='bbox 1932 423 2046 460; x_wconf 61' lang='lat' dir='ltr'>grandi</span> <span class='ocrx_word' id='word_1_505' title='bbox 2057 446 2068 455; x_wconf 78' lang='grc'><em>,</em></span> 
     </span>
     <span class='ocr_line' id='line_1_74' title="bbox 1189 459 2070 505; baseline 0.002 -11"><span class='ocrx_word' id='word_1_506' title='bbox 1189 459 1291 495; x_wconf 78' lang='lat' dir='ltr'>Porro</span> <span class='ocrx_word' id='word_1_507' title='bbox 1317 461 1458 494; x_wconf 88' lang='lat' dir='ltr'>Domini</span> <span class='ocrx_word' id='word_1_508' title='bbox 1479 461 1691 505; x_wconf 77' lang='lat' dir='ltr'>imperatores</span> <span class='ocrx_word' id='word_1_509' title='bbox 1711 462 1812 496; x_wconf 89' lang='lat' dir='ltr'>solam</span> <span class='ocrx_word' id='word_1_510' title='bbox 1831 474 1960 499; x_wconf 88' lang='lat' dir='ltr'>crucem</span> <span class='ocrx_word' id='word_1_511' title='bbox 1979 469 2070 503; x_wconf 80' lang='lat' dir='ltr'>&amp;su.</span> 
     </span>
     <span class='ocr_line' id='line_1_75' title="bbox 1189 509 2072 555; baseline 0.007 -11"><span class='ocrx_word' id='word_1_512' title='bbox 1189 523 1245 549; x_wconf 89' lang='lat' dir='ltr'>um</span> <span class='ocrx_word' id='word_1_513' title='bbox 1257 522 1380 545; x_wconf 87' lang='lat' dir='ltr'>nomen</span> <span class='ocrx_word' id='word_1_514' title='bbox 1403 513 1531 554; x_wconf 86' lang='lat' dir='ltr'>propria</span> <span class='ocrx_word' id='word_1_515' title='bbox 1551 522 1651 546; x_wconf 89' lang='lat' dir='ltr'>manu</span> <span class='ocrx_word' id='word_1_516' title='bbox 1671 512 1882 555; x_wconf 85' lang='lat' dir='ltr'>scripserunt,</span> <span class='ocrx_word' id='word_1_517' title='bbox 1910 509 2072 553; x_wconf 31' lang='lat' dir='ltr'>residuum*</span> 
     </span>
     <span class='ocr_line' id='line_1_76' title="bbox 1188 558 2069 604; baseline 0.008 -10"><span class='ocrx_word' id='word_1_518' title='bbox 1188 562 1305 604; x_wconf 84' lang='lat' dir='ltr'>scripsit</span> <span class='ocrx_word' id='word_1_519' title='bbox 1317 558 1575 604; x_wconf 83' lang='lat' dir='ltr'>Christophorus</span> <span class='ocrx_word' id='word_1_520' title='bbox 1585 561 1865 597; x_wconf 73' lang='lat' dir='ltr'>Proto-a-Secretis</span> <span class='ocrx_word' id='word_1_521' title='bbox 1874 586 1886 603; x_wconf 90' lang='lat'>‚</span> <span class='ocrx_word' id='word_1_522' title='bbox 1911 565 1946 600; x_wconf 73' lang='grc' dir='ltr'>ὃ(</span> <span class='ocrx_word' id='word_1_523' title='bbox 1958 564 2069 601; x_wconf 82' lang='lat' dir='ltr'>Praefe-</span> 
     </span>
     <span class='ocr_line' id='line_1_77' title="bbox 1188 610 2070 657; baseline 0.008 -13"><span class='ocrx_word' id='word_1_524' title='bbox 1188 613 1254 645; x_wconf 65' lang='lat' dir='ltr'>{tus</span> <span class='ocrx_word' id='word_1_525' title='bbox 1265 610 1418 646; x_wconf 89' lang='lat' dir='ltr'>Caniculi</span> <span class='ocrx_word' id='word_1_526' title='bbox 1431 635 1442 651; x_wconf 92' lang='lat'>,</span> <span class='ocrx_word' id='word_1_527' title='bbox 1465 610 1507 644; x_wconf 85' lang='lat' dir='ltr'>de</span> <span class='ocrx_word' id='word_1_528' title='bbox 1518 621 1584 655; x_wconf 81' lang='lat' dir='ltr'>quo</span> <span class='ocrx_word' id='word_1_529' title='bbox 1599 610 1756 647; x_wconf 83' lang='lat' dir='ltr'>Anastasii</span> <span class='ocrx_word' id='word_1_530' title='bbox 1770 613 1949 657; x_wconf 84' lang='lat' dir='ltr'>marginale</span> <span class='ocrx_word' id='word_1_531' title='bbox 1979 615 2070 651; x_wconf 91' lang='lat' dir='ltr'>scho-</span> 
     </span>
     <span class='ocr_line' id='line_1_78' title="bbox 1188 659 2070 707; baseline 0.007 -14"><span class='ocrx_word' id='word_1_532' title='bbox 1188 661 1255 694; x_wconf 85' lang='lat' dir='ltr'>lion</span> <span class='ocrx_word' id='word_1_533' title='bbox 1268 674 1275 692; x_wconf 89' lang='lat'>:</span> <span class='ocrx_word' id='word_1_534' title='bbox 1304 659 1479 702; x_wconf 79' lang='lat' dir='ltr'>Praepofitus</span> <span class='ocrx_word' id='word_1_535' title='bbox 1491 662 1630 694; x_wconf 86' lang='lat' dir='ltr'>Caniculi</span> <span class='ocrx_word' id='word_1_536' title='bbox 1653 662 1738 702; x_wconf 86' lang='lat' dir='ltr'>apud</span> <span class='ocrx_word' id='word_1_537' title='bbox 1747 666 1865 696; x_wconf 76' lang='lat' dir='ltr'>Graecos</span> <span class='ocrx_word' id='word_1_538' title='bbox 1876 663 1914 703; x_wconf 82' lang='lat' dir='ltr'>est</span> <span class='ocrx_word' id='word_1_539' title='bbox 1925 688 1937 704; x_wconf 88' lang='lat'>,</span> <span class='ocrx_word' id='word_1_540' title='bbox 1964 672 2013 707; x_wconf 79' lang='lat' dir='ltr'>qui</span> <span class='ocrx_word' id='word_1_541' title='bbox 2022 677 2070 701; x_wconf 77' lang='lat' dir='ltr'>cu-</span> 
     </span>
     <span class='ocr_line' id='line_1_79' title="bbox 1186 710 2071 754; baseline 0.008 -12"><span class='ocrx_word' id='word_1_542' title='bbox 1186 722 1251 743; x_wconf 87' lang='lat' dir='ltr'>ram</span> <span class='ocrx_word' id='word_1_543' title='bbox 1276 710 1475 750; x_wconf 76' lang='lat' dir='ltr'>&amp;custodiam</span> <span class='ocrx_word' id='word_1_544' title='bbox 1494 717 1574 754; x_wconf 87' lang='lat' dir='ltr'>gerit</span> <span class='ocrx_word' id='word_1_545' title='bbox 1590 712 1728 744; x_wconf 88' lang='lat' dir='ltr'>Caniculi</span> <span class='ocrx_word' id='word_1_546' title='bbox 1740 735 1751 752; x_wconf 95' lang='lat'>,</span> <span class='ocrx_word' id='word_1_547' title='bbox 1777 715 1813 744; x_wconf 86' lang='lat' dir='ltr'>id</span> <span class='ocrx_word' id='word_1_548' title='bbox 1832 711 1892 753; x_wconf 78' lang='lat' dir='ltr'>est,</span> <span class='ocrx_word' id='word_1_549' title='bbox 1918 724 2071 749; x_wconf 86' lang='lat' dir='ltr'>atramen-</span> 
     </span>
     <span class='ocr_line' id='line_1_80' title="bbox 1188 760 2065 806; baseline 0.005 -12"><span class='ocrx_word' id='word_1_550' title='bbox 1188 766 1281 800; x_wconf 83' lang='lat' dir='ltr'>tarii,</span> <span class='ocrx_word' id='word_1_551' title='bbox 1308 771 1345 793; x_wconf 82' lang='lat' dir='ltr'>ex</span> <span class='ocrx_word' id='word_1_552' title='bbox 1368 772 1424 803; x_wconf 88' lang='lat' dir='ltr'>quo</span> <span class='ocrx_word' id='word_1_553' title='bbox 1436 765 1599 802; x_wconf 84' lang='lat' dir='ltr'>Imperator</span> <span class='ocrx_word' id='word_1_554' title='bbox 1614 760 1764 802; x_wconf 85' lang='lat' dir='ltr'>faeniceas</span> <span class='ocrx_word' id='word_1_555' title='bbox 1786 763 1903 795; x_wconf 85' lang='lat' dir='ltr'>litteras</span> <span class='ocrx_word' id='word_1_556' title='bbox 1918 763 2023 806; x_wconf 80' lang='lat' dir='ltr'>scribit</span> <span class='ocrx_word' id='word_1_557' title='bbox 2032 771 2065 799; x_wconf 84' lang='lat' dir='ltr'>in</span> 
     </span>
     <span class='ocr_line' id='line_1_81' title="bbox 1184 809 2066 855; baseline 0.01 -14"><span class='ocrx_word' id='word_1_558' title='bbox 1184 810 1316 843; x_wconf 81' lang='lat' dir='ltr'>chartis.</span> <span class='ocrx_word' id='word_1_559' title='bbox 1347 809 1534 855; x_wconf 81' lang='lat' dir='ltr'>Augustum</span> <span class='ocrx_word' id='word_1_560' title='bbox 1545 811 1807 849; x_wconf 83' lang='lat' dir='ltr'>atramentarium</span> <span class='ocrx_word' id='word_1_561' title='bbox 1820 810 1959 848; x_wconf 82' lang='lat' dir='ltr'>habebat</span> <span class='ocrx_word' id='word_1_562' title='bbox 1969 815 2066 850; x_wconf 85' lang='lat' dir='ltr'>Cani-</span> 
     </span>
     <span class='ocr_line' id='line_1_82' title="bbox 1188 860 1429 896; baseline 0.021 -5"><span class='ocrx_word' id='word_1_563' title='bbox 1188 860 1252 896; x_wconf 85' lang='lat' dir='ltr'>culi</span> <span class='ocrx_word' id='word_1_564' title='bbox 1268 862 1407 896; x_wconf 85' lang='lat' dir='ltr'>formam</span> <span class='ocrx_word' id='word_1_565' title='bbox 1422 886 1429 895; x_wconf 84' lang='lat'><strong>.</strong></span> 
     </span>
    </p>

    <p class='ocr_par' dir='ltr' id='par_1_9' title="bbox 1164 910 2069 2148">
     <span class='ocr_line' id='line_1_83' title="bbox 1235 910 2069 958; baseline 0.005 -15"><span class='ocrx_word' id='word_1_566' title='bbox 1235 910 1363 946; x_wconf 76' lang='lat' dir='ltr'>Exinde</span> <span class='ocrx_word' id='word_1_567' title='bbox 1385 910 1509 954; x_wconf 76' lang='lat' dir='ltr'>scriptae</span> <span class='ocrx_word' id='word_1_568' title='bbox 1531 914 1606 947; x_wconf 90' lang='lat' dir='ltr'>sunt</span> <span class='ocrx_word' id='word_1_569' title='bbox 1627 913 1698 947; x_wconf 88' lang='lat' dir='ltr'>duae</span> <span class='ocrx_word' id='word_1_570' title='bbox 1710 913 1864 958; x_wconf 81' lang='lat' dir='ltr'>Epistolae</span> <span class='ocrx_word' id='word_1_571' title='bbox 1877 914 2069 957; x_wconf 70' lang='lat' dir='ltr'>synodales:</span> 
     </span>
     <span class='ocr_line' id='line_1_84' title="bbox 1185 958 2062 1009; baseline 0.01 -18"><span class='ocrx_word' id='word_1_572' title='bbox 1185 958 1293 993; x_wconf 84' lang='lat' dir='ltr'>Prima</span> <span class='ocrx_word' id='word_1_573' title='bbox 1304 958 1350 992; x_wconf 87' lang='lat' dir='ltr'>est</span> <span class='ocrx_word' id='word_1_574' title='bbox 1373 960 1413 995; x_wconf 84' lang='lat' dir='ltr'>ad</span> <span class='ocrx_word' id='word_1_575' title='bbox 1424 973 1536 995; x_wconf 88' lang='lat' dir='ltr'>omnes</span> <span class='ocrx_word' id='word_1_576' title='bbox 1547 962 1606 996; x_wconf 93' lang='lat' dir='ltr'>sub</span> <span class='ocrx_word' id='word_1_577' title='bbox 1626 964 1711 997; x_wconf 86' lang='lat' dir='ltr'>coelo</span> <span class='ocrx_word' id='word_1_578' title='bbox 1723 963 1929 999; x_wconf 83' lang='lat' dir='ltr'>orthodoxos</span> <span class='ocrx_word' id='word_1_579' title='bbox 1951 966 2062 1009; x_wconf 88' lang='lat' dir='ltr'>Ency-</span> 
     </span>
     <span class='ocr_line' id='line_1_85' title="bbox 1184 1008 2066 1059; baseline 0.008 -17"><span class='ocrx_word' id='word_1_580' title='bbox 1184 1009 1286 1049; x_wconf 88' lang='lat' dir='ltr'>clica,</span> <span class='ocrx_word' id='word_1_581' title='bbox 1313 1010 1424 1043; x_wconf 87' lang='lat' dir='ltr'>omnia</span> <span class='ocrx_word' id='word_1_582' title='bbox 1448 1008 1562 1044; x_wconf 90' lang='lat' dir='ltr'>Photii</span> <span class='ocrx_word' id='word_1_583' title='bbox 1584 1013 1620 1046; x_wconf 91' lang='lat' dir='ltr'>in</span> <span class='ocrx_word' id='word_1_584' title='bbox 1634 1014 1786 1048; x_wconf 62' lang='lat' dir='ltr'>Sandium</span> <span class='ocrx_word' id='word_1_585' title='bbox 1806 1015 1973 1059; x_wconf 88' lang='lat' dir='ltr'>Ignatium</span> <span class='ocrx_word' id='word_1_586' title='bbox 1990 1040 2001 1056; x_wconf 94' lang='lat'>,</span> <span class='ocrx_word' id='word_1_587' title='bbox 2026 1027 2066 1050; x_wconf 87' lang='lat' dir='ltr'>ac</span> 
     </span>
     <span class='ocr_line' id='line_1_86' title="bbox 1183 1058 2066 1101; baseline 0.009 -10"><span class='ocrx_word' id='word_1_588' title='bbox 1183 1058 1309 1101; x_wconf 88' lang='lat' dir='ltr'>Synodi</span> <span class='ocrx_word' id='word_1_589' title='bbox 1334 1060 1370 1092; x_wconf 86' lang='lat' dir='ltr'>in</span> <span class='ocrx_word' id='word_1_590' title='bbox 1398 1058 1557 1093; x_wconf 86' lang='lat' dir='ltr'>Photium</span> <span class='ocrx_word' id='word_1_591' title='bbox 1571 1084 1582 1101; x_wconf 89' lang='lat'>,</span> <span class='ocrx_word' id='word_1_592' title='bbox 1608 1072 1668 1094; x_wconf 83' lang='lat' dir='ltr'>nec</span> <span class='ocrx_word' id='word_1_593' title='bbox 1691 1073 1760 1095; x_wconf 88' lang='lat' dir='ltr'>non</span> <span class='ocrx_word' id='word_1_594' title='bbox 1782 1064 1818 1096; x_wconf 90' lang='lat' dir='ltr'>in</span> <span class='ocrx_word' id='word_1_595' title='bbox 1842 1063 2066 1099; x_wconf 88' lang='lat' dir='ltr'>Theodorum</span> 
     </span>
     <span class='ocr_line' id='line_1_87' title="bbox 1184 1106 2068 1155; baseline 0.006 -13"><span class='ocrx_word' id='word_1_596' title='bbox 1184 1106 1394 1147; x_wconf 85' lang='lat' dir='ltr'>Crithinum‚</span> <span class='ocrx_word' id='word_1_597' title='bbox 1415 1119 1456 1142; x_wconf 85' lang='lat' dir='ltr'>ac</span> <span class='ocrx_word' id='word_1_598' title='bbox 1478 1110 1643 1153; x_wconf 87' lang='lat' dir='ltr'>utriusque</span> <span class='ocrx_word' id='word_1_599' title='bbox 1663 1111 1836 1145; x_wconf 73' lang='lat' dir='ltr'>fafflonem</span> <span class='ocrx_word' id='word_1_600' title='bbox 1850 1112 1936 1155; x_wconf 81' lang='lat' dir='ltr'>gesta</span> <span class='ocrx_word' id='word_1_601' title='bbox 1957 1114 2068 1147; x_wconf 80' lang='lat' dir='ltr'>ediffe-</span> 
     </span>
     <span class='ocr_line' id='line_1_88' title="bbox 1184 1158 2066 1206; baseline 0.006 -14"><span class='ocrx_word' id='word_1_602' title='bbox 1184 1170 1273 1193; x_wconf 89' lang='lat' dir='ltr'>rens:</span> <span class='ocrx_word' id='word_1_603' title='bbox 1300 1158 1523 1194; x_wconf 87' lang='lat' dir='ltr'>Eruditiffima</span> <span class='ocrx_word' id='word_1_604' title='bbox 1533 1159 1602 1200; x_wconf 89' lang='lat' dir='ltr'>est,</span> <span class='ocrx_word' id='word_1_605' title='bbox 1631 1170 1668 1193; x_wconf 85' lang='lat' dir='ltr'>ac</span> <span class='ocrx_word' id='word_1_606' title='bbox 1678 1159 1818 1193; x_wconf 75' lang='lat' dir='ltr'>omnino</span> <span class='ocrx_word' id='word_1_607' title='bbox 1830 1159 1983 1206; x_wconf 87' lang='lat' dir='ltr'>legenda.</span> <span class='ocrx_word' id='word_1_608' title='bbox 2011 1164 2066 1197; x_wconf 89' lang='lat' dir='ltr'>Se-</span> 
     </span>
     <span class='ocr_line' id='line_1_89' title="bbox 1182 1207 2065 1250; baseline 0.003 -6"><span class='ocrx_word' id='word_1_609' title='bbox 1182 1207 1287 1244; x_wconf 81' lang='lat' dir='ltr'>cunda</span> <span class='ocrx_word' id='word_1_610' title='bbox 1306 1210 1350 1243; x_wconf 90' lang='lat' dir='ltr'>est</span> <span class='ocrx_word' id='word_1_611' title='bbox 1364 1208 1406 1243; x_wconf 88' lang='lat' dir='ltr'>ad</span> <span class='ocrx_word' id='word_1_612' title='bbox 1421 1209 1607 1244; x_wconf 87' lang='lat' dir='ltr'>Adrianum</span> <span class='ocrx_word' id='word_1_613' title='bbox 1617 1208 1817 1245; x_wconf 86' lang='lat' dir='ltr'>Pontificem</span> <span class='ocrx_word' id='word_1_614' title='bbox 1829 1234 1840 1250; x_wconf 95' lang='lat'>,</span> <span class='ocrx_word' id='word_1_615' title='bbox 1867 1211 2065 1247; x_wconf 69' lang='lat' dir='ltr'>Ecclesiasti-</span> 
     </span>
     <span class='ocr_line' id='line_1_90' title="bbox 1182 1258 2064 1306; baseline 0.005 -13"><span class='ocrx_word' id='word_1_616' title='bbox 1182 1271 1224 1294; x_wconf 75' lang='lat' dir='ltr'>cae</span> <span class='ocrx_word' id='word_1_617' title='bbox 1237 1259 1326 1292; x_wconf 89' lang='lat' dir='ltr'>navis</span> <span class='ocrx_word' id='word_1_618' title='bbox 1334 1258 1551 1303; x_wconf 85' lang='lat' dir='ltr'>gubernacula</span> <span class='ocrx_word' id='word_1_619' title='bbox 1564 1258 1721 1294; x_wconf 84' lang='lat' dir='ltr'>Romano</span> <span class='ocrx_word' id='word_1_620' title='bbox 1735 1260 1898 1304; x_wconf 88' lang='lat' dir='ltr'>Episcopo</span> <span class='ocrx_word' id='word_1_621' title='bbox 1923 1262 1987 1296; x_wconf 73' lang='lat' dir='ltr'>esse</span> <span class='ocrx_word' id='word_1_622' title='bbox 2008 1274 2064 1306; x_wconf 86' lang='lat' dir='ltr'>per</span> 
     </span>
     <span class='ocr_line' id='line_1_91' title="bbox 1181 1308 2062 1353; baseline 0.006 -12"><span class='ocrx_word' id='word_1_623' title='bbox 1181 1309 1289 1352; x_wconf 84' lang='lat' dir='ltr'>Jesum</span> <span class='ocrx_word' id='word_1_624' title='bbox 1300 1308 1468 1344; x_wconf 86' lang='lat' dir='ltr'>Christum</span> <span class='ocrx_word' id='word_1_625' title='bbox 1478 1310 1648 1343; x_wconf 79' lang='lat' dir='ltr'>commissa</span> <span class='ocrx_word' id='word_1_626' title='bbox 1659 1334 1671 1350; x_wconf 92' lang='lat'>,</span> <span class='ocrx_word' id='word_1_627' title='bbox 1682 1322 1719 1344; x_wconf 86' lang='lat' dir='ltr'>ac</span> <span class='ocrx_word' id='word_1_628' title='bbox 1731 1310 1844 1345; x_wconf 87' lang='lat' dir='ltr'>omnia</span> <span class='ocrx_word' id='word_1_629' title='bbox 1857 1311 1982 1353; x_wconf 86' lang='lat' dir='ltr'>Synodi</span> <span class='ocrx_word' id='word_1_630' title='bbox 1996 1313 2062 1346; x_wconf 86' lang='lat' dir='ltr'>De-</span> 
     </span>
     <span class='ocr_line' id='line_1_92' title="bbox 1180 1358 2062 1404; baseline 0.003 -11"><span class='ocrx_word' id='word_1_631' title='bbox 1180 1369 1265 1393; x_wconf 86' lang='lat' dir='ltr'>creta</span> <span class='ocrx_word' id='word_1_632' title='bbox 1287 1370 1328 1392; x_wconf 86' lang='lat' dir='ltr'>ex</span> <span class='ocrx_word' id='word_1_633' title='bbox 1352 1359 1444 1393; x_wconf 88' lang='lat' dir='ltr'>Sedis</span> <span class='ocrx_word' id='word_1_634' title='bbox 1469 1358 1665 1403; x_wconf 78' lang='lat' dir='ltr'>Apostolicae</span> <span class='ocrx_word' id='word_1_635' title='bbox 1698 1360 1855 1396; x_wconf 86' lang='lat' dir='ltr'>mandato</span> <span class='ocrx_word' id='word_1_636' title='bbox 1883 1362 2062 1404; x_wconf 78' lang='lat' dir='ltr'>proceffisse</span> 
     </span>
     <span class='ocr_line' id='line_1_93' title="bbox 1183 1408 2061 1452; baseline 0.002 -11"><span class='ocrx_word' id='word_1_637' title='bbox 1183 1410 1337 1450; x_wconf 86' lang='lat' dir='ltr'>profitens</span> <span class='ocrx_word' id='word_1_638' title='bbox 1351 1433 1362 1449; x_wconf 92' lang='lat'>‚</span> <span class='ocrx_word' id='word_1_639' title='bbox 1390 1408 1531 1451; x_wconf 74' lang='lat' dir='ltr'>ideoque</span> <span class='ocrx_word' id='word_1_640' title='bbox 1546 1409 1712 1452; x_wconf 86' lang='lat' dir='ltr'>postulans</span> <span class='ocrx_word' id='word_1_641' title='bbox 1722 1410 1836 1444; x_wconf 89' lang='lat' dir='ltr'>eadem</span> <span class='ocrx_word' id='word_1_642' title='bbox 1857 1413 2061 1445; x_wconf 85' lang='lat' dir='ltr'>confirmari.</span> 
     </span>
     <span class='ocr_line' id='line_1_94' title="bbox 1180 1457 2062 1502; baseline 0.006 -13"><span class='ocrx_word' id='word_1_643' title='bbox 1180 1457 1249 1490; x_wconf 87' lang='lat' dir='ltr'>Hic</span> <span class='ocrx_word' id='word_1_644' title='bbox 1261 1457 1306 1489; x_wconf 81' lang='lat' dir='ltr'>est</span> <span class='ocrx_word' id='word_1_645' title='bbox 1319 1459 1491 1492; x_wconf 88' lang='lat' dir='ltr'>consuetus</span> <span class='ocrx_word' id='word_1_646' title='bbox 1508 1459 1667 1501; x_wconf 89' lang='lat' dir='ltr'>Epilogus</span> <span class='ocrx_word' id='word_1_647' title='bbox 1689 1459 1839 1493; x_wconf 87' lang='lat' dir='ltr'>omnium</span> <span class='ocrx_word' id='word_1_648' title='bbox 1861 1461 2062 1502; x_wconf 88' lang='lat' dir='ltr'>generalium</span> 
     </span>
     <span class='ocr_line' id='line_1_95' title="bbox 1181 1505 2062 1549; baseline 0.002 -9"><span class='ocrx_word' id='word_1_649' title='bbox 1181 1505 1393 1549; x_wconf 89' lang='lat' dir='ltr'>Synodorum</span> <span class='ocrx_word' id='word_1_650' title='bbox 1407 1531 1413 1538; x_wconf 94' lang='lat'><strong>.</strong></span> <span class='ocrx_word' id='word_1_651' title='bbox 1435 1507 1652 1543; x_wconf 77' lang='lat' dir='ltr'>Famofiffima</span> <span class='ocrx_word' id='word_1_652' title='bbox 1663 1506 1802 1543; x_wconf 85' lang='lat' dir='ltr'>fuithaec</span> <span class='ocrx_word' id='word_1_653' title='bbox 1812 1508 1938 1542; x_wconf 83' lang='lat' dir='ltr'>decima</span> <span class='ocrx_word' id='word_1_654' title='bbox 1949 1509 2062 1544; x_wconf 57' lang='lat' dir='ltr'>Aetio.</span> 
     </span>
     <span class='ocr_line' id='line_1_96' title="bbox 1181 1555 2060 1594; baseline 0.006 -6"><span class='ocrx_word' id='word_1_655' title='bbox 1181 1556 1314 1589; x_wconf 89' lang='lat' dir='ltr'>Etenim</span> <span class='ocrx_word' id='word_1_656' title='bbox 1325 1566 1393 1589; x_wconf 88' lang='lat' dir='ltr'>non</span> <span class='ocrx_word' id='word_1_657' title='bbox 1407 1555 1638 1590; x_wconf 77' lang='lat' dir='ltr'>tantummodo</span> <span class='ocrx_word' id='word_1_658' title='bbox 1649 1567 1725 1590; x_wconf 91' lang='lat' dir='ltr'>cum</span> <span class='ocrx_word' id='word_1_659' title='bbox 1749 1557 1824 1590; x_wconf 87' lang='lat' dir='ltr'>filiis</span> <span class='ocrx_word' id='word_1_660' title='bbox 1837 1558 2060 1594; x_wconf 86' lang='lat' dir='ltr'>Constantino</span> 
     </span>
     <span class='ocr_line' id='line_1_97' title="bbox 1178 1604 2058 1650; baseline 0.007 -12"><span class='ocrx_word' id='word_1_661' title='bbox 1178 1605 1213 1638; x_wconf 90' lang='lat'>&amp;</span> <span class='ocrx_word' id='word_1_662' title='bbox 1236 1605 1350 1639; x_wconf 87' lang='lat' dir='ltr'>Leone</span> <span class='ocrx_word' id='word_1_663' title='bbox 1374 1604 1510 1638; x_wconf 86' lang='lat' dir='ltr'>Basilius</span> <span class='ocrx_word' id='word_1_664' title='bbox 1532 1604 1702 1650; x_wconf 86' lang='lat' dir='ltr'>Augustus</span> <span class='ocrx_word' id='word_1_665' title='bbox 1727 1606 1854 1647; x_wconf 87' lang='lat' dir='ltr'>adfuit,</span> <span class='ocrx_word' id='word_1_666' title='bbox 1881 1608 1934 1641; x_wconf 88' lang='lat' dir='ltr'>sed</span> <span class='ocrx_word' id='word_1_667' title='bbox 1957 1609 2058 1644; x_wconf 82' lang='lat' dir='ltr'>etiam</span> 
     </span>
     <span class='ocr_line' id='line_1_98' title="bbox 1179 1652 2058 1700; baseline 0.007 -13"><span class='ocrx_word' id='word_1_668' title='bbox 1179 1652 1355 1700; x_wconf 76' lang='lat' dir='ltr'>Apocrisarii</span> <span class='ocrx_word' id='word_1_669' title='bbox 1375 1653 1521 1700; x_wconf 83' lang='lat' dir='ltr'>perspicui</span> <span class='ocrx_word' id='word_1_670' title='bbox 1545 1656 1689 1689; x_wconf 84' lang='lat' dir='ltr'>Ludovici</span> <span class='ocrx_word' id='word_1_671' title='bbox 1701 1660 1894 1698; x_wconf 83' lang='lat' dir='ltr'>Imperatoris</span> <span class='ocrx_word' id='word_1_672' title='bbox 1916 1661 2058 1695; x_wconf 87' lang='lat' dir='ltr'>Italorum</span> 
     </span>
     <span class='ocr_line' id='line_1_99' title="bbox 1180 1706 2060 1748; baseline 0.003 -10"><span class='ocrx_word' id='word_1_673' title='bbox 1180 1714 1272 1747; x_wconf 89' lang='lat' dir='ltr'>atque</span> <span class='ocrx_word' id='word_1_674' title='bbox 1286 1709 1471 1739; x_wconf 83' lang='lat' dir='ltr'>Francorum</span> <span class='ocrx_word' id='word_1_675' title='bbox 1483 1730 1494 1746; x_wconf 92' lang='lat'>‚</span> <span class='ocrx_word' id='word_1_676' title='bbox 1519 1707 1660 1739; x_wconf 82' lang='lat' dir='ltr'>videlicet</span> <span class='ocrx_word' id='word_1_677' title='bbox 1673 1706 1837 1748; x_wconf 80' lang='lat' dir='ltr'>Anastafius</span> <span class='ocrx_word' id='word_1_678' title='bbox 1850 1711 1911 1740; x_wconf 84' lang='lat' dir='ltr'>Deo</span> <span class='ocrx_word' id='word_1_679' title='bbox 1921 1709 2060 1743; x_wconf 86' lang='lat' dir='ltr'>amabilis</span> 
     </span>
     <span class='ocr_line' id='line_1_100' title="bbox 1177 1754 2061 1797; baseline 0.002 -8"><span class='ocrx_word' id='word_1_680' title='bbox 1177 1754 1424 1789; x_wconf 84' lang='lat' dir='ltr'>Bibliothecarius</span> <span class='ocrx_word' id='word_1_681' title='bbox 1438 1758 1540 1788; x_wconf 83' lang='lat' dir='ltr'>Romae</span> <span class='ocrx_word' id='word_1_682' title='bbox 1552 1779 1563 1794; x_wconf 92' lang='lat'>,</span> <span class='ocrx_word' id='word_1_683' title='bbox 1589 1757 1685 1796; x_wconf 79' lang='lat' dir='ltr'>Suppo</span> <span class='ocrx_word' id='word_1_684' title='bbox 1692 1761 1808 1796; x_wconf 86' lang='lat' dir='ltr'>primus</span> <span class='ocrx_word' id='word_1_685' title='bbox 1833 1757 2061 1797; x_wconf 68' lang='lat' dir='ltr'>Contffanario-</span> 
     </span>
     <span class='ocr_line' id='line_1_101' title="bbox 1175 1803 2063 1844; baseline 0.007 -9"><span class='ocrx_word' id='word_1_686' title='bbox 1175 1815 1243 1835; x_wconf 86' lang='lat' dir='ltr'>rum</span> <span class='ocrx_word' id='word_1_687' title='bbox 1252 1826 1263 1841; x_wconf 91' lang='lat'>,</span> <span class='ocrx_word' id='word_1_688' title='bbox 1273 1805 1307 1836; x_wconf 71' lang='lat'>&amp;⁵</span> <span class='ocrx_word' id='word_1_689' title='bbox 1318 1803 1503 1844; x_wconf 68' lang='lat' dir='ltr'>consobrinus</span> <span class='ocrx_word' id='word_1_690' title='bbox 1515 1809 1615 1835; x_wconf 68' lang='lat' dir='ltr'>uxoris</span> <span class='ocrx_word' id='word_1_691' title='bbox 1628 1805 1693 1843; x_wconf 68' lang='lat' dir='ltr'>eius</span> <span class='ocrx_word' id='word_1_692' title='bbox 1707 1828 1717 1843; x_wconf 95' lang='lat'>,</span> <span class='ocrx_word' id='word_1_693' title='bbox 1738 1805 1772 1837; x_wconf 56' lang='grc' dir='ltr'>(τ</span> <span class='ocrx_word' id='word_1_694' title='bbox 1786 1806 1964 1838; x_wconf 77' lang='lat' dir='ltr'>Everardus</span> <span class='ocrx_word' id='word_1_695' title='bbox 1977 1811 2063 1841; x_wconf 88' lang='lat' dir='ltr'>Prae-</span> 
     </span>
     <span class='ocr_line' id='line_1_102' title="bbox 1164 1850 2060 1900; baseline 0.007 -17"><span class='ocrx_word' id='word_1_696' title='bbox 1164 1850 1279 1893; x_wconf 73' lang='lat' dir='ltr'>pofincs</span> <span class='ocrx_word' id='word_1_697' title='bbox 1303 1850 1411 1894; x_wconf 82' lang='lat' dir='ltr'>mensae</span> <span class='ocrx_word' id='word_1_698' title='bbox 1434 1853 1515 1884; x_wconf 85' lang='lat' dir='ltr'>illius</span> <span class='ocrx_word' id='word_1_699' title='bbox 1538 1876 1545 1883; x_wconf 90' lang='lat'><strong>.</strong></span> <span class='ocrx_word' id='word_1_700' title='bbox 1572 1854 1713 1886; x_wconf 81' lang='lat' dir='ltr'>Similiter</span> <span class='ocrx_word' id='word_1_701' title='bbox 1730 1853 1912 1896; x_wconf 81' lang='lat' dir='ltr'>gloriofiffim&#39;i</span> <span class='ocrx_word' id='word_1_702' title='bbox 1926 1860 1959 1900; x_wconf 86' lang='lat' dir='ltr'><strong><em>J</em></strong></span> <span class='ocrx_word' id='word_1_703' title='bbox 1961 1858 2060 1891; x_wconf 72' lang='lat' dir='ltr'>udices</span> 
     </span>
     <span class='ocr_line' id='line_1_103' title="bbox 1177 1900 2061 1949; baseline 0.008 -16"><span class='ocrx_word' id='word_1_704' title='bbox 1177 1900 1333 1933; x_wconf 83' lang='lat' dir='ltr'>Michaelis</span> <span class='ocrx_word' id='word_1_705' title='bbox 1349 1900 1542 1942; x_wconf 73' lang='lat' dir='ltr'>ficblimiffimi</span> <span class='ocrx_word' id='word_1_706' title='bbox 1568 1904 1722 1943; x_wconf 82' lang='lat' dir='ltr'>Principis</span> <span class='ocrx_word' id='word_1_707' title='bbox 1744 1903 1901 1947; x_wconf 82' lang='lat' dir='ltr'>Bulgariae</span> <span class='ocrx_word' id='word_1_708' title='bbox 1924 1906 2061 1949; x_wconf 75' lang='lat' dir='ltr'>stasisze-</span> 
     </span>
     <span class='ocr_line' id='line_1_104' title="bbox 1175 1947 2061 1999; baseline 0.009 -17"><span class='ocrx_word' id='word_1_709' title='bbox 1175 1960 1240 1990; x_wconf 86' lang='lat' dir='ltr'>reo,</span> <span class='ocrx_word' id='word_1_710' title='bbox 1267 1947 1479 1992; x_wconf 78' lang='lat' dir='ltr'>Nefandicus,</span> <span class='ocrx_word' id='word_1_711' title='bbox 1511 1954 1682 1992; x_wconf 86' lang='lat' dir='ltr'>Vagartus.</span> <span class='ocrx_word' id='word_1_712' title='bbox 1709 1950 1760 1983; x_wconf 68' lang='lat' dir='ltr'>Ita</span> <span class='ocrx_word' id='word_1_713' title='bbox 1778 1953 1812 1984; x_wconf 88' lang='lat' dir='ltr'>in</span> <span class='ocrx_word' id='word_1_714' title='bbox 1837 1952 1968 1988; x_wconf 82' lang='lat' dir='ltr'>scholi-is</span> <span class='ocrx_word' id='word_1_715' title='bbox 1991 1957 2061 1999; x_wconf 72' lang='lat' dir='ltr'>ipse</span> 
     </span>
     <span class='ocr_line' id='line_1_105' title="bbox 1176 1998 2058 2045; baseline 0.009 -13"><span class='ocrx_word' id='word_1_716' title='bbox 1176 1998 1361 2034; x_wconf 74' lang='lat' dir='ltr'>Anastasius</span> <span class='ocrx_word' id='word_1_717' title='bbox 1381 1999 1533 2033; x_wconf 81' lang='lat' dir='ltr'>testatur.</span> <span class='ocrx_word' id='word_1_718' title='bbox 1562 1999 1778 2044; x_wconf 86' lang='lat' dir='ltr'>Bulgarorum</span> <span class='ocrx_word' id='word_1_719' title='bbox 1791 2000 1910 2045; x_wconf 85' lang='lat' dir='ltr'>Legati</span> <span class='ocrx_word' id='word_1_720' title='bbox 1937 2004 1976 2037; x_wconf 87' lang='lat' dir='ltr'>ad</span> <span class='ocrx_word' id='word_1_721' title='bbox 1990 2005 2058 2040; x_wconf 90' lang='lat' dir='ltr'>Ro-</span> 
     </span>
     <span class='ocr_line' id='line_1_106' title="bbox 1174 2048 2057 2095; baseline 0.007 -12"><span class='ocrx_word' id='word_1_722' title='bbox 1174 2060 1289 2084; x_wconf 88' lang='lat' dir='ltr'>manos</span> <span class='ocrx_word' id='word_1_723' title='bbox 1301 2049 1442 2095; x_wconf 89' lang='lat' dir='ltr'>Legatos</span> <span class='ocrx_word' id='word_1_724' title='bbox 1454 2048 1642 2085; x_wconf 86' lang='lat' dir='ltr'>salutandos</span> <span class='ocrx_word' id='word_1_725' title='bbox 1652 2059 1806 2086; x_wconf 84' lang='lat' dir='ltr'>venerant</span> <span class='ocrx_word' id='word_1_726' title='bbox 1816 2076 1826 2092; x_wconf 94' lang='lat'>‚</span> <span class='ocrx_word' id='word_1_727' title='bbox 1839 2051 1873 2084; x_wconf 88' lang='lat'>&amp;</span> <span class='ocrx_word' id='word_1_728' title='bbox 1887 2052 1927 2086; x_wconf 86' lang='lat' dir='ltr'>ad</span> <span class='ocrx_word' id='word_1_729' title='bbox 1942 2054 2057 2089; x_wconf 84' lang='lat' dir='ltr'>finien-</span> 
     </span>
     <span class='ocr_line' id='line_1_107' title="bbox 1173 2099 2059 2148; baseline 0 -14"><span class='ocrx_word' id='word_1_730' title='bbox 1173 2100 1229 2134; x_wconf 89' lang='lat' dir='ltr'>das</span> <span class='ocrx_word' id='word_1_731' title='bbox 1251 2101 1322 2135; x_wconf 81' lang='lat' dir='ltr'>suas</span> <span class='ocrx_word' id='word_1_732' title='bbox 1341 2101 1427 2135; x_wconf 90' lang='lat' dir='ltr'>inter</span> <span class='ocrx_word' id='word_1_733' title='bbox 1448 2099 1639 2135; x_wconf 88' lang='lat' dir='ltr'>Romanum</span> <span class='ocrx_word' id='word_1_734' title='bbox 1660 2102 1695 2136; x_wconf 75' lang='grc' dir='ltr'>δε</span> <span class='ocrx_word' id='word_1_735' title='bbox 1718 2101 2059 2148; x_wconf 75' lang='lat' dir='ltr'>Constantinopolita-</span> 
     </span>
    </p>
   </div>
   <div class='ocr_carea' id='block_1_9' title="bbox 1145 2149 1751 2195">
    <p class='ocr_par' dir='ltr' id='par_1_10' title="bbox 1145 2149 1751 2195">
     <span class='ocr_line' id='line_1_108' title="bbox 1145 2149 1751 2195; baseline 0.007 -14"><span class='ocrx_word' id='word_1_736' title='bbox 1145 2157 1151 2181; x_wconf 81' lang='grc'>·,</span> <span class='ocrx_word' id='word_1_737' title='bbox 1174 2161 1255 2185; x_wconf 90' lang='lat' dir='ltr'>num</span> <span class='ocrx_word' id='word_1_738' title='bbox 1270 2149 1528 2185; x_wconf 84' lang='lat' dir='ltr'>Patriarchatum</span> <span class='ocrx_word' id='word_1_739' title='bbox 1540 2150 1732 2195; x_wconf 72' lang='lat' dir='ltr'>quaestiones</span> <span class='ocrx_word' id='word_1_740' title='bbox 1743 2178 1751 2185; x_wconf 93' lang='lat'>.</span> 
     </span>
    </p>
   </div>
   <div class='ocr_carea' id='block_1_10' title="bbox 1149 2200 2054 3482">
    <p class='ocr_par' dir='ltr' id='par_1_11' title="bbox 1149 2200 2054 3444">
     <span class='ocr_line' id='line_1_109' title="bbox 1224 2200 2052 2246; baseline 0.01 -12"><span class='ocrx_word' id='word_1_741' title='bbox 1224 2200 1442 2244; x_wconf 82' lang='lat' dir='ltr'>synodalium</span> <span class='ocrx_word' id='word_1_742' title='bbox 1481 2201 1640 2235; x_wconf 70' lang='lat' dir='ltr'>Asterum</span> <span class='ocrx_word' id='word_1_743' title='bbox 1677 2203 1883 2246; x_wconf 86' lang='lat' dir='ltr'>Compilator</span> <span class='ocrx_word' id='word_1_744' title='bbox 1916 2204 2052 2242; x_wconf 66' lang='lat' dir='ltr'>Astioni</span> 
     </span>
     <span class='ocr_line' id='line_1_110' title="bbox 1174 2249 2054 2300; baseline 0.008 -16"><span class='ocrx_word' id='word_1_745' title='bbox 1174 2249 1252 2285; x_wconf 88' lang='lat' dir='ltr'>huic</span> <span class='ocrx_word' id='word_1_746' title='bbox 1264 2251 1412 2293; x_wconf 85' lang='lat' dir='ltr'>adjunxit</span> <span class='ocrx_word' id='word_1_747' title='bbox 1434 2251 1468 2285; x_wconf 77' lang='grc' dir='ltr'>δε</span> <span class='ocrx_word' id='word_1_748' title='bbox 1477 2250 1558 2285; x_wconf 90' lang='lat' dir='ltr'>duas</span> <span class='ocrx_word' id='word_1_749' title='bbox 1568 2252 1646 2286; x_wconf 86' lang='lat' dir='ltr'>alias</span> <span class='ocrx_word' id='word_1_750' title='bbox 1658 2253 1820 2296; x_wconf 87' lang='lat' dir='ltr'>Epistolas</span> <span class='ocrx_word' id='word_1_751' title='bbox 1832 2280 1842 2295; x_wconf 94' lang='lat'>‚</span> <span class='ocrx_word' id='word_1_752' title='bbox 1872 2255 1984 2290; x_wconf 74' lang='lat' dir='ltr'>verum</span> <span class='ocrx_word' id='word_1_753' title='bbox 1996 2258 2054 2300; x_wconf 82' lang='lat' dir='ltr'>Sy-</span> 
     </span>
     <span class='ocr_line' id='line_1_111' title="bbox 1173 2301 2053 2349; baseline 0.008 -15"><span class='ocrx_word' id='word_1_754' title='bbox 1173 2301 1263 2335; x_wconf 88' lang='lat' dir='ltr'>nodo</span> <span class='ocrx_word' id='word_1_755' title='bbox 1285 2302 1318 2335; x_wconf 88' lang='lat'>&amp;</span> <span class='ocrx_word' id='word_1_756' title='bbox 1331 2301 1562 2341; x_wconf 82' lang='lat' dir='ltr'>Romanorum</span> <span class='ocrx_word' id='word_1_757' title='bbox 1575 2302 1773 2346; x_wconf 86' lang='lat' dir='ltr'>Legatorum</span> <span class='ocrx_word' id='word_1_758' title='bbox 1795 2304 1928 2339; x_wconf 72' lang='lat' dir='ltr'>discessu</span> <span class='ocrx_word' id='word_1_759' title='bbox 1948 2307 2053 2349; x_wconf 87' lang='lat' dir='ltr'>poste-</span> 
     </span>
     <span class='ocr_line' id='line_1_112' title="bbox 1170 2351 2052 2400; baseline 0.007 -16"><span class='ocrx_word' id='word_1_760' title='bbox 1170 2352 1289 2385; x_wconf 84' lang='lat' dir='ltr'>riores.</span> <span class='ocrx_word' id='word_1_761' title='bbox 1316 2353 1399 2385; x_wconf 89' lang='lat' dir='ltr'>Sunt</span> <span class='ocrx_word' id='word_1_762' title='bbox 1417 2351 1543 2394; x_wconf 88' lang='lat' dir='ltr'>Synodi</span> <span class='ocrx_word' id='word_1_763' title='bbox 1566 2352 1751 2395; x_wconf 84' lang='lat' dir='ltr'>appendix,</span> <span class='ocrx_word' id='word_1_764' title='bbox 1778 2355 1962 2389; x_wconf 79' lang='lat' dir='ltr'>&amp;omnino</span> <span class='ocrx_word' id='word_1_765' title='bbox 1986 2358 2052 2400; x_wconf 87' lang='lat' dir='ltr'>spe-</span> 
     </span>
     <span class='ocr_line' id='line_1_113' title="bbox 1169 2399 2049 2443; baseline 0.007 -8"><span class='ocrx_word' id='word_1_766' title='bbox 1169 2402 1255 2435; x_wconf 67' lang='lat' dir='ltr'>&amp;ant</span> <span class='ocrx_word' id='word_1_767' title='bbox 1266 2400 1305 2434; x_wconf 88' lang='lat' dir='ltr'>ad</span> <span class='ocrx_word' id='word_1_768' title='bbox 1317 2401 1384 2443; x_wconf 82' lang='lat' dir='ltr'>ejus</span> <span class='ocrx_word' id='word_1_769' title='bbox 1402 2399 1484 2434; x_wconf 69' lang='lat' dir='ltr'>Asta</span> <span class='ocrx_word' id='word_1_770' title='bbox 1498 2427 1506 2434; x_wconf 94' lang='lat'><strong><em>.</em></strong></span> <span class='ocrx_word' id='word_1_771' title='bbox 1536 2401 1644 2435; x_wconf 89' lang='lat' dir='ltr'>Prima</span> <span class='ocrx_word' id='word_1_772' title='bbox 1662 2401 1708 2437; x_wconf 87' lang='lat' dir='ltr'>est</span> <span class='ocrx_word' id='word_1_773' title='bbox 1721 2403 1830 2438; x_wconf 82' lang='lat' dir='ltr'>Bafilii</span> <span class='ocrx_word' id='word_1_774' title='bbox 1853 2417 1891 2439; x_wconf 89' lang='lat' dir='ltr'>ac</span> <span class='ocrx_word' id='word_1_775' title='bbox 1905 2406 2049 2442; x_wconf 84' lang='lat' dir='ltr'>filiorum</span> 
     </span>
     <span class='ocr_line' id='line_1_114' title="bbox 1169 2450 2049 2492; baseline 0.008 -7"><span class='ocrx_word' id='word_1_776' title='bbox 1169 2450 1382 2485; x_wconf 86' lang='lat' dir='ltr'>Constantini</span> <span class='ocrx_word' id='word_1_777' title='bbox 1410 2450 1443 2484; x_wconf 88' lang='lat'>&amp;</span> <span class='ocrx_word' id='word_1_778' title='bbox 1466 2451 1591 2485; x_wconf 88' lang='lat' dir='ltr'>Leonis</span> <span class='ocrx_word' id='word_1_779' title='bbox 1615 2452 1656 2486; x_wconf 87' lang='lat' dir='ltr'>ad</span> <span class='ocrx_word' id='word_1_780' title='bbox 1682 2452 1833 2488; x_wconf 87' lang='lat' dir='ltr'>eumdem</span> <span class='ocrx_word' id='word_1_781' title='bbox 1862 2455 2049 2492; x_wconf 78' lang='lat' dir='ltr'>Adrianum</span> 
     </span>
     <span class='ocr_line' id='line_1_115' title="bbox 1167 2499 2048 2549; baseline 0.005 -15"><span class='ocrx_word' id='word_1_782' title='bbox 1167 2500 1361 2535; x_wconf 86' lang='lat' dir='ltr'>Pontificem</span> <span class='ocrx_word' id='word_1_783' title='bbox 1374 2524 1385 2540; x_wconf 93' lang='lat'>,</span> <span class='ocrx_word' id='word_1_784' title='bbox 1399 2499 1535 2534; x_wconf 86' lang='lat' dir='ltr'>laudans</span> <span class='ocrx_word' id='word_1_785' title='bbox 1546 2503 1631 2546; x_wconf 88' lang='lat' dir='ltr'>gesta</span> <span class='ocrx_word' id='word_1_786' title='bbox 1646 2503 1772 2545; x_wconf 87' lang='lat' dir='ltr'>Synodi</span> <span class='ocrx_word' id='word_1_787' title='bbox 1784 2529 1794 2544; x_wconf 92' lang='lat'>,</span> <span class='ocrx_word' id='word_1_788' title='bbox 1805 2505 1838 2538; x_wconf 75' lang='grc' dir='ltr'>ἀ</span> <span class='ocrx_word' id='word_1_789' title='bbox 1848 2503 2048 2549; x_wconf 86' lang='lat' dir='ltr'>adjungens:</span> 
     </span>
     <span class='ocr_line' id='line_1_116' title="bbox 1165 2551 2046 2596; baseline 0.007 -13"><span class='ocrx_word' id='word_1_790' title='bbox 1165 2552 1308 2593; x_wconf 76' lang='lat' dir='ltr'>specialis</span> <span class='ocrx_word' id='word_1_791' title='bbox 1337 2553 1433 2584; x_wconf 86' lang='lat' dir='ltr'>Pater</span> <span class='ocrx_word' id='word_1_792' title='bbox 1453 2551 1543 2594; x_wconf 71' lang='lat' dir='ltr'>noster</span> <span class='ocrx_word' id='word_1_793' title='bbox 1557 2575 1567 2591; x_wconf 90' lang='lat'>,</span> <span class='ocrx_word' id='word_1_794' title='bbox 1594 2554 1628 2586; x_wconf 66' lang='grc'>(9·</span> <span class='ocrx_word' id='word_1_795' title='bbox 1651 2564 1767 2596; x_wconf 70' lang='lat' dir='ltr'>magne</span> <span class='ocrx_word' id='word_1_796' title='bbox 1786 2559 1924 2587; x_wconf 82' lang='lat' dir='ltr'>civitatis</span> <span class='ocrx_word' id='word_1_797' title='bbox 1945 2555 2046 2593; x_wconf 68' lang='lat' dir='ltr'>nolirae</span> 
     </span>
     <span class='ocr_line' id='line_1_117' title="bbox 1166 2599 2043 2645; baseline 0.003 -12"><span class='ocrx_word' id='word_1_798' title='bbox 1166 2599 1345 2634; x_wconf 84' lang='lat' dir='ltr'>Patriarcba</span> <span class='ocrx_word' id='word_1_799' title='bbox 1355 2605 1492 2644; x_wconf 84' lang='lat' dir='ltr'>Ignatius</span> <span class='ocrx_word' id='word_1_800' title='bbox 1502 2601 1664 2643; x_wconf 81' lang='lat' dir='ltr'>postulavit</span> <span class='ocrx_word' id='word_1_801' title='bbox 1673 2603 1693 2633; x_wconf 70' lang='lat' dir='ltr'>a</span> <span class='ocrx_word' id='word_1_802' title='bbox 1705 2601 1786 2635; x_wconf 84' lang='lat' dir='ltr'>nobis</span> <span class='ocrx_word' id='word_1_803' title='bbox 1793 2601 1920 2645; x_wconf 84' lang='lat' dir='ltr'>scribere</span> <span class='ocrx_word' id='word_1_804' title='bbox 1930 2606 1950 2635; x_wconf 84' lang='lat'><em>5</em></span> <span class='ocrx_word' id='word_1_805' title='bbox 1951 2604 2043 2637; x_wconf 73' lang='lat' dir='ltr'>anc‘ii-</span> 
     </span>
     <span class='ocr_line' id='line_1_118' title="bbox 1161 2648 2044 2694; baseline 0.005 -12"><span class='ocrx_word' id='word_1_806' title='bbox 1161 2656 1220 2683; x_wconf 87' lang='lat' dir='ltr'>tati</span> <span class='ocrx_word' id='word_1_807' title='bbox 1243 2650 1348 2691; x_wconf 82' lang='lat' dir='ltr'>vestrae</span> <span class='ocrx_word' id='word_1_808' title='bbox 1371 2651 1407 2682; x_wconf 82' lang='lat' dir='ltr'>de</span> <span class='ocrx_word' id='word_1_809' title='bbox 1422 2649 1469 2683; x_wconf 86' lang='lat' dir='ltr'>bis</span> <span class='ocrx_word' id='word_1_810' title='bbox 1480 2651 1649 2684; x_wconf 71' lang='lat' dir='ltr'>Let‘loribus</span> <span class='ocrx_word' id='word_1_811' title='bbox 1660 2675 1671 2691; x_wconf 86' lang='lat'>‚</span> <span class='ocrx_word' id='word_1_812' title='bbox 1697 2657 1748 2694; x_wconf 85' lang='lat' dir='ltr'>qui</span> <span class='ocrx_word' id='word_1_813' title='bbox 1759 2654 1778 2683; x_wconf 72' lang='lat' dir='ltr'>ti</span> <span class='ocrx_word' id='word_1_814' title='bbox 1791 2648 1898 2684; x_wconf 41' lang='lat' dir='ltr'>&#39;Photio</span> <span class='ocrx_word' id='word_1_815' title='bbox 1914 2659 2044 2694; x_wconf 75' lang='lat' dir='ltr'>promoti</span> 
     </span>
     <span class='ocr_line' id='line_1_119' title="bbox 1156 2698 2047 2743; baseline 0.004 -10"><span class='ocrx_word' id='word_1_816' title='bbox 1156 2698 1228 2743; x_wconf 86' lang='lat' dir='ltr'>sunt</span> <span class='ocrx_word' id='word_1_817' title='bbox 1242 2724 1253 2740; x_wconf 95' lang='lat'>,</span> <span class='ocrx_word' id='word_1_818' title='bbox 1279 2701 1379 2733; x_wconf 79' lang='lat' dir='ltr'>multis</span> <span class='ocrx_word' id='word_1_819' title='bbox 1404 2701 1713 2735; x_wconf 73' lang='lat' dir='ltr'>&amp;innumerabilibus</span> <span class='ocrx_word' id='word_1_820' title='bbox 1731 2700 1920 2740; x_wconf 79' lang='lat' dir='ltr'>existentibus</span> <span class='ocrx_word' id='word_1_821' title='bbox 1944 2708 1976 2735; x_wconf 84' lang='lat' dir='ltr'>in</span> <span class='ocrx_word' id='word_1_822' title='bbox 1995 2705 2047 2737; x_wconf 65' lang='lat' dir='ltr'>di:</span> 
     </span>
     <span class='ocr_line' id='line_1_120' title="bbox 1160 2749 2040 2793; baseline 0.006 -10"><span class='ocrx_word' id='word_1_823' title='bbox 1160 2761 1248 2783; x_wconf 79' lang='lat' dir='ltr'>veris</span> <span class='ocrx_word' id='word_1_824' title='bbox 1262 2752 1429 2783; x_wconf 85' lang='lat' dir='ltr'>Provinciis</span> <span class='ocrx_word' id='word_1_825' title='bbox 1445 2775 1452 2782; x_wconf 95' lang='lat'>.</span> <span class='ocrx_word' id='word_1_826' title='bbox 1477 2749 1601 2793; x_wconf 77' lang='lat' dir='ltr'>Infitper</span> <span class='ocrx_word' id='word_1_827' title='bbox 1620 2758 1716 2783; x_wconf 81' lang='lat' dir='ltr'>autem</span> <span class='ocrx_word' id='word_1_828' title='bbox 1744 2751 1778 2784; x_wconf 61' lang='lat' dir='ltr'>(vt</span> <span class='ocrx_word' id='word_1_829' title='bbox 1789 2751 1825 2783; x_wconf 82' lang='lat' dir='ltr'>de</span> <span class='ocrx_word' id='word_1_830' title='bbox 1837 2752 1931 2784; x_wconf 84' lang='lat' dir='ltr'>Paulo</span> <span class='ocrx_word' id='word_1_831' title='bbox 1955 2763 2040 2788; x_wconf 77' lang='lat' dir='ltr'>reve‹</span> 
     </span>
     <span class='ocr_line' id='line_1_121' title="bbox 1159 2799 2038 2846; baseline 0.005 -14"><span class='ocrx_word' id='word_1_832' title='bbox 1159 2800 1316 2839; x_wconf 77' lang='lat' dir='ltr'>rendifflmo</span> <span class='ocrx_word' id='word_1_833' title='bbox 1327 2799 1554 2834; x_wconf 83' lang='lat' dir='ltr'>Bibliothecario</span> <span class='ocrx_word' id='word_1_834' title='bbox 1567 2825 1577 2840; x_wconf 91' lang='lat'>,</span> <span class='ocrx_word' id='word_1_835' title='bbox 1603 2800 1691 2834; x_wconf 83' lang='lat' dir='ltr'>verbo</span> <span class='ocrx_word' id='word_1_836' title='bbox 1713 2801 1747 2833; x_wconf 60' lang='grc' dir='ltr'>(Ὗ</span> <span class='ocrx_word' id='word_1_837' title='bbox 1757 2806 1824 2833; x_wconf 82' lang='lat' dir='ltr'>vita</span> <span class='ocrx_word' id='word_1_838' title='bbox 1831 2801 2014 2846; x_wconf 78' lang='lat' dir='ltr'>praefulgt&#39;do</span> <span class='ocrx_word' id='word_1_839' title='bbox 2025 2825 2038 2842; x_wconf 87' lang='lat'>,</span> 
     </span>
     <span class='ocr_line' id='line_1_122' title="bbox 1157 2849 2035 2893; baseline 0.006 -12"><span class='ocrx_word' id='word_1_840' title='bbox 1157 2861 1192 2882; x_wconf 89' lang='lat' dir='ltr'>ac</span> <span class='ocrx_word' id='word_1_841' title='bbox 1217 2849 1361 2882; x_wconf 86' lang='lat' dir='ltr'>Theodoro</span> <span class='ocrx_word' id='word_1_842' title='bbox 1382 2849 1485 2884; x_wconf 82' lang='lat' dir='ltr'>Cariae</span> <span class='ocrx_word' id='word_1_843' title='bbox 1504 2851 1709 2891; x_wconf 81' lang='lat' dir='ltr'>Metropolita,</span> <span class='ocrx_word' id='word_1_844' title='bbox 1739 2854 1789 2891; x_wconf 83' lang='lat' dir='ltr'>qui</span> <span class='ocrx_word' id='word_1_845' title='bbox 1816 2851 1921 2893; x_wconf 63' lang='lat' dir='ltr'>&amp;ipse</span> <span class='ocrx_word' id='word_1_846' title='bbox 1943 2858 2035 2886; x_wconf 81' lang='lat' dir='ltr'>nimis</span> 
     </span>
     <span class='ocr_line' id='line_1_123' title="bbox 1158 2897 2031 2943; baseline 0.005 -12"><span class='ocrx_word' id='word_1_847' title='bbox 1158 2898 1290 2940; x_wconf 82' lang='lat' dir='ltr'>Ecclefiae</span> <span class='ocrx_word' id='word_1_848' title='bbox 1312 2899 1395 2932; x_wconf 83' lang='lat' dir='ltr'>utilis</span> <span class='ocrx_word' id='word_1_849' title='bbox 1406 2899 1459 2940; x_wconf 82' lang='lat' dir='ltr'>est:</span> <span class='ocrx_word' id='word_1_850' title='bbox 1489 2901 1645 2943; x_wconf 72' lang='lat' dir='ltr'>,Quatenus</span> <span class='ocrx_word' id='word_1_851' title='bbox 1668 2897 1846 2941; x_wconf 71' lang='lat' dir='ltr'>dispensatio</span> <span class='ocrx_word' id='word_1_852' title='bbox 1851 2900 1910 2942; x_wconf 82' lang='lat' dir='ltr'>fiat</span> <span class='ocrx_word' id='word_1_853' title='bbox 1926 2903 1946 2934; x_wconf 74' lang='grc' dir='ltr'><em>ἃ</em></span> <span class='ocrx_word' id='word_1_854' title='bbox 1958 2903 2031 2936; x_wconf 79' lang='lat' dir='ltr'>San-</span> 
     </span>
     <span class='ocr_line' id='line_1_124' title="bbox 1156 2947 2031 2992; baseline 0.003 -11"><span class='ocrx_word' id='word_1_855' title='bbox 1156 2949 1258 2982; x_wconf 73' lang='lat' dir='ltr'>c‘litate</span> <span class='ocrx_word' id='word_1_856' title='bbox 1273 2948 1372 2989; x_wconf 84' lang='lat' dir='ltr'>vestra</span> <span class='ocrx_word' id='word_1_857' title='bbox 1386 2947 1475 2991; x_wconf 84' lang='lat' dir='ltr'>super</span> <span class='ocrx_word' id='word_1_858' title='bbox 1483 2947 1549 2991; x_wconf 80' lang='lat' dir='ltr'>ipsis</span> <span class='ocrx_word' id='word_1_859' title='bbox 1562 2973 1572 2988; x_wconf 86' lang='lat'>‚</span> <span class='ocrx_word' id='word_1_860' title='bbox 1599 2948 1772 2992; x_wconf 83' lang='lat' dir='ltr'>quibusdam</span> <span class='ocrx_word' id='word_1_861' title='bbox 1793 2951 1911 2992; x_wconf 87' lang='lat' dir='ltr'>quidem</span> <span class='ocrx_word' id='word_1_862' title='bbox 1924 2952 1968 2984; x_wconf 86' lang='lat' dir='ltr'>ad</span> <span class='ocrx_word' id='word_1_863' title='bbox 1975 2953 2031 2985; x_wconf 79' lang='lat' dir='ltr'>aa·</span> 
     </span>
     <span class='ocr_line' id='line_1_125' title="bbox 1153 2996 2029 3043; baseline 0.003 -12"><span class='ocrx_word' id='word_1_864' title='bbox 1153 2996 1270 3042; x_wconf 69' lang='lat' dir='ltr'>scansus</span> <span class='ocrx_word' id='word_1_865' title='bbox 1284 3001 1410 3040; x_wconf 81' lang='lat' dir='ltr'>majores</span> <span class='ocrx_word' id='word_1_866' title='bbox 1415 2997 1565 3042; x_wconf 79' lang='lat' dir='ltr'>sacrorum</span> <span class='ocrx_word' id='word_1_867' title='bbox 1569 2999 1719 3042; x_wconf 87' lang='lat' dir='ltr'>graduum</span> <span class='ocrx_word' id='word_1_868' title='bbox 1730 3023 1740 3038; x_wconf 93' lang='lat'>,</span> <span class='ocrx_word' id='word_1_869' title='bbox 1766 2998 1941 3043; x_wconf 81' lang='lat' dir='ltr'>quibusdam</span> <span class='ocrx_word' id='word_1_870' title='bbox 1957 3004 2029 3042; x_wconf 56' lang='lat' dir='ltr'>verb</span> 
     </span>
     <span class='ocr_line' id='line_1_126' title="bbox 1155 3047 2029 3091; baseline 0.006 -11"><span class='ocrx_word' id='word_1_871' title='bbox 1155 3050 1199 3081; x_wconf 82' lang='lat' dir='ltr'>ad</span> <span class='ocrx_word' id='word_1_872' title='bbox 1213 3054 1400 3090; x_wconf 85' lang='lat' dir='ltr'>receptionem</span> <span class='ocrx_word' id='word_1_873' title='bbox 1416 3047 1534 3091; x_wconf 84' lang='lat' dir='ltr'>sedium</span> <span class='ocrx_word' id='word_1_874' title='bbox 1552 3047 1691 3090; x_wconf 82' lang='lat' dir='ltr'>suarum.</span> <span class='ocrx_word' id='word_1_875' title='bbox 1718 3047 1843 3083; x_wconf 77' lang='lat' dir='ltr'>Paulus·</span> <span class='ocrx_word' id='word_1_876' title='bbox 1863 3050 1881 3083; x_wconf 67' lang='lat' dir='ltr'>a</span> <span class='ocrx_word' id='word_1_877' title='bbox 1904 3049 2029 3086; x_wconf 87' lang='lat' dir='ltr'>Photio</span> 
     </span>
     <span class='ocr_line' id='line_1_127' title="bbox 1154 3096 2031 3144; baseline 0.006 -14"><span class='ocrx_word' id='word_1_878' title='bbox 1154 3099 1355 3131; x_wconf 88' lang='lat' dir='ltr'>consecratus</span> <span class='ocrx_word' id='word_1_879' title='bbox 1375 3098 1501 3137; x_wconf 85' lang='lat' dir='ltr'>fuerat,</span> <span class='ocrx_word' id='word_1_880' title='bbox 1527 3096 1726 3132; x_wconf 84' lang='lat' dir='ltr'>Theodorus</span> <span class='ocrx_word' id='word_1_881' title='bbox 1747 3099 1946 3143; x_wconf 66' lang='lat' dir='ltr'>imaginariae</span> <span class='ocrx_word' id='word_1_882' title='bbox 1968 3102 2031 3144; x_wconf 87' lang='lat' dir='ltr'>Sy-</span> 
     </span>
     <span class='ocr_line' id='line_1_128' title="bbox 1155 3146 2027 3193; baseline 0.006 -14"><span class='ocrx_word' id='word_1_883' title='bbox 1155 3147 1243 3180; x_wconf 88' lang='lat' dir='ltr'>nodo</span> <span class='ocrx_word' id='word_1_884' title='bbox 1255 3146 1473 3189; x_wconf 83' lang='lat' dir='ltr'>subscripserat</span> <span class='ocrx_word' id='word_1_885' title='bbox 1484 3171 1495 3187; x_wconf 85' lang='lat'>,</span> <span class='ocrx_word' id='word_1_886' title='bbox 1521 3147 1663 3191; x_wconf 77' lang='lat' dir='ltr'>ideoque</span> <span class='ocrx_word' id='word_1_887' title='bbox 1674 3148 1763 3191; x_wconf 68' lang='lat' dir='ltr'>supra</span> <span class='ocrx_word' id='word_1_888' title='bbox 1774 3148 1842 3183; x_wconf 86' lang='lat' dir='ltr'>dixi</span> <span class='ocrx_word' id='word_1_889' title='bbox 1855 3159 2027 3193; x_wconf 88' lang='lat' dir='ltr'>utrumque</span> 
     </span>
     <span class='ocr_line' id='line_1_129' title="bbox 1153 3195 2024 3243; baseline 0.001 -14"><span class='ocrx_word' id='word_1_890' title='bbox 1153 3198 1216 3230; x_wconf 86' lang='lat' dir='ltr'>fine</span> <span class='ocrx_word' id='word_1_891' title='bbox 1226 3195 1435 3240; x_wconf 83' lang='lat' dir='ltr'>reparationis</span> <span class='ocrx_word' id='word_1_892' title='bbox 1457 3198 1510 3239; x_wconf 87' lang='lat' dir='ltr'>spe</span> <span class='ocrx_word' id='word_1_893' title='bbox 1522 3197 1615 3231; x_wconf 75' lang='lat' dir='ltr'>fuisse</span> <span class='ocrx_word' id='word_1_894' title='bbox 1627 3198 1823 3242; x_wconf 86' lang='lat' dir='ltr'>Episcopatu</span> <span class='ocrx_word' id='word_1_895' title='bbox 1842 3199 2001 3243; x_wconf 86' lang='lat' dir='ltr'>privatum</span> <span class='ocrx_word' id='word_1_896' title='bbox 2015 3223 2024 3230; x_wconf 90' lang='lat'><strong>.</strong></span> 
     </span>
     <span class='ocr_line' id='line_1_130' title="bbox 1150 3245 2021 3293; baseline 0.001 -14"><span class='ocrx_word' id='word_1_897' title='bbox 1150 3246 1256 3280; x_wconf 89' lang='lat' dir='ltr'>Norat</span> <span class='ocrx_word' id='word_1_898' title='bbox 1279 3245 1415 3279; x_wconf 75' lang='lat' dir='ltr'>Basilius</span> <span class='ocrx_word' id='word_1_899' title='bbox 1437 3246 1455 3279; x_wconf 69' lang='lat' dir='ltr'>a</span> <span class='ocrx_word' id='word_1_900' title='bbox 1469 3250 1501 3279; x_wconf 88' lang='lat' dir='ltr'>se</span> <span class='ocrx_word' id='word_1_901' title='bbox 1523 3247 1679 3290; x_wconf 83' lang='lat' dir='ltr'>postulari</span> <span class='ocrx_word' id='word_1_902' title='bbox 1699 3258 1764 3282; x_wconf 88' lang='lat' dir='ltr'>rem</span> <span class='ocrx_word' id='word_1_903' title='bbox 1784 3249 2021 3293; x_wconf 79' lang='lat' dir='ltr'>gravissimam,</span> 
     </span>
     <span class='ocr_line' id='line_1_131' title="bbox 1150 3294 2020 3340; baseline 0.001 -10"><span class='ocrx_word' id='word_1_904' title='bbox 1150 3296 1183 3330; x_wconf 90' lang='lat'>&amp;</span> <span class='ocrx_word' id='word_1_905' title='bbox 1204 3297 1266 3329; x_wconf 84' lang='lat' dir='ltr'>sese</span> <span class='ocrx_word' id='word_1_906' title='bbox 1285 3295 1361 3338; x_wconf 81' lang='lat' dir='ltr'>post</span> <span class='ocrx_word' id='word_1_907' title='bbox 1372 3294 1543 3336; x_wconf 85' lang='lat' dir='ltr'>synodum</span> <span class='ocrx_word' id='word_1_908' title='bbox 1570 3296 1751 3340; x_wconf 76' lang='lat' dir='ltr'>gravissime</span> <span class='ocrx_word' id='word_1_909' title='bbox 1772 3298 1808 3332; x_wconf 87' lang='lat' dir='ltr'>in</span> <span class='ocrx_word' id='word_1_910' title='bbox 1833 3297 2020 3332; x_wconf 87' lang='lat' dir='ltr'>Romanam</span> 
     </span>
     <span class='ocr_line' id='line_1_132' title="bbox 1153 3344 2019 3390; baseline 0 -11"><span class='ocrx_word' id='word_1_911' title='bbox 1153 3346 1326 3379; x_wconf 83' lang='lat' dir='ltr'>Ecclesiam</span> <span class='ocrx_word' id='word_1_912' title='bbox 1338 3344 1529 3388; x_wconf 75' lang='lat' dir='ltr'>deliquisse3</span> <span class='ocrx_word' id='word_1_913' title='bbox 1555 3344 1634 3380; x_wconf 87' lang='lat' dir='ltr'>hinc</span> <span class='ocrx_word' id='word_1_914' title='bbox 1645 3346 1825 3390; x_wconf 82' lang='lat' dir='ltr'>Epistolam</span> <span class='ocrx_word' id='word_1_915' title='bbox 1839 3347 1920 3379; x_wconf 87' lang='lat' dir='ltr'>hanc</span> <span class='ocrx_word' id='word_1_916' title='bbox 1934 3345 2019 3379; x_wconf 82' lang='lat' dir='ltr'>misit</span> 
     </span>
     <span class='ocr_line' id='line_1_133' title="bbox 1149 3392 2018 3444; baseline -0.003 -14"><span class='ocrx_word' id='word_1_917' title='bbox 1149 3406 1203 3439; x_wconf 83' lang='lat' dir='ltr'>per</span> <span class='ocrx_word' id='word_1_918' title='bbox 1213 3406 1369 3440; x_wconf 78' lang='lat' dir='ltr'>magnum</span> <span class='ocrx_word' id='word_1_919' title='bbox 1379 3394 1540 3441; x_wconf 81' lang='lat' dir='ltr'>Legatum</span> <span class='ocrx_word' id='word_1_920' title='bbox 1553 3419 1564 3435; x_wconf 94' lang='lat'>‚</span> <span class='ocrx_word' id='word_1_921' title='bbox 1591 3394 1740 3433; x_wconf 80' lang='lat' dir='ltr'>Adriano</span> <span class='ocrx_word' id='word_1_922' title='bbox 1752 3392 1906 3431; x_wconf 85' lang='lat' dir='ltr'>Pontifici</span> <span class='ocrx_word' id='word_1_923' title='bbox 1925 3393 2018 3444; x_wconf 69' lang='lat' dir='ltr'>cariss&#39;</span> 
     </span>
    </p>

    <p class='ocr_par' dir='ltr' id='par_1_12' title="bbox 1493 3443 1965 3482">
     <span class='ocr_line' id='line_1_134' title="bbox 1493 3443 1965 3482; baseline 0.008 -4"><span class='ocrx_word' id='word_1_924' title='bbox 1493 3444 1528 3478; x_wconf 85' lang='lat' dir='ltr'>D</span> <span class='ocrx_word' id='word_1_925' title='bbox 1554 3444 1575 3478; x_wconf 86' lang='lat' dir='ltr'>d</span> <span class='ocrx_word' id='word_1_926' title='bbox 1601 3443 1622 3478; x_wconf 84' lang='lat' dir='ltr'>d</span> <span class='ocrx_word' id='word_1_927' title='bbox 1836 3443 1965 3482; x_wconf 69' lang='lat' dir='ltr'>fimum:</span> 
     </span>
    </p>
   </div>
  </div>
 </body>
</html>
