2340 3762
44 1950 74 1982 1..
80 1950 163 1980 Pom·
172 1933 175 1935 ¹

143 3059 167 3073 ,Ἴ
212 3031 542 3078 Constantinopolim
554 3038 723 3081 adjunxit,
748 3040 917 3084 dequibus
939 3039 979 3074 ad
1003 3039 1087 3073 Grae-
1112 3059 1115 3060 ν

663 132 728 163 De
765 129 1002 163 OCTAVA
1039 115 1285 160 SYNODo
1310 111 1655 162 Cane-Ram.

241 205 351 241 mania
361 206 471 248 Regem
481 198 625 237 venerunt
638 225 648 240 ‚
669 202 796 234 dicentes
807 204 915 243 Regem
925 201 1039 235 illorum
1050 195 1112 233 cum
1129 198 1135 264 Ι
1177 196 1283 230 NON
1309 194 1409 229 HAB
1415 196 1478 230 ET
1487 222 1494 229 .
1522 198 1703 242 Regiorum
1713 210 1822 238 tamen
1845 203 2047 250 Legatorum

235 255 344 298 populo
355 265 413 287 non
425 255 532 287 modico
540 253 584 284 ad
593 250 739 291 christum
750 251 801 294 esse
811 249 980 292 conversum
987 278 995 291 ‚
1014 251 1114 293 simul-

233 751 476 795 dieruntadsua
486 779 493 785 .

286 801 458 837 Consonat
470 802 653 839 Anastasius
666 799 937 837 Bibliothecarius
958 802 991 835 in
1007 802 1111 843 Syno-

235 849 270 885 di
284 851 397 886 nostrae
410 853 611 895 praefatione.
637 853 714 884 Cum
739 855 804 884 Rex
829 854 1023 896 Bussarorum
1047 860 1111 881 cum

229 907 451 944 propriagente
460 902 571 943 Christi
593 901 688 941 fidem
709 897 874 941 fitscepiffet
893 908 949 941 per
967 898 1111 931 hominem

234 951 422 989 Romanum,
447 949 551 989 idest,
577 948 780 986 Presbyterum
801 951 958 990 quemdam
983 949 1110 981 Paulum

232 1004 349 1032 nomine
376 1023 387 1039 ,
413 1000 615 1033 documentum
639 1006 727 1041 atque
752 998 911 1039 mysterium
932 997 1109 1042 propositum

230 1046 336 1081 babuit
358 1051 379 1085 ἃ
397 1051 472 1083 sede
492 1050 650 1092 Apostolica
671 1059 729 1081 non
750 1050 834 1081 modo
856 1048 929 1091 fidei
956 1049 1110 1092 regulam,

226 1095 286 1140 sed
309 1099 344 1135 ό*
357 1097 473 1141 sano‘Jae
484 1103 574 1144 Legis
589 1098 703 1143 sumere
715 1097 918 1141 disciplinam.
947 1100 1025 1133 Hoc
1039 1099 1084 1133 est
1098 1123 1108 1139 ‚

229 1158 302 1181 non
329 1148 539 1183 solummodo
564 1149 786 1185 Christianum
810 1146 932 1194 dogma
953 1175 964 1190 ‚
994 1149 1049 1183 sed
1076 1149 1109 1182 δε

228 1197 475 1233 Ecclesiasticus
486 1198 567 1234 ritus
592 1211 630 1234 ac
639 1209 759 1232 mores.
786 1201 880 1243 ,Quod
889 1201 923 1234 (ἐν
926 1199 1025 1240 fecit,
1049 1210 1108 1232 non

224 1244 490 1290 solumapraefato
500 1250 689 1290 Presbytero,
714 1249 820 1283 verum
840 1254 933 1284 etiam
952 1257 1007 1292 per
1021 1252 1107 1283 Divi·

228 1307 302 1329 nam
325 1299 538 1333 revelationem
562 1300 720 1339 instrucqus
746 1323 759 1341 ,
794 1310 862 1342 quae
880 1299 921 1342 fic
945 1307 1107 1341 temporum

227 1347 405 1389 qualitatem
415 1349 558 1392 discrevit
567 1375 578 1391 ,
594 1359 628 1384 ue
634 1350 781 1393 postrema
791 1356 823 1381 in
829 1354 958 1392 priorem
966 1349 1107 1393 reforma·

227 1396 389 1437 retstatum
414 1400 609 1434 &adinum
637 1400 861 1441 Illyricianam
872 1399 1033 1434 dioecefim
1047 1423 1059 1439 ‚
1084 1399 1104 1432 ἐι

227 1445 344 1481 Leone
355 1449 464 1482 Isauro
478 1450 637 1483 violenter
661 1448 825 1489 ablatam,
852 1448 1014 1482 Romanae
1036 1457 1104 1482 tan-

224 1493 303 1528 dem
323 1496 470 1532 Ecclefiae
492 1497 690 1533 restituendo
710 1522 717 1532 ,
744 1497 859 1542 Regiae
883 1495 1104 1531 conversionis

224 1554 375 1590 tempus,
400 1547 435 1582 δε
448 1547 619 1589 Romani,
645 1548 680 1582 id
693 1546 761 1587 est,
787 1545 827 1581 ad
841 1547 1034 1581 Romanum
1046 1547 1105 1581 im·

225 1595 354 1638 perium
374 1598 543 1640 speetantis
564 1597 659 1632 Pauli
680 1596 864 1639 Presbyteri
881 1606 1035 1641 gentem,
1062 1607 1103 1630 an

225 1645 381 1683 Graecus,
407 1656 445 1680 ac
469 1647 610 1681 Latinus
631 1647 729 1681 fuerit
744 1672 756 1689 ‚
786 1654 872 1680 tacet
893 1644 1105 1687 Anastafius;

225 1693 406 1729 destinatos
431 1706 542 1731 autem
562 1697 604 1732 ad
615 1698 804 1732 Romanam
816 1694 993 1730 Ecclefiam
1005 1694 1106 1740 Lega-

224 1753 279 1776 tos
287 1745 395 1778 Sancti
407 1744 583 1781 Pontificis
596 1746 730 1782 Nicolai
752 1746 875 1780 meritis
883 1745 1014 1780 ascribit
1025 1768 1037 1784 ‚
1062 1746 1105 1780 fa-

225 1794 380 1836 stumque
404 1795 437 1829 id
448 1795 529 1831 dicit
548 1796 649 1841 Mense
659 1796 802 1842 Augusto,
827 1795 984 1829 mamam
994 1797 1106 1828 decima

223 1852 356 1884 quarta,
382 1845 440 1888 qui
463 1845 509 1880 est
531 1847 673 1882 Domini
697 1856 804 1881 annus
819 1844 1105 1890 offingentefimus

222 1891 438 1937 sexagefimus
456 1895 564 1931 sextus
582 1921 596 1937 ,
634 1897 756 1931 laudati
779 1895 952 1930 Pontificis
975 1906 1103 1936 nonus,

221 1941 400 1987 vigesimus
425 1945 559 1988 quintus
578 1944 756 1981 Michaelis
777 1944 921 1991 Augusti
942 1970 949 1977 .
977 1948 1103 1990 Legatos

222 1991 348 2036 apudse
357 1991 481 2036 sufflas
503 1998 591 2038 Papa
612 1996 766 2039 honorifice
784 1996 914 2030 detinuit
925 2020 933 2029 .
960 2000 1007 2031 Et
1026 2001 1102 2030 inte-

223 2047 286 2075 rim
308 2043 394 2075 sedis
407 2043 570 2085 Apostolicae
595 2047 712 2088 Mtffbs,
736 2047 862 2079 Paulum
876 2045 986 2089 scilicet
1011 2050 1103 2088 Popu-

224 2089 379 2134 loniensem
391 2115 402 2131 ,
431 2094 466 2126 6)·
477 2093 650 2137 Formosum
663 2093 848 2137 Portuensem
858 2119 869 2135 ‚
893 2105 1012 2139 magna·
1027 2098 1101 2129 San·

223 2140 338 2175 evitatis
349 2140 529 2185 Episcopos‚
550 2142 686 2184 statuens
703 2170 714 2184 ,
740 2143 844 2188 bosque
866 2149 988 2178 monitis
1012 2147 1102 2179 melli-

220 2190 290 2231 fluis
315 2199 403 2233 atque
424 2192 567 2226 doc‘lrinis
591 2194 737 2235 instruens
758 2219 770 2235 ,
806 2195 852 2227 ad
870 2196 1101 2236 praedicandum

218 2246 305 2283 genti
325 2242 370 2275 illi
391 2248 434 2275 ire
453 2253 499 2276 eos
526 2244 673 2278 decrevit.
699 2248 777 2277 Cum
799 2243 927 2286 quibus,
954 2249 1025 2286 quia
1045 2252 1101 2286 per

221 2292 415 2333 Bulgaricum
447 2296 582 2335 Regnum
616 2299 674 2327 iter
698 2293 788 2337 usque
817 2293 1100 2335 Constantinopoli-m

220 2347 306 2373 terra
314 2342 400 2374 tenus
410 2344 541 2375 tenditur
550 2368 560 2383 ‚
585 2352 619 2377 ut
627 2345 780 2386 quidquid
787 2344 824 2376 de
829 2343 939 2386 sanda
960 2343 1100 2383 Constan-

217 2391 419 2431 tinopolitana
454 2391 599 2434 Ecclesia,
625 2395 695 2426 lice't
708 2395 780 2434 jam
793 2401 852 2435 per
873 2397 1023 2426 Orientem
1048 2392 1098 2426 hoc

217 2437 317 2480 ipficm
327 2442 407 2473 idem
419 2443 506 2483 Papa
510 2441 604 2485 semel
628 2444 663 2477 6·
679 2443 724 2475 bis
737 2441 899 2485 ApostolicIs
922 2443 1030 2476 litteris
1051 2444 1099 2476 di-

218 2488 377 2532 vulgatum
385 2489 518 2525 babuerit
528 2516 540 2531 ,
565 2493 649 2534 apud
654 2491 688 2536 se
699 2494 846 2526 decretum
860 2492 993 2533 existeret
1001 2492 1096 2526 eidem

214 2545 272 2579 per
291 2537 360 2580 suos
375 2542 503 2583 Legatos
523 2541 657 2584 Ecclefiae
682 2552 783 2576 notum
797 2542 919 2583 facere,
944 2544 1096 2575 Donatum

217 2586 398 2630 Episcopum
411 2589 567 2632 Ostiensem
579 2614 590 2630 ,
616 2594 794 2633 Leonemque
804 2591 1008 2630 Presbyterum
1023 2590 1095 2634 san-

216 2637 275 2670 dae
289 2641 430 2671 Romanae
442 2639 596 2682 Ecclest‘ae,
622 2651 674 2675 nec
686 2653 743 2674 non
770 2643 966 2675 &Marinum
981 2639 1095 2684 [ἔπιθι

215 2687 304 2719 Sedis
322 2691 481 2722 Diaconum
490 2689 673 2731 Apostolicae,
700 2691 796 2734 Miffiis
815 2691 932 2724 idoneos
951 2693 1036 2732 aeque
1049 2693 1096 2724 di-

216 2741 298 2769 rexit
310 2761 322 2778 ‚
350 2746 384 2770 ut
396 2738 439 2771 illi
451 2741 603 2783 Bulgariae
609 2742 748 2782 populum
769 2742 814 2774 ad
829 2740 921 2782 fidem
944 2750 1093 2774 converte-

215 2793 284 2817 rent
294 2811 304 2826 ‚
330 2789 364 2821 (9·
374 2787 418 2828 isti
430 2790 505 2831 quid
527 2791 578 2822 vel
583 2792 713 2831 qualiter
723 2789 878 2831 Apostolica
888 2790 976 2823 sedes
990 2791 1028 2823 de
1046 2802 1092 2824 ea-

216 2834 288 2867 dem
309 2836 630 2883 Constantinopolitana
651 2838 777 2881 Ecclefiae
790 2839 988 2873 deliberatum
1005 2840 1090 2874 babe-

214 2892 261 2916 ret
269 2906 280 2922 ,
304 2886 398 2918 modis
408 2888 540 2922 omnibus
551 2895 724 2923 nunciarent
734 2916 741 2923 .

265 2933 394 2969 Ambos
415 2935 557 2981 Legatos
578 2941 706 2974 summo
728 2939 855 2975 honore
872 2940 1000 2985 excepit
1024 2941 1090 2974 Mi-

212 2980 308 3017 chaei
331 2984 425 3023 Rex,
449 2996 487 3019 ac
512 2987 613 3023 tribus
637 2989 865 3033 posterioribus
889 2992 964 3024 suos
988 2991 1087 3031 usque

213 3093 329 3116 corum
344 3083 424 3118 fines
445 3084 602 3127 perductis
624 3090 729 3134 pergit
741 3089 947 3124 Anastafius:
973 3092 1085 3133 ‚Quem-

213 3132 285 3164 dam
297 3132 476 3167 Theodorum
494 3134 570 3177 fines
589 3138 653 3170 illos
664 3138 863 3178 custodientem
883 3146 1062 3173 invenerunt
1073 3164 1082 3179 ‚

212 3188 265 3223 qui
274 3194 319 3215 eos
329 3185 410 3216 ultra
423 3195 480 3216 non
491 3184 600 3226 dimifit
615 3187 697 3222 abire
708 3214 718 3228 ,
743 3195 815 3230 quin
832 3191 933 3231 potius
953 3195 1084 3222 innume-

210 3237 256 3264 ris
267 3243 313 3264 eos
325 3234 468 3266 denotans
479 3236 599 3275 injuriIs
613 3260 624 3275 ,
650 3238 724 3271 adeo
756 3246 852 3271 tantae
866 3238 947 3280 sedis
960 3241 1082 3280 Legatis

213 3280 319 3324 abufics
333 3282 369 3321 cst
380 3308 390 3323 ,
415 3293 448 3316 ut
458 3289 548 3318 etiam
559 3296 697 3328 equorum
711 3312 720 3326 ,
747 3292 780 3320 in
799 3288 903 3329 quibus
917 3286 1060 3329 sedebant
1071 3313 1082 3328 ,

213 3338 313 3372 capita
333 3341 497 3373 percuteret
517 3359 528 3374 ,
554 3336 718 3378 diceretque
745 3350 755 3369 .·
793 3336 1082 3373 IMPERATOR

212 3377 250 3412 N
261 3381 293 3415 0
303 3382 370 3414 ST
382 3384 409 3417 E
422 3384 453 3418 R
490 3383 582 3419 VOS
619 3385 933 3423 NECESSARIOS
958 3384 1082 3421 SANE

261 3456 263 3458 -
299 3430 408 3475 abest.
419 3436 496 3478 Lupi
508 3438 589 3479 Oper.
602 3439 678 3470 Tem.
691 3439 744 3469 ΠΙ,

1880 137 1970 180 331

1174 247 1277 291 gratia
1289 246 1414 280 admiffi
1444 248 1561 281 suntin
1574 248 1704 282 Graecos
1714 252 1794 286 fines
1804 278 1816 293 ‚
1843 254 1986 299 Regiam
2003 257 2049 290 ci-

241 311 297 347 que
303 311 437 345 petentes
447 314 480 337 ut
489 307 556 338 Rex
566 301 679 334 idoneos
698 302 912 343 praedicatores
934 300 1112 341 Christiana
1178 298 1311 331 vitatem
1324 321 1335 337 ‚
1363 306 1460 338 atque
1477 298 1686 340 conspectum
1706 298 1864 344 Principis
1887 329 1898 343 ,
1924 305 1981 347 qui
2005 305 2047 341 ad

241 355 401 397 Religionis
413 356 459 387 ad
481 366 528 388 eos
540 359 655 385 mittere
674 363 730 383 non
740 350 891 392 differret.
920 350 963 384 Et
992 350 1032 385 ad
1057 363 1114 385 an-

239 414 320 438 num
330 404 535 447 sequentem:
562 405 626 434 Rex
639 402 806 435 Ludovicus
825 401 1020 443 Bulgarorum
1036 407 1113 444 peti-

241 453 371 486 tionibus
397 466 529 487 annuens
554 475 566 492 ,
591 454 799 485 Ermenricum
832 449 1009 492 Episcopum
1049 460 1113 484 cum

239 503 418 542 Presbyteri:
444 506 479 537 ὦ*
490 501 668 536 Diaconibus
679 502 725 534 ad
726 501 953 543 propagandam
964 503 1056 544 fidem
1066 513 1112 534 ca-

238 551 373 586 tholicam
379 553 523 596 praefatae
527 557 615 597 genti
626 550 785 591 destinavit
793 563 808 592 ,⁹
830 549 888 592 sed
897 552 960 583 cum
971 551 1036 584 illuc
1045 560 1113 593 per-

237 603 402 646 vem‘ffent,
428 601 738 645 EpiscopiaeiRomano
756 601 898 642 Pontifice
924 602 994 641 miffl
1020 609 1111 634 totam

236 653 321 685 illam
331 662 442 685 terram
452 652 647 695 praedicando
672 652 706 684 &¹
731 651 913 693 baptizando
931 653 1002 691 jam
1023 653 1112 693 reple-

235 710 364 735 verant.
392 704 584 747 ,Quapropter
603 701 647 741 isti
658 709 776 744 accepta
799 702 820 733 ἃ
836 705 914 744 Rege
925 702 1046 735 licentia
1069 712 1111 734 re-

1176 346 1271 380 istos:
1298 345 1369 387 Nisi
1370 355 1423 388 per
1435 348 1611 390 Bulgariam
1622 348 1695 387 Miffi
1707 349 1795 381 Sedis
1810 353 1973 391 Apostolicae
1993 365 2045 387 ve-

1173 397 1273 439 m'ffient
1285 421 1295 436 ,
1322 408 1371 430 nec
1385 396 1498 437 faciem
1510 409 1627 439 meam,
1653 409 1705 431 nec
1715 401 1841 432 Romam
1853 401 1955 435 diebus
1978 402 2053 446 suis*

1358 447 1468 495 Quam
1480 446 1631 489 injuriam
1643 448 1763 493 largius
1772 448 1912 484 edisserit
1923 452 1958 483 in
1976 453 2055 495 Epi.

1174 496 1253 530 stola
1265 496 1305 530 ad
1318 496 1510 531 Gallicanos
1522 498 1702 541 Episcopos
1722 499 1790 542 ipse
1814 498 1971 534 Pontifex
1988 501 2052 535 Ni-

1172 546 1282 580 colaus
1294 571 1301 578 .
1328 547 1458 589 Nempe
1469 558 1523 590 per
1530 546 1692 582 ebriosum
1717 548 1950 592 Imperatorem
1961 549 2052 585 Pho·-

1172 597 1235 629 tius
1254 596 1369 640 agebat
1394 598 1429 630 ὅ(
1451 597 1660 641 loquebatur.
1688 599 1732 633 Et
1753 597 1832 633 hinc
1847 608 1904 642 per
1915 602 2052 643 quadra·

1166 651 1256 689 ginta
1276 649 1341 679 dies
1360 647 1419 680 illic
1440 646 1595 688 residentes
1626 650 1755 691 Legati,
1781 658 1816 682 ut
1825 661 2024 693 cognoverunt
2033 668 2053 692 ,χ

1171 702 1241 737 quia
1252 696 1302 728 hoc
1312 701 1472 738 Imperator
1479 697 1545 738 fieri
1549 697 1677 741 jufferat
1685 723 1698 740 ,
1723 706 1809 741 terga
1823 708 1980 734 verterunt
1992 702 2045 741 ,δ’

1170 749 1294 778 Romam
1318 746 1380 779 haec
1391 748 1495 780 eadem
1520 744 1695 782 nunciantes
1714 749 1804 782 coadli
1829 750 1938 793 reverfi
1953 750 2026 793 fiant
2039 777 2047 784 .

1173 795 1294 829 Verum
1307 797 1364 830 suo
1374 797 1486 830 officio
1507 808 1576 831 non
1587 798 1734 832 defuere.
1764 798 1867 835 Tunc
1887 802 1978 834 enim
2002 803 2054 836 fa-

1173 447 1312 480 viderent
1321 472 1328 479 .

1172 845 1256 877 &um
1268 846 1311 879 est
1323 867 1334 884 ,
1359 846 1447 890 quod
1459 845 1494 878 in
1504 846 1621 881 litteris
1632 847 1672 881 ad
1687 848 1890 884 Michaelem
1913 849 2049 885 Gerula-

1171 894 1253 926 rium
1266 919 1277 933 ,
1303 894 1518 930 Patriarcham
1531 898 1610 932 item
1622 897 2047 944 Constantinopolitanum,

2076 472 2164 511 Epist.
2187 484 2230 508 70.

1172 944 1279 977 scribit
1300 946 1432 978 Sanstus
1454 945 1610 981 Pontifex
1630 949 1701 983 Leo
1718 961 1845 984 nonus:
1873 950 2047 991 Sandiffiml
2074 964 2147 1003 029,
2168 973 2213 995 22,

1173 997 1264 1035 Papae
1274 995 1394 1027 Nicolai
1404 994 1506 1028 ubivis
1521 997 1560 1036 est
1580 999 1737 1033 laudanda
1746 1001 1892 1041 libertas,
1918 1005 1969 1042 qui
1987 1010 2048 1043 per

1170 1046 1295 1087 Legatos
1300 1042 1368 1087 ficos
1394 1054 1459 1078 tam
1478 1052 1534 1086 pro
1538 1044 1635 1088 sacris
1647 1050 1853 1091 imaginibus,
1879 1052 1971 1091 quam
1988 1058 2047 1092 pro

1170 1093 1338 1135 depositione
1360 1097 1452 1128 Beati
1465 1094 1614 1135 antistitis
1634 1100 1769 1140 Ignatii,
1794 1098 1949 1138 Ecclesiam
1969 1104 2047 1142 agiae

1168 1143 1282 1185 sophiae
1301 1144 1421 1186 claufit,
1446 1146 1537 1179 donec
1555 1147 1639 1178 Sedis
1663 1147 1829 1188 Apostolicae
1855 1146 2048 1191 acquiesceret

1170 1199 1302 1228 Decretis
1313 1219 1320 1226 .
1349 1192 1478 1228 Eodem
1490 1194 1591 1229 modo
1602 1195 1724 1231 Paulus
1748 1197 1782 1229 &
1794 1197 1971 1232 Formosus
1989 1199 2048 1232 suo

1169 1244 1253 1288 apud
1266 1244 1426 1290 Bulgaros
1446 1254 1579 1279 munere
1600 1247 1732 1280 fuerunt
1754 1247 1911 1290 perfuncti
1926 1272 1938 1288 ,
1963 1246 2048 1283 adeo

1169 1304 1204 1328 ut
1214 1293 1254 1329 de
1269 1293 1434 1329 Michaele
1446 1295 1542 1340 Rege
1554 1295 1669 1330 scribat
1679 1297 1714 1331 in
1726 1296 1854 1339 Synodi
1867 1296 1962 1340 hujus
1974 1308 2047 1341 prae-

1170 1340 1292 1379 fationo
1304 1345 1490 1379 Anastafius
1504 1345 1706 1380 Cardinalis:
1735 1349 1882 1390 ,Quadam
1896 1349 1945 1381 die
1955 1359 2048 1381 manu

1164 1402 1289 1436 propria
1298 1395 1418 1436 capillos
1436 1394 1506 1437 suos
1522 1395 1743 1437 apprehendit,
1770 1398 1804 1430 Θ
1823 1399 2049 1439 contemplanti-

1167 1444 1220 1475 bus
1236 1444 1347 1476 canolis
1368 1445 1496 1476 tradidit
1516 1448 1660 1478 Romanis
1690 1447 1778 1485 Miffis
1805 1446 1905 1479 dicens
1918 1458 1932 1485 ‚·
1958 1447 2048 1480 OM-

1168 1491 1256 1525 NES
1285 1491 1531 1526 PRIMATES
1565 1493 1634 1527 ET
1671 1494 1869 1530 CUNCT1
1901 1494 2052 1530 POPU-

1168 1541 1213 1574 Ll
1238 1540 1601 1577 BULGARORUM
1636 1543 1827 1578 TERRAE
1865 1545 2051 1579 COGNO—

1168 1589 1335 1624 SCANT
1360 1590 1423 1623 AB
1450 1591 1712 1626 HODIERNA
1739 1594 1822 1627 DIE
1850 1594 1925 1627 ME
1949 1594 2049 1629 SER.

1166 1639 1287 1674 VUM
1310 1640 1438 1674 FORE
1466 1640 1588 1674 POST
1612 1640 1765 1676 DEUM
1799 1642 1949 1677 BEATI
1976 1644 2052 1679 PF.-

1165 1689 1252 1724 TR1
1278 1688 1346 1722 ET
1372 1689 1486 1733 EJUS
1504 1688 1711 1731 VICARH,
1736 1691 1910 1727 pontificis
1923 1693 2048 1728 Rorna-

1167 1739 1219 1773 ni.
1245 1739 1340 1785 Qin
1366 1740 1400 1773 &
1424 1739 1531 1783 posito
1556 1739 1740 1775 diademate
1761 1741 1806 1775 est
1828 1743 2045 1778 monasticam

1165 1787 1416 1831 Philosophiam
1428 1789 1637 1831 postmodum
1650 1791 1819 1834 ampiexus
1829 1816 1837 1823 .

1215 1837 1264 1870 At
1288 1835 1388 1880 longc-
1408 1837 1501 1871 aliter
1525 1837 1566 1872 de
1592 1837 1653 1872 hac
1671 1851 1704 1874 re
1725 1840 1905 1884 loquuntur
1916 1843 2021 1878 Graeci
2038 1860 2048 1869 ·

1165 1886 1269 1933 Regis
1279 1885 1436 1931 baptisma
1447 1888 1623 1933 contigisse
1635 1890 1751 1925 volunt
1773 1902 1841 1927 non
1864 1903 1954 1928 anno
1978 1896 2049 1928 Do-

1164 1939 1248 1974 mini
1258 1938 1527 1983 octingentefimo
1541 1940 1741 1985 sexagesimo
1750 1943 1843 1977 sexto
1853 1966 1864 1981 ‚
1880 1944 1933 1978 sed
1944 1945 2049 1978 ostin-

1163 1989 1341 2034 gentefimo
1364 1989 1607 2036 quadragesimo
1630 1991 1771 2034 quinto,
1798 1992 1898 2035 Sergii
1912 1994 2044 2028 secundi

1164 2039 1337 2074 Pontificis
1347 2040 1520 2075 undecimo
1533 2065 1544 2081 ‚
1570 2050 1686 2084 quarto
1697 2039 1875 2077 Michaelis
1885 2041 2044 2088 Augusti,

1163 2100 1228 2132 quo
1240 2099 1387 2134 tempore
1396 2090 1527 2125 Sanetus
1549 2088 1745 2127 Methodius
1766 2102 1833 2128 erat
1857 2091 2042 2128 patriarcha

1164 2139 1551 2184 constantinopolitanus
1569 2166 1576 2172 .
1613 2141 1779 2188 Georgius
1803 2141 1972 2178 Cedrenus
1995 2145 2041 2178 ait

1164 2187 1332 2235 Bogorurn
1354 2190 1570 2234 Buigarorum
1598 2191 1726 2236 Regem
1748 2218 1759 2234 ,
1796 2204 1865 2227 non
1891 2192 1909 2226 a
1935 2191 2040 2227 Paulo

1161 2239 1377 2283 Presbytero,
1403 2239 1457 2275 sed
1479 2243 1496 2275 ὲ
1528 2239 1715 2276 Theodosio
1733 2240 1906 2287 Cupham
1933 2242 2040 2277 nobili

1162 2289 1534 2334 Constantinopolitano
1545 2291 1812 2335 apudstcaptivo
1825 2317 1835 2332 ,
1861 2304 1898 2327 ac
1910 2292 1928 2326 ὲ
1954 2294 2040 2327 soro-

1160 2350 1192 2373 re
1205 2340 1258 2374 sua
1270 2339 1455 2385 Bogoride,
1480 2341 1685 2383 postliminio
1707 2343 1827 2376 reversa
1848 2342 2039 2377 &Constan-

1160 2390 1381 2433 tinopolitana
1403 2391 1590 2434 captivitate
1607 2416 1617 2431 ,
1645 2392 1797 2426 edoctum
1819 2393 1914 2427 fuisse
1936 2393 2036 2427 fidem

1159 2438 1378 2474 Christianam
1391 2463 1407 2479 -,
1432 2440 1590 2475 &addit:
1616 2441 1866 2485 Postquampestis
1877 2442 2036 2477 vehemens
2059 2458 2082 2486 p,
2105 2467 2172 2495 443·

1159 2489 1334 2532 Bulgariam
1353 2489 1531 2531 infestavit,
1555 2502 1648 2534 neque
1669 2493 1760 2526 ullum
1780 2493 1854 2526 mali
1876 2495 2035 2526 remedium

1150 2537 1215 2579 fuit
1225 2539 1328 2580 efficax
1339 2564 1349 2579 ,
1376 2539 1419 2572 ibi
1430 2549 1493 2573 tum
1506 2543 1636 2584 Bogorus
1648 2543 1743 2575 Deum
1755 2541 1988 2583 Cbrtstianorum
2001 2549 2033 2576 in

1155 2589 1267 2622 auxilio
1277 2595 1400 2623 vocavit
1415 2614 1426 2630 ‚
1452 2600 1540 2634 utque
1556 2593 1635 2625 idem
1640 2591 1780 2633 facerent
1789 2599 1845 2627 toti
1850 2599 1937 2637 genti
1948 2606 2030 2626 mam

1154 2639 1262 2671 davit.
1290 2639 1424 2672 Liberati
1433 2640 1503 2679 lue,
1527 2652 1633 2675 veram
1647 2642 1742 2684 fidem
1765 2643 1917 2685 amplexi,
1940 2645 2030 2676 lava»

1152 2698 1253 2730 eroque
1275 2693 1502 2732 regenerationis
1519 2697 1608 2732 potiti
1624 2690 1699 2734 fiant
1721 2718 1728 2725 .
1766 2696 1901 2734 Principe
1926 2703 2027 2726 nomen

1152 2737 1304 2771 Michaelis
1314 2740 1351 2772 de
1360 2742 1551 2781 Imperatoris
1562 2747 1676 2776 nomine
1695 2744 1826 2776 inditum
1847 2744 1868 2774 ἃ
1889 2745 2027 2776 Patriar-

1149 2786 1226 2828 cha,
1251 2795 1301 2831 qui
1321 2791 1356 2822 eo
1375 2790 1421 2822 ad
1437 2789 1654 2832 baptizandum
1673 2794 1757 2827 illum
1783 2792 1879 2835 miffits
1895 2791 2004 2834 fuerat
2016 2818 2023 2826 .

1151 2837 1233 2872 Haec
1248 2838 1341 2882 pestis
1353 2838 1398 2872 est
1410 2838 1465 2874 illa
1476 2840 1611 2875 afflinstio
1623 2866 1635 2882 ,
1659 2842 1750 2885 cujus
1764 2841 1934 2877 occasione
1949 2842 2025 2877 fuis·

1150 2888 1182 2921 se
1191 2889 1382 2923 conversum
1393 2887 1560 2935 Bogorum
1573 2889 1714 2926 scribunt
1725 2890 1871 2927 Annales
1882 2893 2023 2927 Franco-

1150 2948 1221 2971 rum
1235 2939 1415 2973 Bertiniani
1428 2965 1435 2972 .
1462 2939 1658 2974 Guilielmus
1680 2940 1852 2985 Xylander
1871 2942 2022 2977 Graecum

1149 2986 1287 3022 Cedreni
1301 2997 1427 3023 textum
1440 2999 1506 3023 non
1516 2988 1599 3024 reste
1610 3000 1736 3027 vertens
1744 2993 1851 3036 posuit
1874 3003 1932 3035 pro
1946 2993 2023 3036 Epi·

1148 3037 1244 3081 scopo
1256 3037 1496 3073 patriarcham:
1523 3038 1696 3084 Bogorum
1707 3041 1797 3077 enim
1810 3053 1879 3082 non
1904 3041 1923 3076 ὲ
1943 3043 2020 3077 San-

1147 3088 1198 3120 sto
1220 3086 1405 3121 Patriarcha
1427 3086 1627 3128 Methodio‚
1653 3090 1706 3125 sod
1733 3091 1774 3126 ab
1800 3091 1867 3135 ejus
1889 3093 2018 3138 Legata

1147 3137 1254 3170 nescio
1266 3147 1331 3180 quo
1341 3136 1501 3180 Episcopo
1512 3138 1604 3173 fuisse
1617 3139 1817 3184 baptizatum
1841 3142 1952 3177 scribit
1972 3142 2019 3176 di-

1146 3186 1225 3220 serte
1235 3187 1376 3231 Joannes
1386 3187 1597 3230 europalates
1606 3214 1613 3222 .
1641 3191 1761 3225 Forsan
1775 3193 1870 3227 suerit
1881 3192 2020 3228 Manuo-

1148 3236 1196 3269 lus
1221 3237 1399 3279 Episcopus
1432 3235 1747 3283 Adrianopolitanus
1771 3265 1783 3283 ,
1820 3251 1916 3286 quem
1941 3253 2017 3276 cum

1148 3285 1262 3320 Basilio
1284 3285 1436 3330 Augusto
1455 3285 1562 3323 adhuc
1587 3300 1710 3332 puero,
1734 3291 1768 3326 &
1792 3291 1859 3334 ejus
1880 3293 2035 3335 parenti-³

1146 3334 1204 3369 bus
1224 3335 1316 3370 fuifle
1336 3336 1417 3370 oli'm
1438 3336 1497 3371 sub
1518 3337 1644 3375 Crumo
1669 3340 1763 3386 Rege
1801 3342 1835 3374 in
1863 3338 2016 3382 Balgatia

1145 3385 1331 3429 captivum,
1355 3386 1523 3434 &magno
1534 3387 1637 3473 fincta
1664 3391 1845 3434 predicasse
1866 3389 2015 3471 aftifirmvtt

1601 3447 1615 3473 t
1664 3450 1687 3478 2
1883 3450 1894 3472 ι
1918 3446 1970 3473 em
