2340 3762
138 649 225 686 ’ἴε-ὅθ’
247 659 304 687 ετῘ·

140 1337 230 1370 Lac».
248 1343 303 1371 Ε-,ι-

142 1378 177 1410 1„
193 1386 225 1411 1.·.

408 156 426 189 1
472 149 506 186 6

318 151 574 266 DOM17NUM
590 223 761 266 TUUM
773 224 1013 267 ADORABIS
1028 248 1040 266 ,
1070 223 1138 261 ET
1149 223 1208 261 11«-

742 143 1043 194 Couestn
1080 141 1325 186 See-rtur
1360 139 1729 188 Geumi-ns.

1272 225 1398 261 latriam
1409 233 1465 260 aut
1484 224 1610 262 duliam
1624 250 1637 269 ‚
1662 225 1718 264 sed
1738 226 1847 265 solum
1870 233 2072 280 salutationi,
2094 236 2159 275 hos

320 277 366 311 Li
378 275 483 310 SOLI
494 273 705 318 SERVIES,
735 278 936 312 adorationem
949 272 1080 320 absolute
1098 278 1184 316 ponit
1197 297 1208 315 ,
1273 285 1386 310 norem
1400 299 1407 306 .

318 328 356 362 ό·
368 339 425 360 ηοη
436 327 544 368 adiicit
556 326 661 361 SOL-1
670 350 681 365 ,
705 335 738 358 ut
746 325 909 367 figmficata
918 323 1015 355 multa
1026 321 1184 356 habentem
1197 348 1208 364 ,

318 379 354 411 o·
364 387 464 415 vocem
474 385 658 420 aequtvocam
670 399 677 410 ,
706 375 796 404 Parra
821 372 1016 407 SERVOES
1027 373 1122 408 lLLl
1135 373 1201 407 SO·

318 426 366 472 μ
378 428 482 469 dixit;
508 430 631 467 Etenim
648 422 706 472 fili
720 423 782 457 Deo
789 420 963 464 servitutem
987 421 1113 467 nostram
1134 422 1207 464 refe—

318 483 411 521 rimus
424 502 431 510 .

396 529 478 561 Haec
515 523 648 556 servitus
683 521 783 567 graece
817 521 910 558 latria
950 522 1073 559 dicitur
1110 547 1122 564 ,
1167 522 1209 558 de

319 589 383 622 qua
409 586 486 613 voce
513 570 594 612 reste
620 572 654 606 in
683 572 773 611 libris
799 573 840 608 de
853 574 987 610 civitate
999 575 1208 611 Deisanstus

319 624 547 668 Augustinus.
576 625 716 655 Latriam
743 623 828 665 nostri
855 648 866 664 ,
893 624 1064 668 ubicumque
1086 622 1208 668 sanbla-

316 687 386 713 rum
397 677 617 717 Scripturarum
626 672 748 714 postium
760 673 798 715 est
817 679 1007 718 interpretati
1028 673 1209 719 suntservi-

317 734 412 763 tutem
437 750 445 759 .
471 725 532 761 sed
553 735 589 760 ea
602 721 763 766 servitus,
791 736 858 768 quae
879 726 1000 760 debetur
1023 725 1208 765 hominibus,

315 774 478 820 J'ecundicm
499 785 589 817 quam
603 780 751 816 praecepit
778 775 925 818 Apostolus
950 775 1053 823 servos
1079 777 1206 811 dominis

315 825 383 870 suis
390 825 522 870 subditos
533 824 583 867 esse
593 824 697 858 debere
710 849 721 865 ‚
739 825 797 858 alio
808 833 921 859 nomine
928 824 1028 871 g'raece*
1045 832 1208 868 nuncupari

315 875 394 920 folet
407 901 413 908 .
441 879 552 909 Latria
564 876 635 908 verb
640 872 803 921 secundum
815 875 1051 920 consuetudinem
1063 902 1073 918 ,
1100 889 1159 919 qua
1169 878 1209 910 lo-

320 933 379 968 ,cutt
398 924 469 969 sunt
490 950 501 973 2
525 931 578 972 qui
600 924 683 961 nobis
707 928 828 959 Divina
853 929 967 970 eloquia
993 928 1208 967 condiderunt,

320 975 498 1018 autsemper
508 1000 518 1017 ‚
540 984 595 1009 aut
605 984 668 1008 tam
674 973 851 1023 frequenter
878 987 910 1011 ut
920 980 997 1020 pene
1005 977 1122 1020 semper
1134 1002 1144 1018 ‚
1174 989 1209 1010 ea

319 1027 429 1064 dicitur
445 1024 598 1069 servitus,
626 1037 692 1068 quae
695 1031 828 1068 pertinet
856 1030 901 1061 ad
919 1030 1069 1061 colendum
1094 1030 1208 1061 Deum.

320 1076 452 1115 Vocem
479 1076 644 1120 adaequate
668 1076 977 1120 correspondenrem
1005 1090 1065 1117 nos
1092 1077 1206 1114 Latini

321 1139 390 1163 non
403 1125 580 1167 habemus,
609 1126 751 1170 ideoque
761 1139 864 1171 graeca
893 1130 1017 1172 semper
1029 1128 1078 1161 uti
1099 1128 1209 1161 adsue·

321 1178 454 1211 vimus.
482 1177 576 1212 Hinc
602 1177 790 1212 idololatria
813 1177 859 1212 est
887 1179 1051 1214 summum
1081 1178 1210 1222 generis

320 1225 459 1261 humani
472 1228 597 1261 crimen
617 1250 629 1266 ,
653 1227 742 1269 quod
755 1227 849 1260 istam
870 1229 1058 1262 servitutem
1089 1229 1211 1270 impen-

319 1278 377 1312 dat
389 1276 559 1310 daemoniis
580 1287 618 1309 ac
629 1287 743 1309 eorum
769 1275 946 1311 fimulacris
960 1303 967 1309 .
996 1278 1122 1311 Eadem
1136 1278 1213 1310 San·

317 1330 387 1363 etus
402 1326 605 1371 Augustinus
617 1327 731 1369 repetit
745 1325 777 1358 in
791 1325 883 1360 libris
893 1327 1046 1362 adversus
1057 1326 1211 1362 Faustum

318 1377 548 1413 Manichaeum
571 1400 582 1416 ‚
608 1388 646 1410 ac
670 1376 706 1409 in
729 1375 820 1410 libris
850 1378 1004 1412 adversus
1031 1377 1211 1411 Claudium

318 1427 568 1463 Taurinensem
590 1425 790 1468 Episcopum
816 1427 983 1470 eleganter
1016 1428 1159 1470 exponit
1180 1427 1213 1460 &

320 1478 461 1520 ampliat
473 1476 571 1519 Jonas
585 1476 765 1519 Episcopus
776 1475 1017 1511 Aurelianenfis
1028 1502 1035 1509 .

360 1527 472 1561 Etiam
484 1526 562 1562 Deo
574 1525 608 1558 ὃς
621 1525 775 1559 creaturis
786 1526 980 1569 quibusdam
997 1538 1212 1562 communem

320 1576 547 1612 venerationis
558 1575 685 1609 cultum
704 1575 838 1618 proprio
859 1577 1031 1620 nequimus
1052 1577 1216 1611 vocabulo

322 1636 506 1671 exponere.
538 1625 594 1659 Est
609 1624 789 1659 admodum
803 1625 927 1659 varius:
955 1624 1073 1660 Alium
1085 1626 1216 1670 Episco-

321 1678 376 1724 pis
387 1702 398 1718 ,
427 1677 528 1712 alium
542 1673 691 1720 Regibus
702 1697 712 1714 ‚
725 1673 825 1709 alium
837 1674 943 1710 doffis
955 1701 966 1717 ,
986 1676 1090 1710 alium
1101 1675 1193 1720 justis
1206 1700 1216 1717 ‚

323 1727 428 1762 ulium
440 1725 547 1761 adhuc
560 1726 642 1759 vivis
654 1750 665 1765 ‚
691 1724 794 1768 alium
805 1725 1017 1769 regnantibus
1027 1738 1103 1761 cum
1118 1724 1215 1760 Chri-

318 1777 380 1812 <sto
392 1776 611 1821 impendimus
625 1799 635 1815 ,
661 1775 752 1817 juxta
766 1775 888 1810 variam
901 1776 1056 1820 cujusque
1077 1774 1218 1820 dignita-

327 1837 416 1862 tem.
448 1827 630 1871 Justiscum
642 1823 777 1859 Christo
801 1825 1012 1869 regnantibus
1024 1851 1035 1867 ,
1060 1826 1093 1858 &
1106 1824 1219 1870 Ange-

324 1878 370 1913 Llis
393 1880 426 1912 ὃς
441 1875 631 1912 hominibus
643 1875 901 1919 impendendum
915 1877 1075 1910 Dostores
1099 1874 1217 1909 claffici

329 1941 413 1963 voce
426 1928 537 1962 Graeca
550 1926 663 1970 paffim
674 1925 839 1970 appellant
849 1932 960 1962 ammas
980 1952 986 1958 .
1020 1926 1144 1960 Nescio
1155 1948 1166 1964 ,
1177 1936 1217 1958 an

323 1979 467 2023 ‘penitus
491 1977 594 2013 reste.
623 1977 759 2010 Etenim
782 1973 873 2008 hunc
885 1974 1032 2010 Romani
1045 1975 1221 2010 Pontificis

325 2028 464 2063 titulum
488 2053 499 2070 ,
526 2030 637 2061 Servus
657 2023 813 2069 servorum
833 2027 916 2064 Dei,
942 2025 1045 2059 Graeci
1068 2034 1220 2065 vertunt,

333 2083 352 2115 ο*
373 2084 478 2116 Eirmos-
489 2086 543 2114 τε,
565 2084 659 2114 adum
679 2093 725 2111 του
745 2078 851 2117 roim,
880 2074 1028 2120 adeoque
1040 2087 1106 2110 vox
1124 2080 1221 2112 ῖόυλια

325 2141 399 2165 non
419 2129 577 2163 servitutis
593 2126 668 2161 solis
688 2124 790 2160 beatis
802 2125 943 2171 Angelis
965 2138 1002 2160 ac
1027 2124 1222 2161 hominibus

325 2177 558 2225 impendendae
577 2178 717 2221 speciem
737 2176 899 2221 fignificat
915 2201 926 2218 ‚
952 2176 1006 2210 sed
1029 2187 1134 2221 genus
1154 2175 1223 2218 qui-

326 2231 439 2268 busvis
451 2228 641 2263 hominibus
653 2239 690 2262 ac
715 2226 816 2262 etiam
827 2229 904 2262 Deo
925 2237 1120 2260 commune.
1148 2226 1221 2258 Nos

323 2280 466 2316 interim
479 2278 592 2313 Latini
606 2288 687 2312 voce
701 2276 760 2310 ista
774 2278 874 2313 hodie
901 2277 1025 2311 utimur
1040 2277 1075 2310 in
1097 2275 1220 2309 distum

327 2332 479 2367 sensum.
508 2329 592 2363 Eam
611 2328 688 2362 vero
699 2328 809 2362 cultus
822 2329 959 2372 speciem
973 2326 1077 2360 Graeci
1101 2335 1220 2360 vocant

330 2381 560 2417 adorationem
573 2390 628 2423 per
645 2388 789 2412 amo-rem
813 2380 846 2415 ὃς
857 2379 1005 2413 affectum
1019 2402 1029 2418 ,
1054 2375 1222 2410 salutatio-

332 2443 412 2469 nem
438 2454 450 2470 ‚
473 2429 694 2464 salutatoriam
727 2439 764 2463 ac
790 2427 1038 2463 honoratoriam
1062 2426 1221 2461 adoratio-

326 2490 413 2518 ·uem
437 2505 444 2512 .
474 2481 517 2516 Et
538 2479 605 2513 haec
628 2479 736 2512 nostra
757 2479 846 2512 dulia
869 2479 914 2513 est
938 2477 1080 2511 omnino
1103 2476 1223 2511 latior:

336 2528 471 2573 Utpote
482 2540 553 2572 quae
573 2529 607 2562 ἀ
620 2527 777 2562 omnibus
797 2529 932 2564 &rebus
945 2528 1045 2562 etiam
1065 2527 1221 2561 inanima-

335 2582 379 2617 tis
391 2580 599 2623 impendatur
610 2603 617 2610 .
812 2594 816 2597 κ

388 2632 489 2664 Hanc
511 2628 613 2663 solam
623 2627 812 2663 Dominicae
833 2630 933 2665 Cruci
951 2654 962 2670 ‚
988 2628 1076 2672 ejus,
1101 2626 1223 2661 Christi

337 2679 484 2721 Domini
497 2703 508 2720 ,
527 2679 677 2722 Deiparae
689 2678 806 2713 Matris
815 2705 825 2720 ‚
852 2680 886 2713 ὃς
897 2678 1086 2725 quorumvis
1097 2678 1226 2711 Sansto-

339 2744 414 2769 rum
427 2728 630 2775 imaginibus
641 2727 750 2762 deberi
764 2740 801 2762 ac
822 2730 966 2773 impendi
982 2729 1070 2772 posse
1094 2729 1227 2772 praesens

339 2781 496 2826 synodus
507 2805 518 2821 ,
544 2789 678 2814 omnem
690 2779 848 2823 imaginis
859 2780 999 2821 cujusvis
1013 2778 1174 2812 honorem
1185 2777 1224 2812 ad

337 2831 503 2879 primitivi
514 2831 548 2864 in
562 2841 599 2865 ea
608 2828 822 2872 repraesentati
833 2829 1070 2863 subfistentiam
1083 2828 1220 2862 derivari

337 2882 538 2928 protestata,
565 2879 697 2914 definit.
728 2878 808 2923 Ejus
830 2879 958 2914 sensum
979 2890 1018 2912 ex
1043 2878 1112 2921 ejus
1135 2877 1227 2910 Astis

341 2929 487 2970 lucidius
498 2930 691 2975 indagemus
702 2954 711 2961 .

398 2981 431 3016 A
454 2982 556 3026 prima
581 2980 724 3015 Anione
745 2979 880 3015 Basilius
901 2979 1044 3023 Ancyrae
1066 2978 1100 3012 in
1124 2978 1229 3021 prima

346 3033 478 3066 Galatia
501 3029 779 3074 Metropolitanus
796 3030 999 3074 Episcopus,
1025 3027 1228 3062 Iconoclasta

345 3083 533 3126 poenitens,
560 3081 712 3123 recipitur
734 3081 768 3114 in
783 3081 929 3115 Ecclefiae
940 3079 1080 3125 gratiam
1101 3077 1158 3111 sub
1170 3075 1230 3112 hac

349 3132 564 3177 professione:
591 3131 782 3164 Venerabile-s
804 3135 950 3175 imagines
963 3154 974 3170 ‚
1000 3138 1066 3162 tam
1077 3125 1231 3171 dispensa·

348 3186 441 3216 tionis
454 3182 570 3213 Domini
583 3180 668 3220 nostri
671 3185 703 3225 J
706 3179 754 3223 esu
766 3181 877 3222 christi
889 3205 900 3221 ,
920 3179 1082 3224 secundr'tm
1095 3179 1175 3221 quod
1182 3177 1232 3211 bo-

339 3229 504 3272 -mofadlus
517 3229 572 3270 est,
601 3232 634 3264 (9
648 3235 835 3266 intemeratae
845 3235 983 3264 Dominae
1004 3226 1231 3272 nostraesanllae

351 3284 409 3318 Dei
426 3284 580 3323 genitricis
594 3303 604 3318 ,
630 3289 722 3321 atque
738 3279 908 3324 sandlomm
919 3279 1133 3322 Apostolorum,
1160 3280 1231 3311 Pro-

346 3330 510 3380 phetarum
522 3353 533 3368 ,
559 3331 721 3367 Martyrum
730 3351 741 3368 ‚
764 3332 798 3364 ὁ·
809 3337 938 3364 omnium
941 3331 1030 3372 simul
1037 3329 1210 3363 sanctorum
1221 3352 1231 3369 ,

347 3380 448 3427 saluto
463 3383 582 3421 pariter
609 3379 643 3412 (ζ’-1·
668 3379 826 3419 αηιρΙεέῖον
848 3403 860 3419 ,
884 3389 975 3424 atque
1007 3381 1234 3420 adorationem,

347 3443 419 3479 quae
438 3428 622 3481 pernoctari
644 3426 804 3481 bonorem?
829 3430 984 3483 impendot
1010 3428 1049 3480 id
1069 3429 1114 3465 est
1127 3453 1139 3474 ,
1165 3438 1233 3464 non

1321 324 1420 358 Actio
1445 325 1585 361 secunda
1611 326 1692 373 legit
1703 353 1713 369 ‚
1740 329 1893 372 probavit
1903 359 1915 377 ‚
1940 335 1974 372 dt
1984 343 2156 378 confirma.

1273 375 1318 408 vit
1340 371 1425 408 hane
1438 375 1579 410 Adriani
1605 379 1701 422 primi
1716 378 1892 416 pontificis
1913 385 2134 432 dogmaticam

1270 425 1303 460 ὃς
1318 425 1364 460 sui
1377 424 1608 462 instrunncem
1630 439 1668 462 ac
1679 428 1879 467 directricem
1892 435 2095 481 Epistonm.
2121 417 2159 476 ιλ

1273 473 1409 518 universo
1428 478 1556 516 mundo,
1580 476 1631 511 ubi
1649 478 1859 520 christianitas
1881 484 1919 525 est
1934 512 1945 528 ,
1972 487 2046 533 tpsae
2060 489 2158 534 sacra

1275 529 1418 569 imagines
1425 535 1638 569 permanentes
1658 529 1697 561 ab
1710 532 1841 566 omnibus
1846 535 1935 577 fideli
1941 538 1994 572 bus
2015 539 2160 576 honoran-

1272 586 1321 610 tur
1331 599 1342 617 ‚
1369 585 1401 610 ut
1406 584 1463 619 per
1477 576 1619 620 visibilem
1631 581 1749 613 vultum
1759 583 1804 615 ad
1811 586 1991 627 invisibilem
2001 592 2157 625 Divinita-

1272 633 1313 659 tis
1328 627 1513 670 maiestatem
1523 639 1608 662 mens
1623 629 1718 670 nostra
1729 636 1866 673 rapiatur
1870 634 2029 679 spirituali
2052 641 2160 682 afficta

1268 685 1325 719 per
1335 680 1610 719 contemplationem
1621 677 1761 723 figurata
1775 687 1915 727 imaginis
1925 689 2084 732 secundum
2095 702 2162 726 car-

1279 739 1345 760 nem
1359 752 1369 768 ,
1396 739 1488 770 quam
1503 731 1559 761 Dei
1567 728 1651 771 filius
1666 738 1723 772 pro
1734 731 1829 772 nostra
1847 732 2092 784 salute-suscipere
2114 742 2161 775 dt.

1268 787 1382 822 gnatus
1395 777 1434 819 est
1447 790 1453 809 :
1481 781 1629 814 Eumdem
1642 782 1868 824 Redemptorem
1886 789 2012 829 nostrum
2026 815 2038 830 ‚
2063 797 2159 834 quiin

1273 830 1350 861 coelis
1364 828 1402 869 est
1416 853 1427 868 ‚
1453 829 1614 864 adoramus
1627 855 1638 871 ,
1664 832 1698 865 t&
1711 837 1744 866 in
1754 835 1867 875 spiritu
1884 840 2083 883 glorificantes
2102 841 2160 874 col-

1272 879 1431 911 laudamus
1444 904 1451 911 .
1480 878 1557 921 Abfit
1578 882 1599 912 ἃ
1625 881 1708 914 nobis
1721 907 1732 922 ,
1757 892 1791 917 ut
1803 883 1883 928 ipsas
1893 893 2039 934 imagines
2053 916 2064 932 ‚
2100 899 2160 925 tcut

1274 931 1398 971 quidam
1404 936 1549 973 garriunt
1560 955 1571 972 ‚
1593 932 1768 975 Deificemus
1780 958 1788 966 .
1814 937 1835 968 5
1836 938 1876 970 ed
1882 939 2019 981 afflatam
2043 942 2078 976 ὁ·
2093 941 2164 975 dile·

1274 979 1396 1012 &ionem
1407 978 1533 1020 nostram
1545 1004 1554 1020 ,
1581 991 1673 1023 quam
1682 988 1714 1014 in
1729 986 1784 1017 Dei
1797 997 1928 1024 amorem
1943 993 1978 1026 (τ
1987 991 2163 1025 ὃαηὲἷονιιηι

1274 1032 1338 1070 ejus
1349 1028 1491 1063 babemus
1505 1054 1516 1070 ‚
1543 1033 1709 1065 omnimodo
1722 1034 1916 1076 praeferimus
1932 1065 1939 1073 .
1968 1043 2014 1075 Et
2027 1040 2097 1083 ficut
2108 1044 2164 1074 Dt-

1275 1085 1357 1113 vinae
1367 1081 1529 1120 scripture
1541 1079 1652 1122 libros,
1677 1079 1915 1129 {usarimagines
1934 1090 1969 1123 ob
1991 1098 2164 1125 memoriam

1276 1134 1477 1162 venerationis
1500 1127 1642 1163 habemus
1671 1155 1682 1171 ‚
1709 1131 1812 1173 noflrae
1828 1135 1904 1179 fidei
1919 1147 2086 1183 puritatem
2104 1140 2166 1184 ser-

1276 1188 1404 1212 vantes.
1433 1179 1519 1213 Sacri
1541 1178 1615 1214 libri
1640 1179 1731 1215 aliud
1755 1195 1824 1219 non
1850 1186 1975 1224 habent
1997 1190 2166 1230 officium,

1275 1240 1372 1271 quam
1396 1229 1443 1262 sui
1468 1228 1609 1264 lectione
1621 1242 1682 1265 nos
1704 1232 1738 1265 in
1752 1234 1839 1275 Dei,
1864 1237 1986 1274 Christi
1999 1241 2140 1276 Domini
2154 1265 2166 1281 ‚

1275 1280 1308 1312 ὅ(
1330 1279 1524 1312 Sanctorum
1540 1279 1613 1323 ejus
1630 1305 1641 1321 ‚
1667 1292 1748 1324 quos
1777 1285 1969 1324 invocemus
1993 1291 2028 1325 δε
2055 1290 2166 1325 adore-

1277 1340 1371 1369 mus,
1398 1329 1592 1365 memoriam
1613 1330 1776 1367 deducere
1798 1359 1808 1374 ,
1834 1337 1926 1381 cujus
1946 1340 2046 1375 officii
2069 1342 2165 1375 causa

1277 1389 1439 1412 merentur
1452 1379 1486 1413 &
1498 1380 1555 1423 ipfi
1568 1381 1658 1414 suam
1669 1387 1911 1423 venerationem
1926 1403 1936 1423 .·
1951 1389 2054 1424 Aliud
2066 1391 2165 1425 etiam

1276 1428 1423 1462 officium
1436 1440 1504 1462 non
1526 1429 1648 1464 habent
1663 1433 1756 1466 sacrae
1779 1436 1962 1481 imagines,
1989 1440 2105 1483 utpote
2126 1440 2167 1475 li·

1277 1477 1327 1512 bri
1348 1477 1576 1513 indoctorum.
1603 1480 1772 1518 Christum
1795 1485 1982 1522 Dominum
2003 1500 2058 1525 aut
2069 1489 2163 1534 Apo-

1276 1527 1399 1562 stolum
1421 1528 1561 1563 Paulum
1587 1530 1624 1563 in
1646 1530 1731 1566 libro
1758 1533 1905 1579 legentes
1929 1537 2019 1573 dotti
2041 1565 2052 1580 ‚
2087 1551 2158 1575 non

1278 1577 1384 1619 hunc,
1412 1578 1574 1612 sedillum
1594 1580 1725 1623 dulice,
1752 1583 1850 1619 istum
1872 1587 1984 1622 latrice
2004 1589 2163 1626 adorant:

1279 1628 1328 1662 Ita
1351 1628 1384 1661 δι
1396 1627 1518 1675 ἰηάοᾷἰ
1531 1629 1658 1663 faciunt
1675 1641 1791 1666 eorum
1803 1636 1980 1679 imaginem
1999 1638 2165 1673 videntes.

1329 1676 1373 1710 Et
1392 1675 1472 1711 hinc
1496 1675 1636 1723 lauda-tae
1654 1679 1809 1722 Epistolae
1831 1686 2009 1731 suffragans
2028 1689 2165 1723 Sanetus

1279 1723 1455 1761 Tharalius
1465 1725 1653 1762 Patriarcha
1665 1729 2051 1779 Constantinopolitanus
2062 1738 2166 1773 fictas

1282 1777 1440 1821 imagines
1462 1777 1603 1812 adseruit
1625 1779 1800 1818 affestuoso
1823 1796 1935 1820 amore
1960 1787 2164 1827 adorandas,

1282 1827 1326 1860 ita
1349 1838 1460 1861 tamen
1484 1837 1518 1860 ut
1532 1827 1628 1869 fidem
1647 1839 1683 1861 ac
1700 1831 1820 1865 latriam
1839 1835 1981 1871 nostram
2001 1837 2035 1870 in
2053 1838 2163 1872 solum

1282 1877 1392 1910 Deum
1403 1887 1583 1920 ponamus.
1613 1877 1656 1911 Et
1676 1878 1878 1923 Euthymius
1900 1886 2062 1921 sardensis
2086 1886 2165 1930 Epi·

1280 1926 1416 1970 scopus,
1441 1927 1558 1970 Lydiae
1579 1927 1794 1973 Metropolira
1809 1946 1821 1966 :
1847 1938 1921 1968 Tota
1943 1941 2050 1969 anima
2062 1940 2166 1978 recipio

1277 1975 1386 2020 sacras
1401 1980 1502 2010 leonas
1514 1988 1578 2010 cum
1592 1985 1779 2014 convenienti
1792 1981 1896 2017 bonore
1908 2009 1918 2025 ,
1945 1984 2168 2029 &salutatoria

1282 2028 1457 2060 adoratione
1467 2052 1474 2058 .
1507 2027 1596 2073 Qia
1609 2029 1728 2073 nempe
1739 2032 1808 2075 (ign
1814 2043 1870 2066 um
1880 2034 1913 2066 &
1924 2034 2145 2078 significatum
2155 2056 2168 2074 a

1283 2074 1455 2120 quomodo
1475 2078 1511 2109 in
1536 2075 1712 2113 substantia
1730 2102 1742 2120 ,
1769 2080 1814 2114 ita
1836 2081 1872 2115 ὅτ.
1891 2083 1927 2116 in
1951 2081 2079 2118 honore
2100 2095 2170 2119 ma-

1283 2137 1388 2171 gnum
1401 2124 1522 2160 habent
1544 2138 1582 2161 ac
1593 2125 1713 2162 habere
1733 2128 2096 2168 debentintervallum.
2123 2133 2170 2168 Et

1286 2175 1528 2216 Alexandrini,
1556 2176 1790 2220 Antiocheni,
1816 2192 1853 2216 ac
1867 2181 2170 2227 Hierosolymitani

1284 2224 1544 2260 patriarcharum
1566 2226 1766 2272 dogmaticis
1785 2230 1827 2265 ad
1852 2232 2024 2275 Synodum
2052 2234 2170 2267 litteris

1285 2276 1463 2322 suffragans
1485 2275 1726 2312 Constantinus
1754 2281 2015 2317 Constantienfis
2036 2284 2168 2326 Episco-

1285 2338 1343 2370 pus
1365 2350 1375 2366 ,
1403 2326 1621 2369 Metropolim
1642 2328 1844 2371 Cypriorum
1867 2345 1874 2364 :
1903 2332 2030 2376 suscipio
2051 2335 2087 2367 cb·
2105 2345 2171 2367 am·

1280 2376 1389 2419 pleiior
1400 2375 1611 2411 honorabiliter
1618 2376 1744 2421 sanblas
1766 2382 1800 2414 6·
1808 2382 1993 2415 venerabiles
2002 2387 2147 2426 imagines
2157 2405 2170 2423 ,

1284 2437 1374 2469 atque
1387 2427 1589 2460 adorationem
1601 2451 1612 2468 ,
1639 2439 1704 2470 quae
1722 2437 1780 2470 per
1800 2430 1925 2464 latriam
1940 2455 1950 2470 ‚
1977 2433 2014 2464 id
2022 2432 2080 2472 est,
2108 2434 2178 2466 Deo'

1284 2477 1417 2511 debitam
1437 2475 1618 2519 servitutem
1642 2479 1763 2520 efficitur
1787 2502 1798 2518 ,
1816 2478 1872 2524 soli
1893 2479 2169 2526 supersubstantiali

1285 2528 1319 2561 <55
1330 2525 1462 2568 vivificat
1477 2529 1622 2560 Trinitaeti
1631 2529 1770 2570 impende
1788 2555 1794 2561 .

1335 2575 1436 2610 Attio
1457 2586 1569 2619 quarta
1590 2577 1670 2622 legit
1691 2579 1868 2621 quamdam
1890 2582 1998 2617 Sansti
2023 2580 2170 2616 Maximi

1289 2625 1427 2661 Abbatis
1449 2626 1483 2659 δε
1500 2627 1659 2669 Martyris
1677 2639 1752 2663 cum
1775 2629 1969 2667 Theodosio
1993 2631 2171 2666 caesareen-

1288 2678 1367 2711 fium
1389 2677 1423 2710 in
1437 2674 1597 2720 Bythinia
1621 2677 1786 2721 Episcopo
1810 2681 2089 2724 disputationem,
2114 2678 2171 2715 ha-

1287 2728 1418 2762 bentem
1442 2725 1510 2761 haec
1537 2726 1630 2761 verba
1654 2740 1661 2760 :
1689 2727 1888 2773 Unusquisque
1912 2728 2041 2773 ipsorum
2059 2729 2170 2774 sarreia

1289 2777 1482 2820 Evangelia,
1508 2776 1715 2819 &pretiosam
1735 2782 1879 2820 Crucem,
1906 2782 1940 2814 ὁ*
1966 2783 2085 2813 Iconam
2110 2783 2170 2814 Dei

1288 2829 1321 2861 ed·
1334 2828 1498 2859 salvatoris
1511 2825 1600 2866 nostri
1603 2827 1632 2868 J
1636 2824 1683 2868 esu
1697 2827 1823 2869 Chresti,
1847 2831 1887 2863 <St
1901 2833 2039 2864 Dominae
2053 2829 2174 2871 nostrae,

1288 2888 1355 2919 quae
1366 2887 1430 2910 eum
1435 2881 1539 2919 genuit
1549 2900 1558 2916 ‚
1566 2875 1779 2919 salutaverunt
1793 2903 1800 2910 .
1828 2878 1990 2922 Exposuit
2002 2878 2079 2914 vero
2091 2880 2170 2915 San·

1289 2928 1356 2960 &us
1367 2922 1551 2959 patriarcha
1564 2922 1762 2961 Tharafius.
1791 2927 2017 2971 Conspiciamus
2031 2928 2168 2971 fratres,

1289 2977 1413 3019 qualiter
1430 2976 1543 3008 dixerit
1553 2999 1564 3015 ,
1591 2974 1718 3021 QJIA
1734 2976 2168 3014 SALUTAVERUNT:

1290 3027 1384 3070 ‚Quod
1402 3027 1436 3059 (⁴5
1459 3036 1510 3058 nos
1528 3024 1647 3058 honoris
1660 3026 1764 3066 afflc‘lu
1778 3027 1884 3070 facere
1900 3029 2040 3065 debemus
2050 3054 2058 3062 .
2082 3033 2171 3062 Nam

1289 3078 1380 3110 latria
1393 3075 1489 3116 nostra
1500 3076 1546 3108 ad
1553 3086 1646 3108 unum
1657 3079 1752 3110 Deum
1762 3077 1889 3120 refertur
1902 3104 1910 3111 .

1339 3125 1367 3160 Λ
1375 3126 1440 3160 &io
1450 3125 1566 3170 quinta
1578 3124 1691 3168 ejectas
1701 3125 1741 3161 ab
1752 3128 1951 3173 Imperatore
1958 3130 2073 3165 Leone
2085 3128 2172 3164 Isau·

1289 3187 1325 3210 ro
1348 3177 1451 3210 sacras
1471 3176 1632 3221 imagines
1653 3176 1794 3212 restituit
1816 3179 1988 3218 Eccleliis‚
2012 3190 2113 3213 unam
2136 3179 2172 3213 in

1289 3225 1400 3260 medio
1410 3227 1548 3270 pofitam
1561 3226 1701 3261 adorans
1720 3239 1796 3264 cum
1820 3228 1906 3264 hisce
1925 3229 2174 3263 exclamationi-

1290 3277 1349 3311 bus
1361 3301 1369 3310 .
1398 3280 1424 3308 A
1431 3275 1546 3320 [anilis
1559 3277 1704 3311 Patribus
1715 3279 1809 3312 edom
1831 3278 2015 3312 venerabiles
2025 3283 2173 3322 imagines

1290 3326 1453 3372 salutamus
1466 3350 1474 3359 .
1502 3326 1547 3359 Ab
1565 3333 1609 3360 eis
1623 3327 1703 3360 dubii
1723 3330 1924 3362 adorationem
1938 3352 1950 3368 ,
1974 3339 2041 3371 quae
2059 3337 2115 3371 per
2124 3328 2176 3363 ho-

1291 3389 1391 3411 norem
1413 3376 1452 3420 fit
1474 3403 1485 3418 ‚
1511 3378 1562 3409 eis>
1578 3378 1778 3419 impendimus
1802 3403 1808 3409 .
1833 3379 1997 3412 Credentes
2023 3384 2056 3412 in
2081 3390 2176 3413 unum

1292 3430 1386 3465 Deum
1398 3433 1432 3463 in
1444 3431 1593 3466 Trinium
1612 3427 1797 3464 laudandum
1807 3449 1819 3469 ‚
1837 3427 2019 3465 honorabiles
2031 3433 2179 3473 imagines

1485 3477 1488 3479 ’
1579 3476 1581 3478 ’
2043 3477 2127 3527 salto·
