2340 3762
60 1344 131 1376 Λᾶ.
149 1356 179 1383 4.

622 160 924 215 Senomls,
960 174 1025 203 ετ
1058 156 1247 204 Nous
1283 170 1662 211 ILLuszRATI.

1473 1 1493 24 ἣ

1899 165 1989 221 185

239 257 381 283 caenum.
409 249 464 282 De
475 248 564 283 vario
577 247 726 291 reihujus
739 249 821 282 statu
844 246 938 281 scribi
949 255 1114 290 oporteret
1162 255 1165 295 ξ
1179 245 1282 280 lirano
1304 242 1540 279 patriarchatui
1554 244 1708 293 subjectos
1721 245 1900 291 Episcopos
1911 245 2058 292 probatis

239 298 376 344 grandes
386 297 485 332 libros
498 325 504 331 .

289 346 390 391 Apud
401 348 528 384 Graecos
539 350 722 394 praesentem
735 349 908 383 (janonem
926 346 1042 397 sprevit
1054 346 1116 381 Im-

237 408 370 442 perator
381 398 589 442 Nicephorus
611 398 745 439 Phoca,
775 400 804 432 E
845 395 1000 432 lefiasticae
1022 396 1116 431 liber-

241 448 318 482 tatis
338 448 520 484 faediffimus
532 449 654 489 hostis,
681 450 722 483 de
741 411 981 493 quochhorgius
999 447 1115 482 Cedro

243 506 319 532 nus.
348 502 455 543 Legem
465 501 534 533 tulit
544 525 554 540 ‚
579 507 623 533 cui
649 501 683 533 (θ’
696 498 833 543 Episcopi
843 499 965 541 quidam
974 501 1058 532 leves
1071 507 1116 531 at-

241 559 299 589 que
309 549 478 582 adulatores
495 548 727 593 subscripserunt
740 574 750 590 ,
776 561 811 583 ne
822 553 1014 590 Imperatoris
1024 546 1117 591 injus-

238 597 363 641 suullus
383 608 527 632 crearetur
539 600 703 643 Episcopus
716 626 723 632 .
751 598 909 633 Perversae
921 597 1002 643 legis
1021 609 1115 632 occa-

241 648 363 682 sionem
384 647 515 684 adducit
541 651 574 683 in
589 649 808 688 Ecclefiastica
828 646 961 682 historia
974 648 1115 690 Joannes

240 696 400 732 Zonaras.
428 701 504 732 Orta
524 705 602 735 inter
617 699 764 744 summum
778 699 946 739 Pastorm,
972 698 1115 740 Polyeu-

239 749 328 782 stum
339 748 561 785 patriarcham
570 749 976 793 Constantinopolitanum
988 772 998 789 ‚
1012 750 1046 782 (5
1052 753 1116 790 pri-

239 803 351 831 marios
371 800 536 833 Sacerdotes
549 807 729 834 contentione
739 825 749 840 ,
775 801 840 833 cum
850 799 881 831 hi
891 800 1067 844 decernenalt'
1077 799 1114 830 li·

237 848 367 887 l'entiam
388 849 623 890 &approbandi
641 849 814 891 potestatem
819 848 875 889 sibi
896 849 1090 882 vendicarent
1105 869 1116 886 ,

238 898 288 929 ille
300 895 450 940 suffmgia
472 898 712 939 reprehenderet,
737 908 770 931 ut
780 909 850 940 quae
871 908 921 930 nec
923 896 985 938 fine
1005 894 1116 937 affe&-

238 945 294 979 bus
306 970 317 985 ,
343 957 394 979 nec
402 946 595 987 rec‘lojudtcio
611 947 766 989 ferrentur
781 971 791 988 ‚
817 955 990 989 operamque
1002 947 1090 979 daret
1103 969 1115 986 ‚

238 1004 275 1029 ut
283 994 322 1028 ab
333 995 382 1029 his
384 998 535 1037 judicium
541 997 676 1040 facquris
698 995 806 1040 &ipse
818 1002 850 1030 in
872 995 1015 1037 c'onfilium
1027 995 1114 1029 adhi-

239 1045 375 1079 beretur:
398 1050 564 1089 Imperator
573 1060 610 1082 ex
622 1048 672 1081 hoc
682 1047 806 1091 sumpta
815 1046 950 1089 occasione
960 1070 970 1085 ‚
993 1049 1026 1080 (5
1038 1050 1116 1080 omni

237 1095 412 1130 auctoritate
423 1096 590 1140 defijgnandi
603 1098 763 1142 Episcopus
778 1096 835 1139 fibi
845 1099 1006 1131 vendicata
1021 1121 1034 1137 ,
1057 1098 1116 1130 edi·

239 1151 287 1178 xit
297 1157 333 1179 ne
344 1145 498 1190 quisquam
509 1149 613 1192 injussu
619 1147 638 1192 s
637 1160 671 1183 uo
684 1155 716 1182 in
738 1150 830 1182 ullam
843 1146 999 1188 Ecclesiam
1019 1153 1115 1180 mitte·

237 1203 318 1228 retur
329 1221 336 1227 -
365 1197 493 1231 Caffata
515 1196 694 1233 &lacerata
708 1197 914 1242 postmodum
927 1198 989 1231 fuit
1000 1208 1037 1230 ea
1050 1197 1115 1238 lex,

235 1256 335 1289 atque
346 1245 387 1282 de
397 1248 469 1282 solo
480 1248 675 1293 Episcopatu
686 1248 1058 1292 Constantinopolitano
1068 1248 1116 1281 in·

236 1294 367 1329 dultum
378 1296 525 1341 Principi
536 1323 547 1339 ,
560 1299 650 1342 quod
662 1299 701 1333 ad
713 1298 914 1333 Michaelem
927 1297 1116 1342 Augustum

235 1345 350 1380 scribit
371 1345 528 1383 Pontifex
551 1349 712 1383 Nicolaus
731 1349 861 1383 Primus
881 1348 916 1381 in
929 1348 1043 1381 litteris
1060 1358 1116 1390 per

234 1396 384 1429 octavam
405 1397 578 1439 Synodum
601 1398 744 1440 probatis
761 1422 768 1429 .
795 1396 1040 1439 consuetudinem
1065 1407 1116 1429 ve-

230 1443 327 1484 stram
336 1450 474 1477 novimus
482 1469 495 1485 ‚
522 1452 555 1478 in
565 1450 658 1490 Regia
667 1446 737 1479 urbe
748 1447 869 1478 minime*
877 1451 987 1486 apicem
999 1443 1115 1477 Archie-

235 1498 341 1527 raticae
346 1494 501 1536 potestatis
511 1497 639 1537 aliquem
647 1497 722 1538 poffe
731 1493 903 1536 haberefine
914 1491 1114 1535 Ecclest‘asticae

231 1543 328 1586 plebis
347 1543 482 1588 consensu
503 1570 514 1586 ‚
539 1554 627 1588 atque
651 1546 801 1588 imperiali
817 1544 975 1589 suffragio.
1018 1544 1112 1578 Eam-

236 1604 300 1637 que
321 1595 591 1630 consuetudinem
615 1595 773 1630 Pontifex
796 1595 910 1638 probat
930 1620 940 1636 ‚
966 1603 1021 1628 aut
1039 1593 1115 1629 sane

235 1654 307 1678 non
324 1642 458 1678 damnat
474 1668 481 1677 .
506 1645 656 1689 Exponit
676 1646 711 1679 in
733 1656 831 1689 opere
852 1645 893 1679 de
921 1644 1114 1678 Ecclefiasti-

170 1729 179 1734 ,
235 1693 286 1727 cis
318 1693 592 1729 ordinationibus
616 1696 761 1736 Symeon
786 1693 918 1729 Archi·
933 1694 1114 1738 Episcopus

233 1741 547 1778 Thessalonicensis.
578 1744 730 1788 SuffragIa
746 1743 909 1788 secundum
935 1742 1113 1787 consuetudi-

233 1803 302 1827 nem
312 1796 344 1825 in
354 1798 415 1826 tres
420 1792 564 1836 perfimas
567 1793 713 1835 feruntur
723 1819 735 1835 ,
759 1797 881 1837 lataque
898 1796 943 1827 ad
954 1798 1112 1836 Imperato-

234 1853 297 1877 rem
306 1843 326 1873 ἃ
335 1841 566 1885 chartophylace
577 1845 612 1878 ὁ·
625 1843 737 1877 duobus
752 1843 906 1887 Epiftopis
920 1842 1109 1884 deferuntur.

235 1896 329 1926 Unius
340 1893 376 1926 de
385 1893 483 1926 tribus
494 1897 514 1926 ἃ
522 1895 648 1927 Concilio
659 1900 818 1928 nominatis
831 1894 931 1928 clema
940 1895 1111 1936 antiquitus

232 1945 431 1985 Imperatori,
456 1952 491 1977 ut
510 1944 617 1985 uncto,
642 1945 815 1978 apati-ibus
832 1944 971 1987 permissa
995 1943 1054 1985 est,
1079 1946 1110 1977 eo

232 1993 316 2036 quod
332 2003 430 2026 omnes
442 1992 652 2034 fintasynodo
672 1993 753 2029 ele&
763 2019 775 2035 ,
799 1995 832 2028 (²5
858 1996 944 2038 digm
965 2004 996 2027 eo
1006 1993 1111 2027 honore

229 2042 362 2084 iudicati
375 2065 383 2072 .
408 2042 511 2088 Qod
523 2043 729 2088 privilegium
740 2044 875 2078 laudant
898 2045 998 2077 etiam
1010 2043 1112 2077 Codi-

232 2101 299 2125 nus
319 2089 531 2134 curopalates
551 2091 775 2136 &Imperator
797 2093 938 2135 Joannes
950 2092 1112 2127 Cantacu-

231 2150 334 2176 uenus
345 2164 352 2172 .
380 2139 436 2175 Ad
447 2152 580 2176 omnem
595 2141 828 2187 Episcopatum
853 2152 916 2177 tres
928 2142 946 2176 a
957 2141 1056 2176 Clero
1078 2142 1111 2176 &

231 2190 358 2235 populo
376 2190 475 2236 eligi,
500 2193 620 2226 eleetos
631 2192 851 2236 Metropolitae
871 2205 908 2227 ac
928 2191 994 2235 eJus
1008 2193 1112 2235 Syno-

232 2239 280 2274 do
302 2241 432 2282 offerri,
459 2243 493 2276 &
510 2242 651 2285 ipsorum
667 2254 772 2277 unum
792 2242 903 2277 abillo
923 2242 1108 2277 confirmari

233 2290 270 2324 ἀ
291 2291 469 2325 consecrari
493 2291 605 2327 statuit
627 2292 826 2336 Iustinianus
847 2291 1016 2337 Augustus
1033 2316 1044 2332 ‚
1068 2304 1107 2327 ac

231 2340 344 2373 omnis
364 2340 502 2375 Ecclesia
522 2365 534 2381 ‚
557 2343 658 2377 etiam
680 2343 813 2378 Sanstus
835 2343 1013 2388 Gregorius
1035 2343 1108 2377 Ma-

231 2400 339 2434 gnus,
365 2390 519 2425 servavit:
545 2392 625 2426 Hoc
649 2394 753 2436 ipsum
766 2393 988 2436 Metropolitae
1011 2393 1106 2436 privi-

232 2439 357 2482 legium
381 2440 488 2482 quoad
520 2440 714 2477 Patriarchae
749 2442 1110 2487 Constantinopolitani

233 2488 429 2523 elestionem
439 2489 551 2525 datum
562 2492 607 2526 est
619 2491 810 2536 Imperatori
821 2518 829 2525 .

284 2537 328 2572 Et
341 2538 397 2572 illo
411 2549 585 2575 contentos
603 2544 665 2577 esse
676 2543 862 2578 Graecorum
876 2541 1043 2588 Augustos
1055 2555 1119 2578 vom

229 2585 297 2622 luit
308 2588 455 2622 laudatus
469 2590 628 2625 Nicolaus
637 2591 806 2633 Pontifex,
818 2604 851 2628 at
866 2605 934 2628 non
944 2593 1107 2628 obtinuit.

233 2636 357 2681 Liquet
367 2650 408 2672 ex
422 2638 491 2682 ejus
502 2640 616 2676 litteris
635 2641 676 2677 ad
687 2644 820 2677 cunnos
830 2642 1109 2687 Constantinopo-

631 2921 1307 3011 CANON

1162 295 1313 343 loclestis
1336 295 1370 329 in
1381 295 1518 339 septima
1537 296 1679 330 Affione
1691 296 1818 339 synodi
1839 300 1975 331 ostavae.
2002 301 2064 329 Im-

1173 352 1273 388 pietas
1283 346 1401 378 tantum
1424 353 1515 387 caput
1526 347 1632 379 extulit
1646 370 1656 386 ,
1682 355 1715 379 ut
1725 344 1916 388 Ecclefiarum
1943 345 2061 389 Praesu-

1176 396 1253 428 libus
1265 394 1437 437 posthabitis
1452 418 1462 434 2
1487 397 1520 430 (ἓν
1530 397 1634 429 ordine
1645 401 1779 431 canonico
1800 398 1959 429 conculcato
1970 421 1981 436 ,
2005 398 2063 430 lai-

1177 452 1203 479 ci
1228 457 1302 478 nunc
1313 443 1507 486 Ecclefiastica
1519 447 1722 479 moderamina
1746 455 1868 480 teneant
1880 471 1891 487 ,
1916 446 1949 479 (Ὗ
1956 453 2014 488 pro
2025 447 2063 478 li-

1178 496 1242 530 bitu
1249 501 1370 538 proprio
1381 494 1446 535 istos
1466 496 1549 527 moda
1561 505 1731 529 removeant
1744 522 1754 536 ‚
1780 498 1864 530 modo
1886 497 1953 529 illos
1974 501 2007 528 in
2024 496 2064 528 lo·

1177 558 1241 580 cum
1250 557 1346 579 eorum
1362 553 1558 587 promoveant
1569 568 1579 584 ‚
1610 547 1758 578 &rursus
1770 558 1841 589 quos
1865 558 1942 580 nunc
1954 553 2062 588 appro-

1179 597 1254 630 bant
1280 620 1291 636 ,
1313 595 1492 637 postmodum
1521 599 1630 628 mentis
1651 596 1775 628 levitate
1800 597 1875 629 vich·
1895 597 2040 638 repellant
2051 620 2058 626 .

1182 647 1312 681 Etenim
1330 643 1479 679 Michael
1492 644 1661 690 Augustus
1675 646 1827 679 Sanctum
1841 644 2061 680 patriarcham

1179 696 1345 740 ignatium
1367 695 1462 738 ejecit
1479 706 1515 728 ut
1537 694 1659 728 &laicis
1681 706 1891 738 promotum,
1919 696 1952 729 &
1974 694 2062 730 Pho-

1178 748 1261 780 tiurn
1274 746 1399 779 intrusit
1415 758 1422 777 ε
1449 745 1487 777 ln
1497 743 1613 778 eodem
1635 756 1732 788 opere
1743 742 1799 777 sibi
1822 745 1879 787 ipsi
1895 745 2040 779 adversus
2052 770 2060 778 .

1178 796 1292 840 Pergit
1305 795 1464 828 Pontifex
1481 819 1488 826 .
1515 799 1554 826 Ut
1565 798 1667 836 nempe
1677 794 1832 838 saeculares
1848 806 1882 827 ac
1891 796 1959 827 laici
1970 795 2059 827 bomi-

1178 857 1230 878 nes
1243 844 1382 887 qualibet
1388 843 1501 887 scelera
1521 846 1648 877 valeant
1661 846 1782 878 licenter
1803 850 1980 878 committere
1991 869 2000 884 ‚
2027 846 2062 877 (ν

1172 903 1230 937 pro
1241 894 1290 927 his
1303 897 1324 926 ἃ
1336 896 1413 927 nullo
1428 893 1566 935 Pontifice
1574 919 1584 935 ‚
1612 901 1665 937 qui
1678 907 1715 929 ex
1727 895 1815 929 clero
1833 903 1988 937 promotus
1999 892 2063 927 haee

1173 945 1262 987 firma
1278 953 1399 986 poterat
1418 944 1594 978 auc‘loritate
1617 943 1787 989 compescere
1809 969 1820 984 ,
1846 945 1936 979 libere
1958 946 2063 977 redar-

1173 1004 1305 1040 guantur
1322 1020 1329 1027 .
1356 994 1477 1028 Multis
1488 994 1631 1029 ostendit
1643 1008 1684 1029 ex
1707 996 1764 1029 ista
1780 996 1985 1039 impunitatis
2009 1006 2064 1028 cu-

1179 1046 1289 1088 pidine
1302 1045 1430 1088 coepiffe
1443 1045 1551 1090 Reges
1562 1045 1604 1078 ad
1617 1045 1851 1088 Episcoporum
1864 1046 2064 1079 nominatio-

1180 1108 1253 1129 nem
1267 1120 1278 1135 ,
1306 1095 1392 1138 quali
1407 1093 1446 1128 ad
1458 1096 1537 1129 boni
1560 1095 1595 1128 ὅ(
1609 1095 1687 1129 mali
1700 1097 1839 1129 scientiae
1851 1105 1987 1138 pomum
2000 1105 2065 1127 rna-

1178 1156 1239 1179 nus
1250 1145 1423 1179 extendere
1437 1169 1448 1185 ‚
1474 1145 1509 1178 &
1524 1147 1640 1180 sorices
1653 1146 1835 1188 palatinos,
1860 1146 1973 1189 utpote
1985 1144 2064 1178 aclu-

1179 1197 1296 1230 latores
1322 1196 1355 1229 &
1366 1206 1461 1229 canes
1474 1205 1584 1229 mutos
1598 1220 1609 1236 ‚
1635 1196 1676 1230 ad
1690 1196 1904 1240 Episcopatus
1915 1194 2061 1229 evehere.

1179 1246 1284 1280 Addit
1297 1246 1331 1279 in
1346 1256 1530 1280 memorato
1543 1257 1640 1289 opere
1651 1246 1795 1289 Symeon
1808 1245 2064 1289 Archi-Episco-
2084 1269 2157 1307 Cap·
2175 1272 2202 1298 8.

1177 1307 1234 1340 pus
1243 1293 1541 1330 Thessalonicensis
1556 1321 1561 1326 .
1576 1298 1683 1330 Verum
1693 1296 1747 1330 illa
1766 1308 1824 1329 non
1841 1304 1905 1329 tam
1918 1295 1956 1328 ab
1969 1299 2067 1341 Impe„

1177 1345 1324 1380 ratoribus
1335 1371 1346 1386 ‚
1371 1357 1463 1388 quam
1484 1346 1522 1379 ab
1533 1346 1739 1380 adulatoribus
1745 1346 1826 1388 fiunt
1840 1371 1850 1387 ,
1878 1352 1929 1389 qui
1940 1357 1986 1378 eos
2010 1344 2064 1379 hu-

1177 1401 1275 1428 manis
1286 1393 1477 1437 verbisfalsa
1493 1394 1676 1439 persuasione
1685 1404 1864 1428 commovent
1891 1398 1936 1428 ad
1946 1397 2063 1435 majora

1173 1445 1407 1487 perpetrandum
1418 1468 1428 1483 ‚
1456 1446 1501 1475 tta
1511 1453 1543 1476 ut
1557 1447 1687 1477 audeant
1716 1447 1929 1486 &promovere
1943 1443 2066 1487 Episto-

1174 1501 1252 1535 ραι,
1278 1494 1536 1527 &translationes
1540 1493 1662 1535 facere.
1691 1497 1786 1536 Papae
1805 1498 1811 1529 !
1838 1493 1950 1529 solide
1964 1504 2062 1528 teme-

1178 1541 1501 1586 ritatemimprobat‚
1530 1544 1588 1577 nifi
1610 1545 1697 1587 quod
1719 1555 1755 1578 ut
1776 1541 1880 1578 homo
1893 1545 2062 1579 Graeculus

1176 1595 1211 1628 ὅ(
1233 1592 1455 1628 schismaticus
1475 1593 1515 1626 de
1530 1594 1635 1638 Regia
1666 1595 1845 1635 unstiooe,
1873 1595 1960 1639 quasi
1985 1606 2063 1629 vero

1177 1643 1361 1688 novaelegis
1373 1643 1582 1677 Sacramento
1593 1668 1604 1683 ,
1629 1655 1731 1688 nugas
1745 1656 1804 1678 ven
1811 1645 1866 1678 um
1892 1654 2037 1688 exponat
2050 1670 2062 1686 ‚

1175 1692 1318 1728 &anilia
1333 1716 1344 1733 ,
1369 1704 1438 1737 quae
1458 1692 1652 1737 quibusdam
1675 1694 1775 1728 hodie
1796 1693 1931 1729 Francis
1952 1706 2062 1730 emere

1175 1754 1243 1778 non
1269 1743 1391 1787 pudet,
1417 1743 1628 1778 deliramenta
1643 1768 1650 1775 .
1678 1743 1778 1779 Recte
1801 1742 1911 1788 itaque
1923 1744 2060 1779 Tracta-

1174 1804 1227 1827 tus
1239 1792 1630 1836 Constantinopolitanus
1641 1794 1728 1836 apud
1747 1792 1858 1829 Patres
1872 1793 2063 1829 Praedicato-

1174 1853 1222 1876 res
1232 1852 1375 1885 repertus
1386 1842 1581 1887 improperat
1591 1843 1718 1877 Graecis.
1746 1844 1938 1879 Patriarcbae
1949 1856 2060 1887 eorum,

1174 1894 1209 1926 (θ’
1227 1891 1466 1936 Archi-Episcopi
1479 1917 1491 1933 ,
1515 1894 1551 1927 (τ
1576 1893 1842 1929 Archi-Mandritae
1865 1920 1876 1936 ‚
1897 1894 2061 1939 secundum

1173 1944 1254 1984 quod
1274 1944 1436 1985 aliquando
1444 1943 1512 1985 fuit
1534 1948 1567 1976 in
1583 1949 1748 1985 primitiva
1772 1945 1899 1987 Ecclesia
1909 1945 2060 1980 haerett'co-

1174 2005 1239 2025 rum
1254 2016 1265 2032 ‚
1289 1994 1334 2025 ad
1355 1993 1528 2026 obtinendos
1545 1992 1668 2026 honores
1689 1995 1806 2027 altricis
1819 2003 2034 2036 promoventur
2051 2021 2061 2030 .

1174 2043 1267 2085 ,Quod
1279 2043 1403 2084 prorsus
1423 2042 1516 2075 hocin
1539 2051 1663 2085 tempore
1683 2042 1843 2088 trigesimus
1865 2044 2058 2087 Apostolorum

1173 2096 1277 2125 Canon
1302 2091 1415 2126 inhibet
1432 2091 1520 2135 fieri.
1547 2094 1608 2127 sed
1626 2094 1660 2127 (w
1682 2100 1790 2128 tertius
1815 2099 1920 2128 Canon
1929 2098 2057 2136 synodi,

1171 2153 1265 2183 quam
1286 2145 1386 2178 Graeci
1401 2140 1561 2184 septimam
1585 2153 1694 2176 vocant
1708 2167 1719 2183 ‚
1740 2150 1920 2186 pronunciat
1941 2157 2057 2180 omnem

1171 2192 1357 2233 caesanam,
1382 2193 1403 2224 ἃ
1425 2192 1614 2235 Principibus
1631 2191 1879 2239 saeculifac‘lam,
1898 2194 1967 2238 fore
1985 2202 2057 2238 irriq

1171 2250 1254 2275 tam.
1281 2241 1334 2275 Ex
1346 2253 1413 2286 quo
1431 2242 1535 2287 liquet
1546 2245 1715 2279 tractatum
1745 2245 1841 2280 istum
1853 2247 1946 2280 fuisse
1968 2257 2059 2285 corn-⁴

1172 2292 1310 2335 positum
1323 2293 1392 2335 post
1408 2303 1555 2335 tempora
1567 2293 1627 2328 Cal
1636 2294 1696 2328 ixti
1711 2295 1841 2330 secundi
1859 2294 2056 2335 pontificis,

1172 2342 1227 2376 sub
1238 2352 1305 2385 quo
1316 2343 1461 2377 Ecclesia
1478 2343 1597 2378 Latina
1610 2345 1729 2387 recepit
1749 2344 1866 2379 liberas
1881 2346 2057 2381 electiones

1171 2392 1402 2427 Praelatorum.
1428 2391 1533 2426 Porro
1547 2392 1686 2437 vulgaris
1699 2394 1771 2436 ille,
1783 2405 1788 2409 ·
1798 2394 1817 2428 a
1831 2396 1943 2430 nostro
1954 2396 2056 2432 etiam

1171 2443 1288 2477 citatus
1310 2467 1322 2484 ,
1350 2441 1561 2485 Apostolicus
1596 2444 1716 2478 Canon
1741 2445 1826 2488 apud
1850 2445 2056 2488 Dionyfinm

1172 2491 1339 2536 Exiguum
1375 2493 1420 2526 est
1450 2491 1631 2537 trigesimus
1669 2495 1791 2537 primus
1815 2520 1822 2527 .
1850 2493 1997 2529 Additur
2018 2496 2054 2531 δε

1169 2552 1302 2586 quartus
1322 2541 1500 2576 Nicaenus:
1527 2542 1659 2587 Utpote
1677 2545 1790 2589 Regiae
1814 2545 2055 2589 Episcoporum

1171 2592 1262 2628 nomi
1271 2593 1397 2628 nationi
1408 2591 1589 2638 capitaliter
1600 2604 1783 2639 repugnans
1794 2620 1801 2629 .

1447 2925 1644 3014 IV.

335 3133 580 3187 Raedicator
619 3138 816 3193 Ecclefiae
856 3144 1012 3195 Paulus
1041 3146 1232 3196 Divinus
1255 3143 1489 3213 Apostolus
1516 3178 1530 3204 ,
1565 3159 1617 3192 ac
1647 3143 1679 3192 fi
1714 3148 1941 3195 Canonem
1966 3165 2046 3215 po-

368 3225 471 3258 nens
502 3210 781 3279 Ephesiorum
825 3215 1092 3282 Presbyteris
1115 3252 1128 3277 ,
1163 3214 1302 3265 immo
1339 3214 1444 3265 vero
1481 3218 1524 3264 &
1557 3217 1678 3264 omni
1704 3214 1872 3265 sacratae
1899 3219 2047 3268 multL

233 3276 377 3329 tudini
401 3316 415 3340 ,
449 3277 513 3328 ita
537 3278 796 3332 fiducialiter
818 3285 1035 3351 perhibuit
1058 3285 1232 3335 dicens:
1273 3290 1501 3352 Argentum,
1535 3302 1604 3332 aut
1626 3306 1784 3349 aarum,
1820 3306 1887 3335 aar
1907 3289 2046 3352 vestem

235 3349 369 3397 nullius
391 3354 608 3418 concupivi,
644 3357 766 3400 omnia
787 3354 925 3401 offendi
946 3356 1052 3403 vobis
1072 3392 1085 3417 ,
1120 3360 1290 3422 quoniam
1316 3357 1376 3421 fic
1415 3354 1622 3404 laborantes
1656 3374 1794 3426 oportet
1822 3356 2045 3425 suscipere-2

235 3418 396 3484 infirmos
425 3441 441 3476 3

334 3489 442 3531 christ.
455 3493 535 3533 Lupi
544 3495 630 3535 oper.
642 3493 720 3527 Tom.
729 3496 782 3527 m

474 3420 649 3471 Beatius
672 3422 917 3475 existimans
939 3422 1041 3476 dare
1061 3459 1074 3473 .
1110 3430 1290 3493 Propter
1311 3425 1432 3493 quod
1466 3430 1510 3476 &
1533 3443 1615 3476 nos
1640 3427 1781 3480 edocti
1808 3428 1864 3476 ab
1887 3444 1941 3476 eo
1968 3424 2043 3474 de-

1605 3496 1639 3531 A
1666 3510 1683 3532 a
1927 3495 1997 3528 fini-
