2340 3762
648 174 713 201 DE
750 172 989 202 OCTAVA
1020 156 1266 201 SYNODO
1300 151 1647 203 GeNERAn.

234 247 294 280 bus
303 240 462 287 judicium
474 239 686 284 profitebatur
695 238 883 282 ampliffime
893 263 905 279 ,
930 238 981 273 his
990 238 1104 272 Domi·

228 295 265 328 ni
279 295 319 328 ad
343 293 478 326 Petrum
490 290 688 334 Apostolum
710 289 834 327 verbis,
859 291 902 321 Tu
921 301 953 322 es
973 292 1082 340 Petrus
1095 312 1105 328 ,

229 345 266 377 ὁ·
287 344 377 387 super
401 341 477 374 hanc
501 344 623 374 Petram
648 339 796 382 ‘edificabo
807 338 964 379 Ecclefiam
989 350 1103 378 meam,

227 394 408 439 adjungens
421 390 485 424 hoc
496 392 789 424 commentarium:
817 392 901 432 ,Quae
925 387 1084 432 didiaficnt
1095 411 1105 427 ,

228 456 328 478 rerum
335 443 501 486 probantur
510 439 657 481 effi-ilibus
669 465 679 480 ‚
705 447 778 483 quia
798 445 831 472 in
852 440 926 472 sede
949 439 1104 481 Apostolica

228 496 421 528 immaculata
437 491 554 534 semper
581 491 617 530 est
629 490 780 523 Catholica
801 488 954 532 reservata
973 491 1084 533 Religio
1096 511 1105 526 ,

225 542 376 588 &sanlia
384 540 533 576 celebrata
546 542 698 574 doc‘lrina.
726 540 770 573 Ab
782 539 871 581 hujus
887 551 955 583 ergo
972 540 1035 582 fide
1060 547 1105 571 at—

225 607 282 637 que
305 595 439 629 doctrina
454 590 593 634 separari
614 593 738 624 minime
748 596 888 632 cupiens,
918 593 1045 622 Parrum
1071 590 1105 621 <it

224 645 376 687 praecipus?
386 646 407 677 5
408 644 472 676 edis
485 641 649 683 Apostolicae
662 639 825 683 Praesulum
829 638 980 683 sequimur
991 638 1101 678 Consti·

224 703 312 728 tuta.
339 694 384 728 Et
396 691 549 727 inferius.
578 694 735 734 sequentes
758 697 791 724 in
815 690 949 724 omnibus
971 689 1103 732 Apostoli-

224 756 295 778 oam
307 746 412 778 Sedem
423 768 433 784 ,
459 744 494 776 er
511 740 701 785 observantes
724 743 789 782 eius
799 746 898 774 omnia
919 739 1102 780 constituta,

221 793 377 836 speramus
390 798 467 827 utin
484 803 545 824 una
565 797 783 831 communione,
809 802 900 833 quam
916 792 1007 823 sedes
1032 793 1105 833 Apo·

217 844 320 884 stola-a
326 846 474 887 praedicat
484 866 494 881 ,
524 842 576 884 effi·
586 852 748 874 mereamur
758 864 770 881 ,
796 846 830 873 in
844 852 904 883 qua
924 839 962 885 est
983 845 1102 883 integra

223 896 260 927 (τ
270 905 343 929 vera
354 892 536 931 christiana
546 892 706 932 Religionis
712 889 853 931 soliditas
864 913 874 928 ‚
896 894 1101 929 praemittentes

220 941 511 985 etiamsequestratos
523 941 543 970 a
554 944 753 971 communione
762 937 896 979 Ecclefiae
917 937 1080 971 Catholicae
1090 961 1100 977 ,

219 990 323 1031 idest,
351 1002 408 1024 non
420 987 631 1031 consentientes
641 989 709 1021 sedi
722 987 907 1030 apostolicae,
932 999 1030 1021 eorum
1052 999 1100 1020 no-

221 1045 308 1074 mina
318 1046 394 1074 inter
410 1039 502 1083 sacra
516 1050 573 1071 non
583 1040 742 1071 recitanda
763 1039 812 1081 effi·
827 1037 957 1079 mysteria
969 1063 976 1069 .
1004 1037 1099 1080 Juxta

220 1090 380 1124 vetustam
393 1115 403 1130 ,
414 1100 512 1134 quam
524 1090 581 1122 suo
592 1088 691 1122 etiam
705 1089 850 1122 Distatui
864 1089 997 1122 inseruit
1013 1088 1101 1122 Pon·

218 1140 303 1175 tifex
324 1140 504 1185 Gregorius
524 1139 696 1182 septimus,
722 1140 825 1173 totius
843 1137 1101 1174 Christianitatis

216 1186 405 1235 Regulam:
433 1193 655 1234 ,QuiRomanae
666 1188 799 1230 Ecclesia
808 1200 867 1222 non
889 1193 1100 1230 communicat,

219 1240 391 1277 Catholicus
402 1252 459 1275 non
470 1238 632 1272 habeatur.
658 1238 831 1285 Qidquid
852 1251 912 1283 pro
936 1239 1096 1273 Romanae

218 1291 469 1325 communionis
490 1289 652 1333 dignitate
675 1291 822 1332 suprema
857 1301 896 1323 ac
917 1288 1098 1324 necestitate

218 1339 373 1374 adversus
393 1339 599 1376 Acacianum
623 1338 757 1373 schisma
779 1338 934 1374 dixerunt
953 1339 1100 1373 Gelasius

218 1390 256 1424 ἀ
267 1390 446 1425 Hormisda
459 1389 638 1426 Pontifices
650 1413 660 1429 ,
686 1401 727 1423 ex
738 1388 850 1423 eadem
872 1390 1005 1434 Regula
1026 1387 1101 1424 hau·

217 1440 346 1474 serunt.
375 1440 419 1476 Et
440 1440 520 1475 hinc
544 1439 706 1472 Romanis
734 1440 866 1483 Legatis
888 1464 899 1479 ,
927 1439 1100 1485 Synodum

216 1488 363 1524 nostram
376 1490 417 1526 de
427 1489 559 1522 laudato
570 1488 685 1521 libello
697 1486 978 1529 percunctantibus
991 1510 1002 1526 ,
1030 1489 1102 1520 Pla-

215 1547 263 1572 cet
285 1538 417 1572 omnibus
438 1539 523 1572 vobis
544 1537 660 1570 libellus
673 1536 744 1577 iste,
771 1543 820 1580 qui
841 1538 950 1579 plenus
956 1537 1043 1579 fide,
1069 1538 1102 1570 Θ

219 1595 413 1622 canonizatus
439 1598 529 1631 atque
535 1587 686 1628 perfecqus
708 1594 786 1619 omni
804 1586 959 1628 sapientia
980 1586 1100 1627 existit,

218 1638 258 1677 est
270 1637 446 1670 orthodoxus
458 1662 468 1678 ‚
491 1641 594 1681 gratiae
605 1640 723 1668 Divina
733 1639 753 1669 ἃ
766 1640 963 1669 Romanorum
978 1635 1099 1677 Ecclesia

218 1686 346 1730 missus?
373 1689 594 1722 acclamarunt
612 1696 730 1720 omnes
754 1686 925 1730 Episcopi:
946 1685 1040 1735 Juste‘
1067 1687 1100 1720 Θ

216 1741 424 1771 convenienter
435 1737 527 1773 lec‘lus
541 1736 622 1769 nobis
635 1737 751 1769 libellus
763 1736 802 1776 est
811 1735 953 1778 expofitus
963 1738 983 1768 a
989 1733 1098 1778 sanila

218 1792 420 1821 Romanorum
431 1787 555 1827 Ecclesia
565 1809 576 1825 ‚
601 1788 634 1820 <5
641 1787 768 1829 proinde
776 1786 909 1820 omnibus
916 1788 1026 1828 placet.
1055 1787 1097 1820 Et

217 1837 344 1870 sedium
367 1837 587 1874 Orientalium
598 1836 737 1880 Legati,
762 1837 781 1870 ὲ
801 1834 934 1870 Bahane
958 1835 1097 1868 Patritio

215 1886 423 1929 singulariter
444 1890 549 1932 rogati
573 1911 584 1927 ‚
624 1889 721 1919 Dicite
756 1887 790 1920 6·
815 1885 872 1928 ipsi
891 1883 1095 1924 manifestius,

214 1937 296 1978 quid
303 1937 443 1971 videatur
454 1937 538 1969 vobis
543 1934 637 1979 super
644 1936 718 1969 letio
728 1936 826 1969 libello
835 1960 846 1976 ,
868 1943 962 1977 putas
982 1943 1095 1967 concor-

214 1986 301 2018 datis
320 1988 485 2027 Romanis,
511 1998 552 2019 an
579 1984 665 2018 non?
689 1985 945 2028 responderunt:
973 1988 1096 2017 Concor-

171 2070 173 2072 ,
214 2036 324 2068 damus
348 2059 355 2066 .
382 2035 430 2068 lta
455 2036 618 2069 Nicolaus
644 2036 679 2067 ὅ(
704 2035 872 2067 Adrianus
898 2034 1096 2074 Pontifices,

213 2095 278 2118 nec
291 2095 358 2117 non
371 2083 466 2127 plena
480 2082 634 2127 Synodus
646 2082 801 2126 irrogatas
814 2084 973 2118 Romana:
988 2083 1099 2117 Eccle-

211 2135 264 2166 fiae
277 2145 331 2176 per
342 2133 502 2167 Photium
517 2133 648 2177 injurias
660 2133 876 2167 restaurarunt
885 2159 892 2166 .

266 2183 470 2227 Apostolicis
481 2183 616 2228 Legatis
627 2193 784 2226 magnum
804 2183 1000 2226 adjutorium
1024 2195 1097 2226 prae-

213 2233 297 2266 ssitit
321 2232 505 2268 Anastasius
528 2232 822 2272 Bibliothecarius‚
846 2233 888 2267 de
903 2245 970 2277 quo
981 2234 1093 2277 ejusin

212 2283 324 2317 officio
352 2285 387 2318 ec
408 2284 571 2329 dignitate
591 2273 959 2319 suceefforGuilielmus
979 2284 1014 2316 in
1028 2284 1093 2317 vita

212 2331 354 2366 Adriani
369 2332 497 2368 secundi
512 2347 518 2366 ε
547 2337 627 2367 Tunc
637 2338 777 2375 temporis
784 2341 841 2374 pro
850 2332 939 2376 causa
949 2336 1094 2367 Ludovici

211 2383 349 2416 secundi
371 2409 381 2424 ,
403 2382 571 2427 sereniffimi
592 2383 679 2422 nostri
699 2382 817 2426 Augusti
840 2407 850 2422 ‚
876 2394 940 2416 cum
961 2386 1093 2425 suppone

213 2432 447 2472 Archi-Ministro
462 2433 524 2475 post
545 2433 714 2475 Apostolicos
737 2436 864 2478 Legatos
888 2433 1093 2472 Constantino·

211 2483 306 2523 polim
318 2485 438 2515 Divina
450 2508 460 2523 ,
486 2493 519 2516 ut
531 2485 658 2516 creditur
670 2508 681 2523 ,
707 2481 921 2526 dispensatione
930 2490 1089 2525 pervenit.

212 2532 258 2564 Et
277 2530 343 2574 ipse
366 2534 399 2565 in
413 2532 537 2575 Synodi
560 2534 675 2566 nostrae
688 2534 873 2575 praefatione
886 2533 1070 2567 Anastasius
1082 2557 1090 2571 ,

210 2580 383 2624 alloquens
396 2581 581 2617 Adrianum
593 2582 792 2617 Pontificem
806 2596 816 2615 :
843 2583 919 2615 Cum
938 2583 1002 2616 haec
1023 2585 1090 2617 cele-

211 2631 352 2664 braretur
372 2632 553 2666 venerabilis
574 2633 699 2672 synodus
711 2656 722 2672 ,
747 2634 854 2665 accidit
874 2644 920 2666 me
939 2632 1088 2674 famulum

210 2681 339 2721 vestrum
367 2706 378 2723 ,
402 2683 513 2724 mifficm
529 2685 549 2715 ἆ
574 2685 725 2716 Ludovico
743 2683 864 2724 piiffimo
886 2686 1065 2724 Imperatore
1079 2707 1090 2725 2

209 2742 275 2766 cum
285 2731 396 2766 duobus
406 2734 478 2765 aliis
495 2739 574 2767 viris
588 2733 746 2777 infignibus
771 2732 899 2776 interesse
911 2756 922 2773 ‚
940 2733 1088 2775 ferentem

209 2785 300 2813 etiam
311 2781 485 2824 legationem
498 2783 537 2815 ab
548 2783 711 2825 Apostolicis
725 2788 840 2815 meritIs
862 2783 995 2816 decorato
1008 2786 1088 2818 Prae-

207 2827 311 2871 sulatu
321 2831 414 2872 vestro
426 2856 438 2872 ,
463 2831 551 2875 causa
562 2834 731 2875 Imperialis
742 2838 901 2866 commercii
913 2856 924 2872 ,
950 2833 1028 2876 quod
1049 2833 1089 2876 ef-

208 2877 368 2919 ficiendum
381 2893 418 2914 ex
424 2882 485 2924 filio
498 2888 688 2925 Imperatoris
702 2880 804 2924 Basilii
828 2884 862 2917 Θ
881 2885 990 2916 Genita
1007 2892 1089 2925 prae-

204 2927 275 2970 fati
286 2932 344 2962 Dei
353 2931 471 2964 cultoris
481 2957 492 2972 ‚
517 2935 552 2967 (τ
562 2939 664 2978 augeri
682 2932 721 2966 ab
733 2941 860 2974 utraque
874 2940 965 2975 parte
974 2933 1078 2976 spera-

211 2979 300 3011 batur
306 2978 396 3020 fimul
418 2982 452 3014 δ’
458 2983 643 3022 parabatur.
672 2986 710 3016 In
721 2992 784 3016 tam
802 2988 878 3015 enim
893 2988 946 3025 pio
956 2990 1067 3026 negotio
1078 3002 1088 3018 2

209 3029 245 3061 Θ
259 3030 335 3070 quod
344 3030 389 3061 ad
396 3032 542 3076 utriusque
556 3038 673 3074 imperii
689 3039 836 3066 unitatem
850 3057 860 3072 ‚
887 3035 976 3065 immo
996 3039 1087 3067 totius

211 3077 324 3119 Christi
335 3078 468 3120 Ecclefiae
480 3081 647 3116 libertatem
659 3089 807 3125 pertinere
824 3083 1012 3125 proculdubio
1031 3095 1089 3117 cre-

212 3129 359 3169 debatur,
381 3132 533 3171 praecipue'
542 3130 809 3175 summiPontificii
828 3132 916 3173 vestri
939 3134 1088 3176 qua-reba-

211 3187 262 3211 tur
271 3177 431 3222 adfhnsus.
461 3183 518 3212 Dei
526 3192 590 3224 ergo
602 3190 675 3215 nutu
687 3183 785 3225 aequm
803 3181 840 3220 est
852 3208 862 3224 ,
887 3192 921 3215 ut
941 3190 1020 3216 tanti
1043 3196 1088 3216 ne-

206 3234 283 3271 gotii
307 3240 371 3262 cum
392 3230 444 3262 loci
470 3231 677 3264 servatoribus
690 3232 852 3274 Apollolicae
871 3234 956 3265 sedis
982 3232 1089 3276 &ipse

210 3278 271 3319 fine
285 3279 443 3322 gauderem
467 3305 477 3322 ,
497 3280 633 3320 fruc‘Ium
658 3286 690 3314 in
712 3283 894 3315 exultatione
914 3290 1087 3324 portarem,

212 3330 375 3370 manipulos
397 3334 447 3372 qui
466 3338 520 3373 per
537 3329 724 3375 septennium
742 3339 798 3373 pro
809 3342 838 3364 eo
857 3331 1064 3365 laboraveram
1076 3357 1086 3373 ‚

213 3378 248 3409 G·
253 3386 308 3418 per
323 3388 415 3412 totum
426 3381 522 3414 orbem
533 3381 685 3415 verborum
692 3380 809 3424 semina
816 3379 920 3424 sedula
937 3380 1087 3425 scribendo

213 3425 405 3470 disperseram
426 3456 432 3462 .
472 3430 514 3465 Et
540 3432 575 3465 in
602 3431 773 3476 marginali
796 3431 905 3475 primae
935 3431 1086 3467 Actionis

1614 130 1636 153 a

1891 172 1984 222 367

1174 234 1301 270 scholio
1312 248 1322 268 .·
1339 237 1398 268 Pro
1409 235 1496 278 causa
1506 240 1654 277 nuptialis
1665 242 1829 276 contr-abias
1849 247 1930 276 inter
1941 253 2051 283 utrum-

1172 297 1228 328 que
1264 290 1474 327 Imperatorem
1494 287 1634 328 efficiendi
1667 292 1825 326 aderamus
1847 318 1854 324 .
1891 292 2050 328 Eamdem

1143 334 1151 340 ’
1173 335 1390 380 Legationem
1405 337 1440 370 in
1454 337 1655 371 Francorum
1666 335 1800 372 historia
1809 342 1919 377 laudat
1939 354 2053 376 mona·

1171 384 1250 418 chus
1275 386 1469 420 Aimoinus.
1494 387 1608 430 Suppo
1631 387 1754 423 Comes
1779 388 1814 422 &
1836 391 2054 426 Archi-Mini-

1171 435 1232 469 ster
1245 447 1312 469 erat
1324 436 1522 480 Engilbertae
1535 437 1690 482 Augustae
1709 437 1923 472 consobrinus
1936 464 1947 479 ,
1972 442 2052 476 alter

1171 485 1330 519 Anassafii
1341 487 1447 520 socius
1458 497 1524 520 erat
1534 486 1714 522 Everardus
1730 488 1920 532 Praepofitus
1937 493 2052 524 mensae

1170 535 1368 579 imperialis.
1394 537 1612 571 Occidentale
1635 538 1813 582 Imperium
1842 564 1853 580 ,
1877 539 2011 577 Francis
2035 540 2053 573 ὲ

1169 587 1285 620 Leone
1297 586 1396 620 tertio
1404 585 1567 621 Pontifice
1581 586 1728 622 delatum
1740 613 1750 630 ,
1778 600 1946 632 nunquam
1957 600 2056 635 agno-

1170 637 1254 670 scere
1266 637 1440 670 voluerunt
1454 638 1641 671 Graecorum
1656 638 1816 682 Augusti:
1831 639 1924 673 Hinc
1940 639 2055 674 mediis

1168 687 1389 723 matrimoniis
1398 698 1537 722 conatus
1547 687 1592 721 est
1604 686 1793 723 Ludovicus
1815 700 1927 732 pacem
1959 689 2055 725 istam

1168 736 1364 770 conciliare.
1393 736 1552 771 Notanda
1565 738 1810 773 suntAnastafii
1826 739 1941 773 verba:
1971 743 2056 774 Pra-

1164 786 1249 826 cipue
1263 784 1375 828 summi
1394 788 1541 830 Pontificii
1562 787 1652 828 vestri
1675 789 1865 831 quaerebatur
1884 788 2029 833 adsensus
2047 815 2054 821 .

1169 835 1302 869 Etenim
1314 837 1474 880 Pippinus
1485 839 1685 872 Francorum
1708 839 1805 880 Rex,
1832 839 1965 882 ejusque
1992 840 2054 874 filii

1167 884 1306 918 Carolus
1341 887 1375 920 ἃ
1408 887 1673 923 Carolomannus
1710 889 1964 934 sposponderant
1988 890 2053 923 sine

1167 933 1258 967 Sedis
1279 934 1480 978 Apostolicae
1508 938 1716 983 beneplacito
1737 951 1806 975 non
1831 939 1916 974 inire
1941 939 2055 983 conju-

1167 984 1222 1028 gia
1243 1007 1254 1024 ,
1290 983 1324 1017 &
1346 985 1404 1018 sub
1425 987 1584 1030 stipularis
1608 990 1769 1034 ejusmodi
1793 987 2048 1025 condicionibus

1167 1044 1356 1118 ‘'fgepefmt
1375 1035 1520 1071 Franciae
1541 1038 1700 1083 Regnum
1724 1052 1762 1074 ac
1781 1041 1956 1084 Imperium
1987 1041 2054 1076 Oc·

1166 1096 1196 1120 ci
1223 1094 1308 1118 entis
1322 1109 1329 1117 .

1368 1296 1715 1347 CAPUT
1785 1303 1842 1348 X.

1212 1435 1465 1499 Exponuntur
1499 1435 1603 1483 Atia
1648 1437 1794 1484 offavae
1822 1441 2004 1504 generalis

1524 1510 1555 1551 S
1541 1505 1688 1569 ynodt'.

1408 1647 1695 1693 Acrlo
1766 1650 1802 1695 I.

1233 1782 1333 1818 Rima
1343 1781 1443 1817 Astio
1453 1781 1614 1816 celebrata
1627 1784 1689 1816 fixit
1700 1784 1799 1818 tertio
1812 1784 1920 1820 Basilii
1934 1783 2050 1831 Augu.

1256 1831 1296 1865 sti
1316 1855 1328 1870 ,
1354 1829 1494 1863 Adriani
1516 1830 1694 1866 Pontificis
1718 1834 1862 1869 secundo
1887 1860 1899 1876 ‚
1924 1835 2049 1872 Christi

1160 1879 1303 1917 Domini
1321 1890 1411 1913 anno
1424 1880 1694 1924 octingentesimo
1718 1885 1918 1930 sexagesimo
1931 1898 2024 1922 nono
2037 1913 2047 1929 ,

1161 1930 1340 1965 indictione
1363 1930 1456 1963 tertia
1476 1955 1486 1969 ‚
1513 1932 1629 1965 mensis
1654 1934 1809 1968 Ostobris
1835 1935 1889 1970 die
1909 1937 2024 1980 quinta
2038 1963 2048 1979 ,

1161 1979 1237 2014 feria
1248 1988 1361 2021 quarta
1378 1978 1578 2021 septimanae.
1606 1980 1764 2016 lnchoata
1778 1985 1842 2017 fuit
1865 1987 1883 2019 a
1896 1986 1974 2020 solis
1993 1989 2047 2022 sex

1161 2029 1302 2073 personis
1322 2042 1333 2062 .·
1359 2028 1487 2063 Tribus
1499 2029 1634 2074 Legatis
1655 2031 1883 2075 Apostolicis‚
1909 2035 2048 2072 Patriar-

1161 2079 1222 2114 cha
1245 2079 1376 2124 Ignatio
1390 2101 1401 2121 ,
1426 2078 1567 2115 Thema
1592 2079 1780 2125 Tyriorum
1804 2085 2018 2129 Metropolita
2034 2112 2046 2128 ,

1159 2129 1240 2164 sedis
1262 2128 1482 2163 Antiochenae
1508 2130 1637 2175 Legato
1660 2155 1670 2171 ‚
1696 2133 1730 2166 ὃς
1757 2133 1832 2168 Elia
1859 2134 2045 2171 Theodosii

1159 2177 1353 2214 patriarchae
1369 2178 1666 2222 Hierosolymitani
1681 2181 1818 2218 Vicario
1843 2184 1878 2218 ὃ(
1890 2185 2017 2231 Legato
2032 2211 2044 2228 ,

1159 2240 1233 2264 ante
1245 2230 1357 2263 omnia
1369 2229 1635 2271 discutientibus,
1661 2233 1797 2273 quinam
1813 2234 1966 2279 Episcopi
1978 2237 2043 2271 sine

1160 2279 1305 2314 Romani
1317 2278 1419 2315 libelli
1433 2279 1627 2320 profeffione
1640 2305 1650 2321 ,
1678 2292 1843 2328 tamquam
1855 2285 1922 2319 sani
1937 2287 2043 2328 palam

1157 2330 1191 2363 ὅ(
1209 2330 1349 2374 integri,
1374 2327 1415 2362 ad
1426 2328 1550 2370 Synodi
1562 2332 1744 2365 consessum
1758 2334 1889 2369 admitti
1903 2337 2043 2379 poffent,

1157 2389 1406 2424 repereruntque
1444 2379 1530 2415 solos
1566 2379 1741 2416 duodecim
1769 2396 1776 2415 :
1814 2384 2042 2427 Nicephorum

1157 2431 1357 2464 Amasenum
1384 2453 1395 2469 ,
1422 2429 1583 2473 Joannem
1618 2430 1811 2476 Pergensem
1835 2459 1846 2475 ‚
1884 2434 2040 2471 Nicetam

1155 2478 1390 2517 Atheniensem
1403 2502 1413 2518 ‚
1439 2479 1691 2524 Metrophanem
1704 2484 1932 2526 smyrnensem
1945 2510 1955 2526 ‚
1974 2486 2040 2520 Mi-

1153 2530 1301 2565 chaelem
1313 2529 1526 2563 Rhodiorum
1538 2555 1549 2571 ‚
1576 2530 1760 2577 Georgium
1772 2534 2038 2577 lliopolstanum,

1152 2581 1286 2615 Petrum
1308 2580 1455 2614 Troadis
1470 2604 1480 2620 ,
1507 2581 1664 2614 Nicetam
1689 2583 1887 2627 Cephaludii
1910 2609 1921 2625 ,
1947 2585 2040 2620 Ana-

1150 2631 1276 2665 stasium
1291 2629 1541 2674 Magnefianum
1556 2655 1566 2670 ‚
1600 2631 1826 2675 Nicephorum
1839 2633 2038 2669 Crotonien-

1151 2683 1215 2716 sem
1228 2706 1238 2722 ,
1267 2680 1455 2714 Antonium
1471 2678 1652 2715 Alisensem
1665 2706 1675 2722 ‚
1703 2682 1735 2715 &
1749 2681 1949 2719 Michaelem
1962 2684 2038 2728 Epi-

1151 2734 1286 2775 scopum
1310 2730 1526 2775 Cercyrorum
1551 2754 1558 2762 .
1586 2732 1717 2779 Qbus
1738 2732 1902 2767 advocatis
1923 2734 2037 2770 dixere

1149 2781 1296 2816 Romani
1318 2780 1435 2825 Legati
1478 2793 1489 2813 :
1516 2784 1726 2824 Ingrediantur
1750 2781 1887 2826 Episcopi
1913 2795 2037 2825 omnes,

1149 2839 1282 2874 quotquot
1313 2830 1527 2866 laboraverunt
1548 2855 1559 2870 ,
1600 2832 1633 2864 (7
1654 2841 1848 2866 certaverunt
1865 2841 1921 2874 pro
1943 2835 2035 2868 verbo

1149 2888 1288 2916 veritatis
1301 2906 1311 2922 ,
1336 2881 1434 2922 utpote*
1446 2878 1631 2923 consentanei
1651 2886 1764 2926 {quatit
1786 2882 1956 2926 sanfflffimi
1977 2888 2036 2917 Ar-

1147 2931 1344 2976 chi-Epifi-opi
1361 2929 1645 2972 constantinopoleos
1659 2956 1666 2963 .
1696 2933 1740 2967 Et
1760 2932 1801 2966 ad
1822 2933 1886 2976 jam
1912 2934 2035 2979 ingres-

1150 2983 1217 3017 sos:
1245 2984 1372 3016 sedeant
1392 2979 1550 3026 secundum
1576 2982 1709 3018 ordinem
1715 2981 1820 3028 suum,
1851 2989 1922 3026 quia
1947 2986 2032 3029 digni

1145 3030 1216 3075 sunt
1229 3057 1239 3072 ,
1267 3034 1301 3066 ὅ]
1314 3033 1419 3066 beatos
1445 3032 1479 3063 (5
1492 3038 1536 3061 ter
1550 3029 1649 3063 beatos
1670 3032 1722 3065 hos
1736 3034 1912 3075 aestimamus
1925 3060 1932 3067 .

1198 3081 1253 3116 Ad
1272 3082 1337 3125 jam
1350 3079 1553 3114 considentes
1576 3080 1661 3115 stans
1685 3083 1834 3119 Bahanes
1845 3083 2002 3119 Patricius
2017 3109 2030 3126 ‚

1150 3132 1259 3165 Basilii
1271 3130 1415 3175 Augusti
1448 3128 1624 3172 vicarius,
1649 3132 1770 3167 edixit:
1798 3140 1961 3177 Imperator
1983 3146 2032 3168 no-

1141 3179 1330 3226 stersanc‘lus
1344 3178 1601 3222 Epanagnosticon
1611 3182 1793 3228 transmisit,
1820 3187 1854 3219 o·
1868 3185 1901 3227 fi
1912 3185 2033 3226 jubetis

1147 3234 1180 3266 o*
1193 3233 1291 3273 placet
1303 3230 1388 3263 vobis
1400 3253 1411 3268 ‚
1438 3233 1574 3263 recitetur
1583 3242 1681 3265 coram
1686 3231 1795 3277 sancqa
1809 3236 1915 3277 synodo
1926 3260 1933 3267 .
1960 3234 2031 3267 Vo-

1147 3292 1216 3315 cem
1231 3304 1241 3321 ,
1267 3278 1519 3324 Epanagnosticon
1538 3305 1549 3322 ‚
1575 3284 1712 3326 exponit
1740 3283 1889 3319 scholion
1913 3283 2028 3326 margi-

1149 3331 1219 3365 nale
1241 3329 1398 3364 Anastafii
1413 3341 1424 3362 .-
1451 3331 1705 3376 Epanagnosticon
1729 3336 1836 3368 dieitur
1854 3334 2001 3377 scriptum
2014 3354 2025 3370 ³

1147 3382 1226 3424 quod
1228 3382 1334 3423 palam
1343 3380 1468 3424 legirur.
1500 3390 1554 3420 μμ
1575 3387 1655 3414 enim
1672 3387 1772 3427 gra-05
1789 3396 1846 3418 non
1861 3381 1953 3425 fialam
1972 3378 2024 3422 su-

1142 3440 1197 3474 per
1215 3455 1226 3471 ,
1254 3429 1310 3473 sed
1333 3431 1367 3464 (zt
1390 3430 1486 3465 coram
1509 3436 1724 3474 interpretatur
1756 3459 1763 3466 .
1798 3430 2024 3511 Repffiuerunt

1917 3490 1972 3523 ΡΟ·

2073 322 2117 358 L.5
2132 331 2206 353 ειη.
