2340 3762
622 133 927 199 Smrohrs,
963 157 1029 186 ετ
1062 139 1254 187 Norrs
1289 153 1378 186 1L1.
1401 157 1676 188 tis-raam

221 238 362 270 viimiaem
370 230 480 272 christi
491 255 502 272 ,
527 229 729 274 erubeftamus·
741 256 750 264 .
774 235 849 263 Non
870 233 938 274 ergo
957 232 1011 263 illa
1024 230 1095 264 deli-

217 290 351 322 ciarum,
375 281 520 325 comesque
529 284 662 317 luxuriae
676 283 861 324 praedicatur
874 280 1019 324 saltatio,
1041 279 1098 324 sed

216 331 341 378 saltatio
351 331 543 376 spiritualis,
568 333 638 374 fidei
654 332 756 376 socia,
776 337 889 376 gratiae
910 342 1024 364 comesa
1051 332 1095 365 Et

216 384 343 419 Canon
354 382 532 418 Africanus
540 382 685 427 publicas
706 382 879 418 mulierum
899 392 955 426 per
963 382 1052 416 vicos
1063 381 1098 417 δι

221 434 388 478 plateasin
402 434 514 469 diebus
523 434 612 468 festis
628 434 816 469 saltationes
833 433 879 467 ait
898 433 960 466 effe
977 431 1099 476 scelera-

218 486 343 526 taffmas
353 509 365 525 ‚
381 485 483 527 utpote*
487 492 543 526 per
553 495 630 527 quas
649 478 920 519 matronalis'bonor
931 506 942 522 ,
970 484 1005 517 (w
1014 488 1101 516 innu-

217 534 604 577 merabiliumfemiiiarum
610 537 726 577 pudor,
751 534 857 568 devote
874 534 921 565 ad
937 533 1002 566 dies
1006 532 1100 575 festos

220 591 430 624 venientium,
455 586 579 626 iniuriis
600 585 818 629 lascivientium
845 590 1031 626 appetatur,
1066 584 1100 617 Θ

217 634 434 679 s'pfiussanblae
442 636 589 679 relt‘gionis
604 634 887 682 fugiaturacceffies.
915 631 1101 668 Adversum

220 687 373 721 easidem
383 685 504 721 Canon
514 686 627 723 stat-uit
645 683 874 732 postulandam
884 684 991 730 legem
1002 684 1102 730 impe-

227 842 316 851 ——-

1894 161 1986 205 103

1156 230 1268 266 rialem
1282 256 1292 271 ,
1317 229 1481 265 auxilium
1494 229 1620 265 brachii
1633 229 1788 274 Regalis.
1814 231 2052 267 Easdemdarn-

1157 293 1237 316 nant
1249 281 1346 324 hujus
1358 278 1487 325 Synodi
1500 282 1619 315 Canon
1629 280 1845 324 sexagesimus
1868 282 2031 317 secundus
2044 303 2056 320 ,

1155 332 1369 377 sexagesimus
1382 331 1539 375 quintus,
1569 331 1712 374 septimae
1723 331 1855 373 Synodi
1879 333 2055 377 vigesimus

1157 383 1312 416 secundus
1324 407 1331 414 .
1360 380 1468 416 Addit
1478 382 1613 416 Sanstus
1629 380 1838 416 Ambrosius:
1866 385 1938 413 Haee
1960 388 2052 415 etiam

1155 437 1188 465 in
1206 430 1420 476 adolescentula
1440 428 1530 465 ae'tate
1555 430 1665 476 vitiosa
1685 430 1760 475 sunt
1774 455 1782 464 .
1808 430 1975 479 roirca
1997 431 2057 464 ho-

1155 482 1261 517 dierni
1272 482 1397 517 Latinae
1408 482 1529 526 linguae
1541 481 1742 517 Professores
1755 506 1766 522 ,
1794 480 2057 516 adolescentulo-

1146 542 1230 568 n‘rum
1261 532 1359 568 saltus
1390 541 1558 576 tamquam
1581 533 1780 576 praecipuum
1811 539 2060 566 ornamentum

1158 584 1266 618 scaeuis
1289 585 1352 617 suis
1374 581 1601 623 intrudentes,
1624 583 1769 626 graviter
1794 582 1988 628 impingunt
2017 579 2055 614 in

1163 633 1273 680 Regul
1278 646 1310 669 as
1321 632 1526 669 Christianas
1537 657 1545 666 .

630 954 1310 1041 CANON
1443 950 1646 1037 LII.

284 1123 342 1179 N
375 1123 579 1174 omnibus
615 1121 765 1173 fanestae
800 1121 1147 1192 Qadragefimae
1182 1122 1335 1189 jejunii
1369 1119 1549 1183 diebus,
1585 1131 1874 1186 praeterquam
1896 1114 2066 1165 Sabba-

322 1211 372 1244 to
407 1199 451 1245 δε
486 1197 751 1256 Dominica‚
788 1198 996 1244 &Santlo
1021 1194 1390 1247 Annunciationis
1424 1189 1497 1241 die
1509 1227 1523 1252 ‚
1570 1189 1649 1239 fiat
1675 1192 1849 1238 Sacrum
1879 1185 2065 1237 Praesan-

215 1264 507 1318 &ificatorum
541 1264 826 1316 ministerium
838 1301 853 1313 .

412 1432 906 1483 Sciror'ron.

314 1580 369 1619 Ui
381 1580 515 1617 Missam
529 1579 648 1616 siccam
663 1591 742 1615 cum
765 1578 1110 1614 praesanctificata-»rum

221 1580 502 1715 chificio
513 1630 723 1666 confundunt
732 1653 743 1670 ‚
755 1629 834 1664 sarde
844 1628 1092 1664 hallucinantur
1101 1654 1109 1662 .

381 1682 485 1715 tenim
497 1681 596 1716 Missa
607 1682 689 1716 sicca
706 1681 753 1716 est
765 1691 852 1715 mera
868 1679 974 1715 Miffae
986 1680 1112 1715 fimula-

222 1729 295 1771 tio,
321 1731 435 1774 utpote
453 1732 490 1764 in
515 1743 579 1774 qua
599 1730 755 1766 Sacerdos
778 1741 895 1765 omnes
919 1730 1001 1765 ritus
1025 1741 1111 1773 pera-

221 1787 280 1824 gat
289 1803 301 1821 ‚
327 1789 362 1814 at
373 1779 499 1815 nullam
510 1781 684 1815 Dominici
695 1781 842 1823 corporis
871 1789 929 1814 aut
941 1781 1112 1824 sanguinis

221 1830 501 1865 consecrationem
532 1842 588 1866 aut
614 1831 858 1874 sumptionem,
894 1829 1038 1874 ideoque
1065 1828 1111 1863 est

221 1881 381 1915 veraciter
402 1881 501 1922 sicca,
528 1882 592 1915 five
612 1879 739 1924 jejuna.
769 1880 854 1914 Eam
878 1880 980 1922 aliqui
1000 1879 1112 1915 existi-

126 1969 130 1973 ,
222 1938 316 1963 mant
328 1931 499 1973 antiquam
510 1955 521 1972 ,
547 1930 811 1966 commendatam
834 1929 853 1963 a
866 1931 960 1964 tertia
972 1929 1111 1974 Synodo

48 1968 183 2007 0²9⁹-29’
221 1978 475 2026 Carthaginensi
505 1995 516 2015 .-
550 1984 582 2015 Si
605 1983 771 2024 aliquorum
783 1981 988 2023 pomeridiano
1007 1989 1112 2022 tempo-

222 2039 254 2062 re
276 2030 479 2071 defunc‘lorum
503 2033 714 2065 commendatio
725 2029 985 2073 facienda,„sblls
1005 2035 1110 2063 oratio-

222 2078 312 2112 nibus
319 2079 379 2122 fiat
392 2103 403 2119 ,
424 2079 453 2123 fi
461 2081 521 2121 illi,
551 2086 604 2123 qui
606 2080 748 2122 faciunt,
766 2082 837 2120 jam
843 2078 952 2123 pranfi
956 2085 1113 2114 inveniun-

222 2136 288 2161 tur.
319 2128 411 2177 Qin
425 2129 529 2164 immo
541 2129 577 2164 in
589 2140 687 2174 opere
709 2127 750 2163 de
762 2129 866 2163 Miffae
887 2129 1003 2164 ritibus
1028 2129 1113 2172 Jose-

222 2176 306 2221 phus
316 2177 537 2215 vice-Comes
548 2191 620 2214 eam
634 2179 760 2214 laudari
770 2179 934 2213 existimat
955 2180 974 2214 a
992 2180 1112 2214 saneto

222 2228 389 2272 Dionysio
411 2229 612 2275 Areopagita
634 2230 670 2263 in
689 2228 773 2264 libro
786 2228 826 2263 de
837 2227 1030 2264 Hierarchia
1052 2229 1112 2263 Ec-

223 2276 410 2314 clefiastica:
436 2280 555 2314 oblatio
561 2279 626 2324 sola
633 2279 725 2321 fiebat
741 2286 774 2313 in
796 2289 972 2313 mortuorum
992 2281 1083 2320 Misfis
1100 2304 1112 2320 ‚

218 2340 283 2361 ⁴non
292 2334 362 2362 item
373 2328 543 2373 consecratio
554 2355 564 2371 ,
590 2329 836 2373 quemadmodem
856 2336 889 2362 in
901 2331 1030 2375 Belgicis
1046 2331 1109 2372 ple-

223 2377 320 2421 risque
349 2379 480 2421 Ecclefiis
510 2385 604 2414 etiam
621 2391 696 2413 nunc
713 2378 836 2423 servan·
855 2381 940 2413 multi
965 2381 1108 2413 tradunt.

223 2429 314 2463 Sicca
325 2429 415 2464 enim
424 2430 523 2464 Missa
537 2428 708 2474 praesertim
718 2429 806 2473 apud
827 2441 888 2464 nos
908 2430 1025 2476 Belgas
1046 2431 1108 2463 fuit

223 2477 359 2512 usitata.
388 2479 449 2513 Ast
467 2479 565 2522 absit,
603 2490 640 2514 ut
666 2480 724 2514 ille
747 2480 948 2523 Dionysius,
975 2481 1108 2525 Belgica

223 2525 323 2562 hodie
334 2529 476 2564 Ecclesia
488 2555 498 2571 ‚
526 2542 562 2564 ac
575 2530 746 2573 praesertim
769 2531 863 2564 tertia
874 2553 885 2569 ‚
911 2531 964 2564 cui
977 2531 1109 2564 Sanctus

224 2578 432 2621 Augustinus
453 2580 622 2619 interfuit,
662 2579 932 2624 Carthaginenfis
954 2581 1108 2623 Synodus

221 2628 392 2670 probarint
414 2629 572 2673 ejusmodi
604 2627 836 2663 histrionatum
854 2655 864 2670 ‚
903 2630 1022 2664 merito
1042 2630 1106 2672 jam

222 2677 345 2722 pridem
361 2679 553 2715 damnatum
565 2680 768 2725 aBelgarum
791 2680 980 2723 Episcopis,
1007 2692 1044 2714 ac
1066 2680 1107 2714 ab

148 2764 156 2770 ,
221 2726 421 2763 Innocentio
432 2731 529 2765 tertio
542 2731 576 2764 in
589 2731 703 2765 litteris
715 2728 755 2764 ad
770 2730 924 2764 Rectores
946 2729 1105 2765 Romana:

50 2765 207 2833 {3⁴⁸4
223 2778 434 2814 fraternitatis
456 2806 463 2812 .
501 2780 558 2814 Est
580 2780 744 2815 temeritas
767 2780 915 2814 novella.
955 2780 1003 2815 At
1029 2780 1105 2815 vero

51 2815 126 2883 03⁷1,
142 2854 189 2880 49·
223 2825 562 2866 Praesanstificatorum
574 2831 672 2866 Miffa
684 2830 768 2874 apud
780 2831 913 2865 Graecos
935 2832 980 2864 est
1005 2830 1105 2876 longe

225 2879 440 2921 antiquiffima
465 2906 476 2922 ,
511 2881 625 2925 utpote
647 2881 688 2916 de
717 2892 780 2924 qua
802 2881 918 2915 statuat
949 2881 1104 2925 Synodus

225 2924 432 2964 Laodicena:
461 2936 532 2964 Non
555 2939 664 2974 oportet
687 2937 719 2964 in
741 2929 975 2975 ,Quadragefima
992 2940 1103 2973 panem

224 2976 323 3017 offerri
335 3003 345 3018 ‚
371 2979 425 3020 nisi
431 2980 556 3014 sabbato
566 2983 600 3015 (τ
606 2981 676 3024 solis
692 2984 853 3015 Dominicis
869 3006 877 3014 .
904 2980 1009 3015 Addit
1034 2982 1099 3015 Mi-

225 3025 319 3060 chael
331 3027 516 3065 patriarcha
540 3032 929 3075 Constantinopolitanus
943 3057 950 3064 .
979 3037 1039 3065 Hoc
1054 3031 1100 3075 sa-

224 3087 304 3111 crum
316 3078 504 3118 ministerium
522 3083 582 3114 una
594 3093 658 3114 cum
667 3083 878 3124 praedicatione
889 3080 954 3125 ipsa
965 3082 1102 3124 Apostolo-

221 3138 293 3162 rum
310 3133 449 3172 originem
471 3128 596 3170 habuit,
622 3133 656 3165 Θ
676 3133 736 3164 una
756 3143 820 3165 cum
841 3131 1100 3176 quadragesimalis

217 3177 328 3218 jejuna
352 3178 546 3219 institutione.
576 3179 620 3213 Et
641 3182 786 3223 Symeon
808 3180 1101 3216 Thessalonicensis

222 3227 259 3261 in
270 3227 444 3272 Responfis
453 3229 493 3262 ad
508 3229 694 3263 Gabrielem
713 3231 963 3274 Metropolitam
983 3232 1102 3267 Penta·

222 3277 427 3321 politanum.
466 3278 783 3322 Praesanllificatorum
803 3281 889 3323 Miffa
913 3282 953 3313 ab
980 3289 1101 3325 antiquo

222 3335 347 3371 tempore
358 3353 369 3369 ‚
393 3331 428 3363 <9⁶
439 3340 476 3362 ex
486 3329 680 3372 Apostolorum
691 3328 888 3374 sarcofforibus
897 3336 1038 3373 originem
1049 3332 1100 3368 ha-

224 3376 291 3417 bet,
315 3388 349 3412 ut
364 3387 467 3421 preces
486 3378 559 3423 ipsae
580 3379 742 3420 testantur.
783 3381 985 3414 Traditionem
1004 3380 1098 3425 ipsam

219 3430 294 3462 vere‘
305 3428 491 3473 apostolicam
501 3431 647 3464 credimus
658 3453 666 3463 .

47 2160 108 2195 1..5.
122 2168 149 2191 c.
157 2170 185 2197 9.

51 3256 139 3298 nesp-
146 3268 159 3297 5
164 3265 190 3293 6.

1225 1430 1304 1472 Ejus
1338 1432 1469 1464 causam
1486 1429 1489 1430 ⁷
1504 1428 1675 1473 adsignant
1692 1428 1727 1462 in
1749 1427 1872 1461 laudati
1913 1426 2064 1460 Canonis

1174 1478 1358 1513 Laodiceni
1379 1478 1621 1514 commentario
1641 1476 1780 1511 Alexius
1809 1474 1975 1510 Aristinus
1988 1501 1998 1516 ,
2029 1475 2064 1508 in

1174 1529 1291 1563 Nomo
1303 1547 1314 1554 —
1326 1528 1468 1564 Canone
1488 1527 1667 1563 Matthaeus
1678 1526 1836 1561 Blastares
1844 1552 1856 1568 ,
1885 1525 1928 1561 ad
1953 1526 2065 1560 Cano-

1176 1591 1253 1614 nem
1283 1581 1472 1623 praesentem
1504 1580 1645 1622 Joannes
1668 1577 1835 1617 Zonaras,
1862 1574 2064 1610 Theodorus

1175 1629 1373 1670 Balsamon,
1400 1627 1551 1663 Michael
1579 1626 1790 1667 Patriarcha,
1816 1627 1849 1660 &
1871 1626 1937 1669 jam
1955 1626 2063 1661 dinus

1175 1679 1319 1722 Symeon
1331 1678 1648 1724 Archi-Episcopus:
1681 1676 1786 1724 Qod
1809 1676 1944 1720 plenum
1968 1676 2062 1710 sacri·
2080 1663 2221 1736 }esP·5⁷·

1175 1729 1288 1763 ficium
1314 1729 1351 1763 fit
1372 1730 1492 1764 laetitiae
1522 1741 1560 1763 ac
1585 1728 1705 1763 festivae
1729 1725 1926 1761 celebritatis
1950 1728 2063 1769 astus,
2105 1716 2126 1736 ¹*

1174 1779 1414 1824 quadragesima
1424 1790 1535 1814 autem
1555 1789 1684 1822 tempus
1703 1777 1806 1811 laetus
1826 1788 1865 1810 ac
1889 1777 2032 1810 maeroris
2049 1801 2061 1817 ,

1179 1831 1324 1873 exceptis
1339 1841 1448 1864 tamen
1464 1828 1579 1864 diebus
1589 1827 1782 1864 Dominicis
1805 1837 1844 1861 ac
1866 1825 2059 1868 Sabbathis‚

1174 1880 1362 1914 Dominicae
1378 1879 1623 1914 Resurrestioni
1647 1889 1685 1912 ac
1710 1879 1826 1912 futura:
1842 1878 1968 1921 requiei
1985 1888 2065 1911 con-

1175 1931 1323 1969 secratis,
1349 1930 1491 1975 ideoque
1501 1928 1588 1974 apud
1610 1930 1740 1963 Graecos
1753 1929 1916 1963 consuetis
1939 1929 2062 1972 nonje-

1172 1980 1298 2023 junari.
1338 1980 1458 2014 Eidem
1484 1980 1702 2013 fundamento
1738 1977 1835 2012 haeret
1859 1977 1915 2012 hic
1937 1979 2059 2012 Canon

1174 2030 1400 2065 Laodicensis:
1430 2034 1621 2072 Nonoportet
1631 2036 1662 2061 in
1685 2027 1924 2071 ,Quadragefima
1950 2032 2062 2067 Marty-
2079 2016 2208 2054 cap'49·

1174 2091 1238 2113 rum
1253 2082 1384 2113 Natales
1392 2088 1533 2124 peragere
1541 2105 1551 2121 ,
1558 2078 1616 2122 sed
1623 2078 1797 2112 sanderum
1808 2082 1875 2110 Mar
1880 2088 1968 2118 tyrum
1972 2079 2060 2121 face-

1173 2141 1205 2163 re
1217 2135 1497 2164 commemorationes
1507 2135 1539 2162 in
1551 2128 1714 2162 sabbathis
1726 2140 1760 2161 ac
1771 2130 1932 2161 Dominicis
1944 2154 1950 2160 .
1980 2130 2063 2163 Dies

1174 2191 1284 2222 namq3
1298 2181 1396 2214 festos
1407 2181 1470 2214 effe
1481 2179 1611 2223 publica
1624 2178 1770 2213 Ecclesia:
1779 2176 1911 2222 gaudia,
1922 2179 2063 2223 ideoque

1174 2230 1208 2264 in
1219 2229 1282 2264 hac
1296 2230 1472 2264 miserabili
1483 2230 1548 2265 vita
1561 2230 1771 2273 multiplicari
1795 2240 1864 2263 non
1885 2240 2036 2272 oportere
2051 2254 2062 2269 ,

1173 2280 1282 2314 scribit
1301 2281 1402 2315 etiam
1423 2292 1465 2315 ex
1489 2280 1616 2315 Latinae
1640 2278 1793 2314 Ecclefiae
1817 2279 1907 2312 sensu
1929 2279 2062 2313 Sanetus

1174 2330 1373 2365 Bernardus.
1403 2331 1496 2364 Hinc
1507 2331 1588 2365 item
1609 2329 1798 2363 Dominicae
1820 2328 2063 2363 Adnunciatio-
2080 2325 2207 2363 ¹⁴31³·174·

1172 2382 1223 2414 nis
1237 2381 1408 2415 Festivitas
1420 2406 1431 2421 ‚
1457 2381 1491 2413 in
1506 2378 1763 2426 Quadragefima
1773 2390 1946 2413 occurrens
1958 2403 1968 2419 ‚
1990 2391 2060 2413 non

1175 2432 1231 2464 nisi
1255 2432 1289 2464 in
1314 2430 1493 2465 Dominica
1523 2440 1580 2464 aut
1601 2427 1770 2464 Sabbatho
1788 2429 1950 2473 agebatur
1972 2430 2058 2473 apud

1173 2482 1318 2522 Graecos,
1346 2482 1514 2524 quousque
1523 2478 1643 2524 prodiit
1668 2482 1801 2523 praesens
1814 2479 1932 2513 Canon
1948 2504 1959 2519 ,
1985 2491 2059 2514 eam

1171 2532 1221 2565 uti
1233 2532 1331 2574 pleno
1344 2530 1500 2565 sacrificio
1513 2555 1524 2572 ‚
1551 2531 1595 2564 ita
1609 2530 1768 2573 &jejunii
1782 2530 1991 2563 immunitate
2000 2530 2060 2564 ho-

1172 2592 1307 2615 norans.
1333 2581 1445 2615 Etiam
1458 2582 1491 2614 in
1506 2582 1610 2615 sansta
1622 2581 1710 2614 sexta
1722 2580 1815 2614 Feria
1832 2591 2057 2614 occurrentem

1172 2632 1215 2666 ita
1226 2630 1432 2666 honorarunt
1444 2631 1548 2665 Graeci
1568 2630 1780 2674 posteriores.
1806 2630 1895 2663 Nam
1917 2631 1950 2663 <Sc
1972 2630 2056 2663 olim

1169 2681 1253 2725 apud
1266 2693 1327 2716 nos
1351 2682 1489 2716 Latinos
1500 2682 1618 2726 quaevis
1639 2681 1761 2724 majora
1778 2680 1870 2714 Festa
1884 2704 1893 2719 ‚
1914 2680 1946 2712 in
1962 2690 2057 2722 quar-

1169 2743 1236 2766 tam
1258 2742 1314 2766 aut
1326 2733 1449 2767 sextam
1469 2733 1597 2766 Feriam
1611 2756 1620 2771 ,
1646 2742 1736 2765 extra
1762 2729 2052 2777 Qadragefimam

1167 2792 1300 2823 tamen,
1326 2780 1504 2817 incidentia
1523 2781 1710 2827 gaudebant
1724 2806 1734 2820 ,
1759 2779 1929 2822 quomodo
1952 2780 2052 2814 etiam

1167 2831 1267 2868 hodie
1277 2832 1468 2867 Dominicae
1479 2832 1673 2868 Nativitatis
1692 2830 1845 2870 Festum,
1872 2829 1987 2863 eadem
2008 2829 2050 2873 je-

1166 2883 1249 2926 junii
1262 2883 1472 2917 immunitate
1481 2908 1488 2916 .

1214 2934 1403 2968 Occurrunt
1414 2932 1607 2978 quaestiones
1619 2932 1733 2974 aliquae
1743 2955 1750 2962 .
1777 2929 1886 2964 Prima
1898 2929 1944 2963 est
1957 2954 1969 2970 ,
1990 2929 2049 2965 An

1164 2984 1197 3017 ἀ
1218 2995 1316 3028 quare
1327 2983 1432 3018 Graeci
1444 2984 1477 3017 in
1491 2982 1567 3016 solis
1579 2980 1839 3030 Qadragefimae
1848 2979 1977 3023 jejuniis
1999 2981 2047 3016 ufi

1167 3035 1286 3067 fuerint
1297 3034 1395 3067 Missa
1406 3031 1769 3067 Praesanstificatorum?
1796 3030 1987 3074 Respondet
2011 3032 2047 3065 δε

1164 3084 1325 3117 rationem
1338 3082 1438 3117 datin
1455 3082 1592 3115 laudatis
1615 3080 1655 3113 ad
1670 3075 1857 3115 Gabrielem
1877 3080 2047 3125 Metropo-

1165 3135 1255 3167 litam
1267 3133 1439 3175 Responfis
1451 3133 1595 3174 Symeon
1618 3129 1916 3165 Thessalonicensis
1929 3156 1936 3164 .
1972 3137 2045 3166 Non

1158 3183 1231 3226 sunt
1241 3181 1496 3226 Praesanllificata
1506 3187 1539 3214 in
1554 3181 1622 3214 aliis
1628 3182 1759 3222 jeiuniis
1769 3206 1780 3222 ,
1802 3181 1882 3222 quod
1890 3186 1968 3215 inter
1980 3185 2043 3216 alia

1163 3233 1313 3276 hocsolum
1329 3238 1464 3274 primum
1483 3228 1544 3272 fit,
1569 3231 1773 3271 (acerimum,
1800 3234 1836 3265 ἐν
1856 3233 1975 3265 Domini
1994 3235 2044 3274 je·

1156 3286 1293 3324 J'um'um.
1333 3280 1493 3316 Eamdem
1526 3282 1583 3315 dat
1617 3280 1820 3316 Theodorus
1846 3281 2021 3317 Balsamon
2034 3307 2042 3314 .

1163 3334 1264 3366 Porro
1277 3320 1375 3366 Missa
1387 3331 1456 3366 haec
1469 3330 1567 3366 fiebat
1579 3330 1659 3366 hora
1673 3344 1761 3369 nona
1775 3330 1832 3365 sub
1846 3331 2019 3375 Vesperam
2033 3355 2040 3362 .

1164 3383 1252 3415 Nam
1281 3383 1314 3416 &
1333 3382 1418 3425 apud
1447 3392 1508 3416 nos
1531 3381 1670 3416 Latinos
1693 3382 1826 3426 plenum
1850 3381 2040 3415 sacrificium

1164 3433 1304 3472 εοηᾶἱε,
1327 3434 1427 3467 etiam
1455 3442 1545 3467 extra
1579 3431 1887 3479 Qadragesimam,
1925 3430 2039 3514 jdejunii

1950 3490 1991 3513 ie—
