2340 3762
631 177 700 226 ni„
736 192 982 226 sep-ruam
1017 175 1644 228 SYN0D0·GENE'RA1„1.

248 261 392 303 ciliabuli
404 264 598 310 palmaribus
605 264 806 312 argumentis
815 288 823 301 ,
849 267 902 296 Hic
911 264 984 297 liber
996 287 1007 304 s
1017 263 1125 308 inquit

246 315 484 351 Constantinus
495 318 696 361 Cypriorum
720 314 1040 357 Archi-Episcopus,
1065 326 1127 347 con-

238 365 339 408 stituit
355 366 618 411 Pseudo-syllogus»
627 366 705 406 istud
714 391 722 398 .
752 367 795 400 Et
807 366 940 399 Sanetus
952 362 1086 399 Tharafi
1092 376 1127 398 us

244 415 456 451 Patriarcha:
486 426 524 451 ,ἤι’
538 419 660 461 udigna
675 414 747 459 sunt
766 416 820 458 ista
832 428 844 449 .-
873 414 914 449 Et
926 413 1127 449 Theodorus

243 466 434 502 Cataneniis
467 469 666 511 Episcopus:
693 471 770 504 Ecce
788 465 885 506 liber,
911 471 963 507 qui
985 464 1127 506 destruxit

249 518 434 557 venustatem
445 517 578 558 Ecclesiae
589 543 595 550 .
626 518 668 552 Et
679 517 825 552 universa
836 515 989 558 Synodus
1002 528 1009 548 ι
1020 521 1126 550 Omnis

242 565 360 608 baerefis
371 575 403 600 in
415 567 467 600 boc
475 568 549 600 libro
555 570 668 610 pendet
678 593 685 601 .
712 568 756 601 Et
767 567 910 610 Ioannes
920 566 1102 601 monachus
1115 590 1126 606 ,

241 614 505 651 patriarcharum
547 618 767 652 Orientalium
801 616 946 661 Legatus
972 628 979 648 z
1008 618 1125 650 Jnducit

242 667 428 705 lacaena-dem
438 678 624 702 coronantem
633 673 792 712 imaginem
814 667 936 709 Apostoli
948 691 960 707 ‚
985 668 1127 708 quemad·

241 717 361 749 modam
377 720 496 762 Pagani
511 720 609 752 idola.
638 718 780 753 Addidit
801 717 920 751 librum
945 716 1043 753 istum
1062 717 1125 751 effe

240 765 350 801 sordes
361 766 564 802 Manichaeas
574 794 585 809 ‚
612 767 746 802 Christo
756 767 910 801 Domino
929 768 1035 801 carnis
1048 767 1126 801 veri-

239 824 341 851 tatem
352 839 363 857 ,
388 817 537 859 adeoque
564 815 599 852 δε
612 819 712 856 sacras
723 817 885 862 imagines,
903 816 944 856 ab
955 817 1015 850 illo
1027 826 1126 860 nega-

239 866 283 904 ri,
293 877 392 909 atque
401 866 447 900 ita
457 866 675 900 Iconoclastas
687 866 822 900 delirare
832 878 909 900 curn
920 864 1124 899 Manichaeis.

236 914 313 949 Pati
326 926 394 948 non
406 917 516 957 potuit
528 916 635 949 saneta
645 915 800 958 Synodus
812 915 922 949 sordes
935 915 1008 949 istas
1024 939 1034 955 ,
1054 926 1124 958 quae

236 963 391 1003 Sanstum
404 964 565 1007 Ioannem
594 964 841 1010 Evangelistam
861 965 1032 1008 Crucifixo
1054 964 1125 1007 Do-

235 1012 332 1052 mino
356 1015 457 1058 usque
476 1014 518 1050 ad
528 1017 630 1050 finem
653 1015 808 1059 adstitisse
819 1025 962 1062 negant,
991 1015 1083 1059 suiffe
1105 1015 1123 1053 ‚a

235 1072 290 1098 tot
299 1063 470 1109 Episcopis
484 1064 683 1109 synodaliter
694 1065 845 1109 probatas
870 1076 926 1101 aut
948 1066 1119 1105 toleratas.

238 1114 334 1151 Hinc
358 1114 515 1151 Petronas
535 1116 878 1160 magnificentiffimus
903 1116 1064 1156 Patricius
1075 1128 1125 1150 ro-

235 1165 328 1209 gavit
339 1164 558 1201 Iconoclastas
569 1166 746 1209 Episcopos
754 1191 766 1208 ,
782 1177 863 1203 num
875 1164 1004 1212 integre,
1013 1166 1119 1205 fuisset

235 1214 273 1248 in
286 1213 482 1259 Cayphaico
491 1216 639 1251 concilio
648 1216 747 1253 lestus
758 1216 864 1252 liber?
889 1217 1123 1260 responderunt

235 1264 313 1302 vero*
335 1266 518 1311 Gregorius
540 1266 841 1309 Neo-Caesareeufis
866 1266 1122 1308 &Theodosius

234 1313 474 1365 Ammorienfis
487 1329 495 1349 :
525 1318 586 1354 Illic
595 1316 668 1359 liber
681 1327 738 1359 non
749 1324 895 1360 apparuit
902 1340 916 1364 ².
934 1316 1054 1362 sedper
1060 1315 1125 1359 fal-

229 1363 270 1408 sa
276 1371 408 1408 pittacia
428 1367 614 1409 decipiebant
635 1377 708 1400 nas.
734 1367 820 1412 Legi
842 1377 998 1402 curarunt
1022 1367 1123 1402 solam

233 1415 436 1457 Lycomedis
457 1415 625 1457 fabulam,
650 1424 749 1458 atque
771 1415 816 1449 ita
837 1416 938 1453 sacras
964 1417 1125 1459 imagines

232 1471 402 1507 tamquam
413 1463 504 1503 idola
514 1463 557 1506 ab
571 1463 736 1508 Apostolo
746 1462 895 1499 damnari
914 1463 1036 1498 miseris
1048 1464 1123 1508 Epi-

232 1513 340 1556 scopis
365 1514 540 1558 persuasere
564 1538 572 1546 .
610 1514 725 1562 Qare
743 1512 953 1554 foediffimum
979 1513 1123 1555 librum,

232 1562 333 1598 etiam
353 1564 504 1602 &Sansto
525 1561 790 1608 Amphilochio,
817 1563 1038 1599 Iconienfium
1063 1563 1122 1598 Ar-

232 1611 468 1657 chi-Episcopo
480 1638 491 1654 ,
515 1613 580 1656 jam
595 1613 720 1657 pridem
729 1614 920 1650 damnatum
934 1638 945 1653 ‚
971 1613 1123 1657 deinceps

232 1661 252 1696 ὲ
274 1673 443 1706 quoquam
461 1662 598 1698 describi
623 1663 727 1697 vetuit
750 1686 762 1703 ,
795 1665 911 1698 cunsta
937 1661 1000 1697 huc
1023 1665 1122 1707 usque

231 1713 349 1756 scripta
372 1712 570 1757 exemplaria
592 1713 760 1749 damnavit
778 1713 819 1748 ad
839 1713 932 1759 ignes
946 1715 1050 1748 sancia
1063 1715 1122 1757 Sy-

212 1761 340 1797 xnodus
361 1784 374 1801 ‚
397 1761 433 1795 &
460 1762 612 1798 adversus
635 1763 828 1798 ulteriorem
857 1763 926 1808 ejus
948 1764 1119 1798 leciionem

230 1811 408 1846 intercessit
419 1811 457 1845 N
458 1812 634 1857 icephorus
645 1811 823 1857 Dyrrachii
835 1814 1015 1859 Episcopus
1025 1837 1037 1854 ‚
1063 1825 1122 1848 no-

235 1871 283 1896 vae
294 1861 385 1905 Epiri
397 1861 616 1908 Metropolita
629 1877 641 1898 .·
666 1865 777 1898 Polluit
788 1874 876 1898 aures
888 1863 1001 1905 nostras
1012 1888 1020 1897 .

280 1911 428 1965 Qaestio
449 1912 498 1946 est
518 1937 531 1956 ,
569 1912 754 1961 Qiomodo
776 1914 920 1957 Joannes
938 1912 1120 1951 monachus

228 1959 318 1997 dicat
331 1961 373 1997 de
384 1972 541 1998 coronata
553 1974 611 2008 per
621 1960 849 2008 Lycomedem
860 1964 1014 2009 Apostoli
1039 1965 1120 1999 ima-

229 2012 311 2059 gine
323 2025 334 2046 .-
361 2014 625 2056 ,Quemadmodism
639 2017 759 2061 Pagani
770 2016 849 2048 idola
858 2014 916 2058 sua
928 2016 946 2047 ?
971 2014 1027 2049 An
1038 2014 1120 2061 ergo

228 2060 334 2095 sacras
345 2061 505 2107 imagines
516 2074 677 2098 coronare
694 2064 740 2099 est
762 2065 842 2098 ritus
864 2064 1091 2099 idololatricus
1105 2062 1120 2103 ?

228 2109 431 2159 Respondeo
441 2113 555 2157 primis
565 2113 713 2151 Ecclefiae
726 2114 850 2151 saeculis
864 2114 1005 2154 omnino
1018 2115 1120 2149 fuiffe.

228 2160 368 2199 Etenim
389 2162 522 2207 plurimi
541 2161 652 2198 fideles
678 2188 691 2206 ‚
717 2163 807 2209 quod
829 2164 868 2202 in
886 2163 1117 2202 Romanorum

227 2210 466 2255 Imperatorum
479 2213 533 2250 die
547 2214 645 2248 natali
672 2224 729 2249 aut
741 2213 808 2249 alio
828 2214 911 2249 festo
936 2215 1055 2250 domos
1081 2227 1119 2251 ac

227 2260 343 2305 januas
390 2263 461 2297 suas
498 2275 657 2303 coronare
686 2265 742 2299 seu
763 2264 806 2299 de
837 2274 994 2301 coronata
1014 2264 1118 2301 domo

231 2311 410 2354 procedere
421 2313 569 2356 nollent,
597 2314 764 2349 subierunt
781 2314 925 2352 crudelia
938 2316 1095 2359 martyria
1106 2341 1115 2357 ‚

226 2363 348 2406 eosque
359 2374 428 2397 non
438 2363 567 2400 tantum
581 2365 614 2398 in
627 2365 772 2408 suspesto
785 2363 826 2399 de
836 2364 954 2401 militis
966 2377 1091 2402 corona
1102 2390 1114 2407 ,

226 2411 281 2450 sed
307 2411 387 2446 &in
397 2410 589 2450 orthodoxo
601 2414 641 2448 de
664 2414 851 2450 idololatria
876 2413 962 2451 libro
983 2416 1116 2452 Tertul-

226 2459 333 2497 lianus
343 2461 470 2500 strenue
495 2464 666 2501 defendit.
692 2463 811 2509 Longe
833 2465 945 2500 minus
965 2466 1118 2503 fidelibus

226 2510 321 2545 licuit
349 2509 503 2548 homines
527 2513 619 2548 vivos
651 2524 707 2549 aut
742 2515 913 2551 defunctos
938 2527 1116 2551 coronare.

226 2562 474 2603 homimum,
500 2562 609 2607 inquit
622 2564 656 2599 in
677 2565 777 2608 priori
796 2565 881 2600 libro
897 2589 908 2606 ,
932 2565 1012 2607 istius
1033 2566 1116 2601 babi-

226 2619 278 2644 tus
305 2612 340 2645 ό·
362 2622 398 2644 ex
420 2617 544 2656 originis
569 2613 655 2657 censa
679 2638 689 2654 ,
715 2615 750 2648 &⁸
767 2626 806 2649 ex
821 2613 1038 2658 superstitionis
1061 2615 1115 2660 usu

225 2661 314 2695 idolis
327 2663 520 2696 vindicamus
530 2686 537 2693 .
564 2662 732 2707 Ipsaefores
747 2689 759 2705 ,
783 2663 857 2708 ipsae
869 2664 967 2707 hostiae
994 2667 1028 2701 <zi
1041 2679 1115 2706 arae,

228 2709 285 2753 ipfi
311 2711 437 2753 ministri
473 2715 508 2747 (¹5
528 2715 703 2749 sacerdotes
733 2715 894 2759 gentilium
919 2726 1095 2750 coronantur
1106 2742 1113 2750 .

225 2760 328 2807 Qod
345 2773 446 2796 omne
459 2763 556 2807 ipsius
571 2762 694 2809 dogma
717 2766 803 2809 apud
817 2765 1004 2801 Minutium
1027 2767 1110 2802 Feli-

227 2808 299 2842 cem
311 2813 485 2848 confirmat
497 2815 648 2850 adversus
661 2815 833 2850 Caecilium
843 2815 1004 2861 gentilem
1014 2817 1110 2851 Osta-

228 2858 301 2893 vius
311 2859 536 2898 Christianus.
565 2864 718 2900 Coronas
745 2865 840 2900 fuisse
861 2868 988 2911 propria
1007 2867 1111 2902 idolo-

227 2919 302 2943 rum
313 2920 504 2947 ornamenta
525 2916 666 2958 gentiles
689 2915 801 2960 paffim
823 2916 1002 2961 Scriptores
1021 2917 1113 2952 adfir-

228 2966 323 2993 mant-
335 2984 342 2992 .
368 2960 463 2995 Hinc
473 2962 573 3007 igitur
585 2966 698 3008 primis
708 2965 859 3000 Ecclesiae
867 2968 990 3003 saeculis
1013 2969 1111 3003 sacra·

229 3019 304 3042 rum
316 3009 500 3059 imaginum
512 3035 524 3052 ‚
548 3015 598 3047 uti
624 3013 850 3050 &domorum
871 3029 910 3051 ac
920 3026 1084 3061 portarum
1100 3042 1111 3058 ,

226 3069 357 3093 eoronae
389 3070 481 3094 erant
501 3062 645 3105 suspetstae
666 3089 678 3105 ,
716 3066 911 3101 scandalosae
932 3093 944 3109 ‚
982 3069 1112 3112 piorum

225 3107 401 3143 oculorum
421 3110 598 3145 offenfivae.
625 3114 670 3148 Et
693 3113 759 3150 huc
785 3126 852 3150 tam
875 3117 959 3152 istud
971 3117 1111 3155 Pseudo-

227 3157 439 3193 itinerarium
460 3183 472 3200 ‚
506 3171 609 3204 quarn
628 3163 773 3206 Ioannes
791 3166 974 3202 monachus
994 3192 1006 3208 ,
1032 3180 1112 3212 quo-

227 3209 320 3243 niam
331 3210 374 3243 de
382 3210 575 3253 Lycomede
591 3211 762 3255 Apostolis
778 3227 890 3251 coaevo
906 3218 1087 3261 loquuntur
1098 3243 1110 3259 ,

227 3259 424 3302 respiciunt.
452 3258 641 3305 paganismi
657 3264 834 3299 e-xstinstio
856 3266 988 3303 abstulit
1010 3268 1115 3303 offen-

228 3308 354 3344 sionem
371 3332 383 3349 ,
417 3310 452 3344 δε
473 3309 660 3345 scandalum
681 3336 693 3353 ,
727 3322 826 3357 atque
851 3315 897 3349 ita
919 3318 1106 3360 *coronandi

229 3355 309 3393 ritus
318 3371 360 3393 ex
371 3359 478 3404 impio
502 3361 665 3406 &gentili
678 3362 780 3400 fastus
801 3364 847 3399 est
860 3365 952 3409 pitu,
978 3367 1108 3412 religio-

230 3406 280 3446 ὣς
294 3431 305 3449 ,
334 3407 556 3445 Christianus.

243 3464 247 3468 ‘
280 3457 392 3496 Etiam
414 3459 593 3496 Eusebium
621 3461 856 3502 Caessreensem
875 3464 1079 3515 Episcopum
1097 3492 1111 3513 ‚

331 3507 436 3549 christ·
448 3514 527 3556 Lupe
536 3515 621 3556 oper.
635 3515 713 3548 rom.
725 3517 784 3551 m.

1908 199 2005 251 243

1193 264 1303 308 primae
1315 261 1754 308 PalaestinaeMetropolitam
1765 290 1777 308 ,
1801 265 1953 306 adversus
1976 273 2079 310 sacra!

1194 314 1353 359 imagines
1374 312 1513 347 adduxit
1534 322 1570 348 ut
1591 325 1749 359 magnum
1773 316 1921 355 Ecclefiae
1945 320 2077 359 Patrem

1190 364 1343 407 Synodus
1365 363 1556 407 Cayphaica
1587 387 1596 397 .
1631 365 1725 400 Hinc
1746 366 1826 401 lesta
1850 369 1923 403 sunt
1951 371 1986 405 &
2007 371 2078 415 ejus

1190 415 1338 458 quaedam
1350 414 1465 457 scripta
1479 439 1490 455 ,
1516 414 1744 459 Origenisticae
1768 428 1806 451 ae
1817 416 1951 452 Arianae
1964 421 2080 464 impie-

1190 465 1265 499 tatis
1287 465 1380 508 plena
1406 489 1418 505 ‚
1464 463 1664 507 habenturque
1687 467 1723 500 δ’
1744 468 1824 501 alias
1845 466 2046 512 blasphemias
2062 494 2076 512 ‚

1191 527 1267 558 quas
1279 515 1406 554 synodus
1417 515 1523 548 audire
1533 526 1591 547 non
1601 516 1757 556 perferens
1784 517 1830 551 est
1853 519 2052 556 interlocuta
2066 531 2083 564 ey

1193 565 1361 600 Anatbema
1385 565 1519 602 &libris
1531 566 1615 605 illis,
1641 566 1675 598 (π
1695 567 1846 600 utentibus
1867 573 1928 602 eis.

1240 615 1335 649 Lecta
1358 616 1459 650 etiam
1484 617 1560 649 sunt
1575 612 1747 649 Theodori
1760 615 1905 652 Ledoris
1929 620 1963 654 δε
1984 620 2083 663 Ῐοιιιέ

1192 666 1241 699 nis
1264 666 1518 700 Diacrinomeni
1552 665 1775 701 Ecclefiastica
1803 664 1939 703 historia
1959 694 1971 710 ‚
2009 670 2079 707 vita

1190 714 1294 751 Sancti
1316 714 1427 750 Sabbae
1450 714 1591 750 Abbatis
1617 738 1629 755 ,
1665 715 1871 751 Clericorum
1905 718 1940 753 δε
1961 715 2082 755 Mona}

1189 765 1328 799 chorum
1348 765 1628 800 Antiochensium
1664 765 1706 800 ad
1736 765 2080 812 Constantinopolim

1191 826 1266 848 nam
1290 815 1349 848 sub
1368 815 1497 849 Menna
1519 814 1710 850 Patriarcha
1730 814 1904 860 Synodum
1927 818 2080 862 libellus,

1188 864 1222 897 ὃ(
1235 864 1372 906 Ioannis
1386 864 1577 899 Gabalenfis
1588 865 1796 910 Episcopifde
1807 867 1916 903 Severi
1932 867 2080 905 Pseudo-

1188 911 1383 948 Patriarchae
1393 912 1599 950 Antiocheni
1622 916 1690 954 vita
1702 916 1784 951 liber
1799 942 1811 959 ,
1834 926 1935 963 atque
1957 918 2003 955 ita
2026 929 2081 962 pa-

1188 964 1251 998 tuit
1263 964 1515 1000 lconoclastiam
1524 965 1619 1001 fuiffe
1643 966 1712 1011 jam
1724 966 1849 1012 pridem
1870 967 1913 1002 ab
1935 967 2081 1004 Ecclefia.

1187 1012 1375 1049 damnatam
1385 1015 1422 1049 in
1434 1014 1522 1050 dic-to
1539 1017 1683 1059 Severo,
1707 1018 1808 1052 Petro
1824 1016 1988 1062 Cnapheo
1998 1043 2012 1060 ‚
2039 1029 2081 1054 ac

1187 1063 1377 1099 Philoxeno
1390 1065 1649 1109 Hierapolitano
1659 1090 1672 1107 ‚
1697 1067 1841 1101 Domini
1853 1079 1986 1103 naturas
1998 1080 2080 1103 con-

1188 1114 1402 1150 fundentibus
1438 1114 1595 1151 haereticis
1620 1141 1631 1157 ,
1669 1114 1812 1161 ideoque
1847 1115 2080 1161 abjicientibus

1187 1176 1303 1200 omnes
1315 1167 1418 1200 sacras
1430 1166 1590 1211 imagines
1601 1189 1613 1206 ,
1633 1167 1807 1210 praesertim
1818 1167 1959 1212 Spiritus
1970 1167 2082 1203 Sansti

1189 1216 1223 1250 in
1247 1217 1352 1251 forma
1371 1214 1531 1253 columbae
1543 1241 1556 1258 ,
1581 1217 1617 1252 δε
1639 1218 1831 1254 Sanctorum
1845 1218 2055 1263 Angelorum
2070 1242 2080 1252 .

1190 1265 1338 1311 Angelos
1348 1266 1423 1301 sane
1435 1291 1447 1308 ,
1472 1268 1686 1311 quantumvis
1698 1268 1832 1313 pingere
1841 1267 1953 1302 liceret
1969 1292 1982 1309 ‚
2007 1278 2082 1303 non

1188 1316 1221 1349 in
1235 1317 1424 1361 purpureis,
1451 1318 1506 1352 sed
1521 1317 1694 1353 dumtaxat
1705 1319 1740 1352 in
1755 1317 1839 1353 albis
1849 1316 1992 1353 vestibus
2013 1319 2088 1366 effe·

1188 1365 1370 1410 pingendos
1380 1368 1513 1402 Severus
1524 1367 1570 1401 est
1584 1368 1714 1411 iusuper
1726 1377 1876 1412 nugatus.

1234 1415 1347 1448 Etiam
1360 1415 1576 1450 Constantini
1590 1416 1740 1450 Ecclefiae
1762 1417 2078 1462 Constantinopoli«

1185 1472 1268 1496 tanae
1277 1463 1360 1496 olim
1373 1464 1520 1498 Diaconi
1545 1464 1580 1498 &
1600 1463 1880 1510 Chartophylacis
1900 1466 2001 1501 lectus
2031 1466 2079 1501 est

1186 1513 1220 1546 in
1232 1523 1347 1547 omnes
1358 1513 1493 1548 sanctos
1513 1513 1679 1558 Martyres
1701 1517 1830 1557 sermo,
1856 1516 1996 1552 laudans
2022 1528 2079 1552 eo·-

1184 1572 1256 1596 rum
1269 1573 1344 1597 cum
1354 1563 1536 1607 gentilibus
1559 1566 1731 1607 tyrannis,
1758 1578 1819 1600 nos
1830 1566 1871 1600 de
1887 1567 1956 1610 pari
1969 1569 2080 1603 secum

1184 1613 1370 1656 imaginum
1382 1614 1436 1646 seu
1449 1613 1617 1647 idolorum
1630 1615 1722 1648 cultu
1743 1616 1990 1656 accusantibus,
2015 1617 2080 1651 dis-

1184 1663 1370 1704 putationes
1397 1662 1431 1695 &
1452 1662 1659 1706 Responsum
1684 1677 1692 1696 ε
1728 1669 1874 1699 Formam
1894 1691 1905 1707 ‚
1934 1673 1968 1700 in
1991 1679 2079 1710 qua,

1183 1711 1275 1746 Deus
1285 1712 1438 1748 Verbum
1453 1712 1667 1752 demonstratus
1680 1714 1739 1755 est,
1767 1716 1879 1749 &cum
1904 1716 2079 1754 hominibus

1182 1760 1374 1805 conversatus
1400 1785 1412 1802 ,
1449 1762 1564 1795 tabulis
1589 1764 1776 1807 depingimus
1798 1790 1810 1806 ,
1844 1767 2080 1801 recordationem

1177 1809 1309 1853 salutis,
1335 1818 1468 1854 quaeper
1485 1823 1553 1845 eum
1567 1812 1660 1854 falla
1679 1812 1716 1854 est
1728 1839 1739 1855 ,
1769 1818 1890 1849 Divina
1914 1816 2007 1862 effigie
2021 1818 2079 1860 fa-

1181 1868 1288 1896 cientes
1302 1887 1313 1903 ,
1340 1863 1376 1896 (9⁶
1387 1860 1614 1905 nonsecunds'sm
1634 1875 1688 1897 vos
1701 1876 1802 1899 vanas
1814 1866 1902 1908 ipsius
1919 1870 2078 1902 Divinita-

1181 1919 1222 1946 tis
1239 1913 1356 1957 figuras
1379 1934 1389 1951 ,
1411 1911 1571 1955 secundum
1592 1916 1675 1957 quod
1692 1917 1841 1959 placuerit
1854 1942 1866 1958 ,
1892 1918 2076 1953 derivantes

1181 1972 1235 1997 aut
1241 1963 1411 2007 sculpentes
1425 1986 1432 1993 .
1461 1963 1671 2006 Responsum
1683 1967 1821 2010 exponit
1832 1968 1958 2002 sanctus
1979 1968 2082 2003 Tha«

1181 2014 1296 2047 rafius:
1323 2017 1393 2046 Nos
1405 2023 1461 2047 non
1474 2010 1634 2054 simulacra
1658 2016 1826 2050 damonum
1839 2015 1996 2059 facimus,-
2018 2017 2077 2062 sed

1180 2067 1237 2097 Dei
1251 2062 1365 2103 Verbi,
1388 2069 1441 2106 qui
1462 2069 1637 2098 incarnatus
1667 2064 1727 2107 est,
1754 2068 1788 2101 (9
1810 2068 1984 2102 sannorum
2005 2071 2074 2111 ejus

1179 2118 1277 2148 iconas
1291 2138 1302 2154 ,
1327 2123 1385 2147 non
1397 2122 1500 2146 tamen
1513 2114 1692 2156 Deificamus.
1700 2128 1753 2150 eas
1765 2142 1773 2150 .

1229 2163 1310 2199 Erat
1324 2162 1555 2198 lucidiffimum
1569 2175 1633 2208 pro,
1642 2166 1799 2202 sacrarum
1812 2168 1996 2214 imaginum
2016 2181 2073 2205 an-

1179 2214 1334 2258 tiquitate
1359 2213 1611 2256 testimonium,
1640 2215 1780 2262 ideoque
1801 2219 2012 2254 Iconoclastae
2034 2221 2073 2256 iu

1180 2262 1368 2310 Cayphaica
1389 2263 1527 2307 Synodo
1544 2266 1687 2301 fecerant
1699 2293 1709 2308 ,
1735 2269 1824 2310 quod
1846 2271 1942 2303 refert
1955 2270 2072 2305 Theo-

1178 2313 1287 2357 philus
1299 2313 1448 2348 Ecclefiae
1458 2315 1838 2360 Constantinopolitanae
1848 2319 2024 2354 Diaconus
2034 2321 2071 2355 δε

1176 2363 1406 2409 Scevophylax
1420 2378 1430 2398 .·
1459 2366 1593 2407 ‚Quando
1611 2375 1765 2409 promotus
1782 2368 1848 2412 sum
1871 2395 1881 2410 ,
1908 2375 2014 2404 invem·
2033 2374 2072 2405 ἢ·-

1176 2414 1262 2448 hrum
1279 2414 1464 2455 constantini
1477 2414 1716 2458 chartophylacis
1734 2426 1930 2454 continentem
1957 2422 1995 2455 de
2017 2432 2073 2454 ve-

1175 2464 1357 2498 nerabilibus
1375 2468 1468 2498 Iconts
1490 2489 1501 2505 ,
1526 2466 1560 2498 (τ
1578 2469 1741 2502 reciderunt
1764 2469 1842 2512 folia
1866 2494 1879 2511 ‚
1905 2477 1939 2503 in
1960 2471 2069 2513 quibus

1168 2514 1312 2557 jacebant
1325 2512 1420 2549 verba
1421 2513 1512 2558 super
1523 2522 1615 2552 iconis
1626 2530 1642 2559 ;
1669 2521 1704 2553 ὁ·
1713 2529 1773 2554 ecce
1783 2521 1921 2555 eumdem
1941 2522 2070 2554 codicem

1170 2573 1238 2608 prae
1252 2565 1393 2599 manibus
1405 2564 1519 2599 babens
1535 2565 1653 2610 sanda
1681 2571 1790 2608 synodo
1801 2569 1934 2610 ostendo.
1963 2569 2069 2605 Addi-

1174 2617 1224 2650 dit
1236 2615 1398 2650 Leontius
1423 2614 1560 2651 devotus
1580 2618 1598 2652 ὲ
1620 2618 1772 2654 Secretis.
1799 2623 1845 2653 Et
1863 2621 1948 2653 aliud
1969 2642 1980 2658 ‚
2007 2623 2068 2652 Pa-

1173 2673 1234 2699 tres
1246 2690 1256 2707 ‚
1282 2667 1453 2700 narrandum
1461 2666 1499 2708 est
1509 2671 1542 2699 in
1553 2669 1647 2702 codice
1659 2669 1710 2703 hoc
1722 2695 1729 2703 .
1762 2674 1800 2703 Ut
1822 2672 1937 2705 videtis
1963 2675 2043 2703 em'm
2054 2694 2069 2711 ,

1173 2724 1329 2760 argenteas
1351 2715 1472 2750 tabulas
1495 2716 1587 2755 habet
1605 2743 1616 2759 ‚
1640 2720 1676 2753 Θ
1695 2719 1765 2757 binc
1790 2720 1863 2753 inde
1882 2719 2063 2763 imaginibus·

1173 2766 1346 2801 sannorum
1368 2769 1536 2802 adornatur
1548 2791 1555 2801 .
1584 2772 1631 2804 Et
1649 2781 1713 2805 rem
1740 2768 1838 2812 ipfiaem
1852 2771 2064 2813 dimittentes,

1173 2818 1209 2849 id
1220 2816 1278 2858 est,
1304 2823 1474 2861 imagines,
1500 2829 1568 2862 quae
1578 2818 1698 2862 firipta.
1712 2821 1794 2853 intas
1818 2821 1856 2854 de
1880 2822 2064 2864 imaginibusv

1171 2876 1260 2900 erant
1276 2869 1441 2903 reciderunt
1452 2881 1463 2903 .·
1487 2869 1582 2912 ,Quod
1598 2880 1739 2905 extremae
1759 2871 1914 2905 dementiae
1926 2871 1965 2905 eff
1980 2896 1988 2904 .
2015 2870 2062 2907 Et

1171 2916 1243 2952 Leo
1254 2916 1663 2963 PhocienfisEpiscopus:
1692 2922 1875 2963 Hirquidem
1885 2922 1988 2955 Codex
2009 2920 2063 2963 fo-

1171 2968 1214 3001 lia
1228 2970 1368 3010 perdidit
1391 2981 1401 3012 ;
1429 2973 1464 3002 in
1480 2973 1605 3003 civitate
1628 2978 1728 3003 autem
1750 2994 1764 3011 ,
1789 2976 1822 3006 in
1846 2982 1907 3015 qua
1932 2971 2063 3013 habito,

1165 3016 1262 3060 supra
1283 3024 1414 3063 triginta
1430 3019 1553 3054 Codices
1574 3019 1782 3064 combusserunt
1794 3027 1860 3066 igni
1876 3048 1884 3056 .
1909 3022 2058 3058 Demon-

1170 3067 1274 3103 stratae
1293 3069 1368 3105 sunt
1381 3069 1658 3112 plureseorumin
1681 3070 1889 3107 orthodoxos
1913 3071 2058 3110 Codices

1171 3117 1293 3161 injurias
1314 3142 1326 3158 ,
1352 3118 1521 3161 edixitque
1540 3119 1646 3157 sancta
1668 3120 1822 3165 Synodus
1850 3135 1858 3156 z
1885 3121 2053 3161 Anarbemfa

1170 3174 1221 3211 qui
1242 3169 1424 3208 recideram,
1448 3168 1483 3205 <st
1505 3167 1638 3211 insidiati
1657 3169 1755 3214 sunt..

1219 3217 1379 3254 Prodicus
1389 3227 1461 3252 tum
1480 3217 1664 3263 Stephanus
1685 3222 1888 3265 monachus,
1914 3223 2053 3259 Patriar-

1167 3266 1271 3303 chalis
1281 3265 1493 3306 Bibliothecae
1507 3269 1635 3313 custos,
1660 3273 1902 3313 seuduodecim
1927 3276 2054 3309 Doc'to«

1167 3328 1262 3359 rum,
1290 3315 1906 3359 Bibliothecamistammmstamino
1931 3326 1963 3358 δε
1987 3321 2049 3354 Ire-

1168 3378 1210 3401 ne
1230 3367 1409 3404 restitutam
1431 3368 1683 3407 custodientium
1708 3385 1791 3408 unus
1814 3398 1824 3414 ,
1850 3374 1935 3406 dixit
1966 3382 1974 3400 :
1999 3373 2050 3404 Er

1168 3420 1241 3454 alios
1262 3419 1372 3452 codices
1395 3417 1538 3454 babemus
1559 3422 1597 3456 de
1617 3421 1704 3466 causa
1719 3422 1875 3467 sacrarum
1885 3423 2050 3462 imaginum

1168 3467 1256 3515 usque
1270 3470 1314 3506 ad
1321 3470 1512 3515 quindecim,
1540 3472 1766 3558 &gatauhun
1797 3467 2047 3554 Reposugussan-

1704 3533 1727 3561 2
1935 3554 1937 3557 ,
