2340 3762
62 1570 126 1601 La.
148 1575 192 1600 c.1
200 1578 223 1599 1.

59 1801 129 1836 1.7‚
148 1810 203 1836 c.7.

58 1990 137 2034 Cap.
151 1995 180 2024 x:

54 3271 142 3311 Epist.
163 3282 207 3305 xo.

672 145 742 181 na
775 151 1010 183 oei-ava
1043 136 1288 182 Sinone
1322 133 1668 184 Canariam.

253 219 370 265 posuit.
395 200 935 263 &hotianumSchismaabjurans,
960 219 995 253 δε
1010 218 1133 253 Roma·

254 281 339 305 num
350 270 536 312 supremum
553 281 593 304 ac
604 269 816 305 universalem
836 268 1019 304 Primatum
1042 267 1136 313 profi-

252 327 328 354 tens
349 318 480 353 libellus
492 342 503 359 ,
529 319 675 354 aSanao
696 319 842 355 Nicolao
859 317 1023 353 Pontifiee
1042 329 1131 353 com-

251 369 395 414 positus,
421 369 486 403 sine
496 370 587 411 cujus
595 370 723 404 solenni
741 368 934 406 admissione
954 368 1132 403 &subscri-

251 419 372 463 ptione
395 417 561 453 Adrianus
582 418 737 455 Pontifex
759 419 887 454 nullum
899 418 1133 453 Constantino-

250 467 407 513 politanae
429 468 606 503 dioeceseos
622 470 979 515 Episcopumsanxetat
991 479 1132 512 accepta-

248 517 281 553 ri
296 518 338 553 ad
351 518 518 561 Synodale
530 519 717 564 suffragium
737 521 772 554 δε
783 519 982 555 consessum.
1008 523 1054 552 Et
1062 524 1134 552 acci-

246 572 337 611 piens
345 580 411 602 eum
422 571 591 602 Damianus
601 571 848 610 reverendissimus
858 575 1049 612 Imperatoris
1063 570 1129 602 Cle-

248 622 331 651 ricus
353 619 390 653 (ν
401 623 546 660 interpres
554 620 733 661 praediffum
742 621 872 654 libellum
885 621 954 663 legit
962 621 1058 653 latin?
1068 630 1118 651 ma
1124 637 1132 642 -

244 678 310 710 gna
332 678 400 701 voce
420 675 453 700 in
465 671 649 703 audientiam
672 677 798 703 omnium
811 695 818 702 .
845 669 958 712 Etpost
979 669 1129 703 leHionem

246 716 343 750 libelli
362 717 546 760 adsi-endem
559 719 725 762 Stephanus
741 723 803 753 Deo
821 720 963 753 amabms
976 723 1124 752 Diaconus

249 766 287 800 ά·
305 767 433 802 devotus
453 773 604 803 Notarius
625 773 698 813 legit
716 772 841 804 eundem
859 770 992 804 libellum
1008 770 1106 813 graece
1123 791 1130 798 -

247 815 373 851 Nullus
384 828 493 861 praeter
505 818 675 853 Romanos
687 820 829 863 Legatos
839 829 907 854 erat
923 820 993 852 istic
1007 817 1127 852 latinus

246 862 453 910 Episcopus,
479 869 628 902 &tamen
641 869 781 910 primum
789 868 891 902 latine
907 867 1037 900 libellus
1049 866 1128 910 legi-

243 923 301 948 tur
310 927 353 949 ex
362 917 500 957 antiquo
518 917 730 956 synodorum
754 918 812 949 usu
834 926 964 959 propter
985 926 1126 949 reveren-

243 963 328 997 tiam
353 963 503 998 Ecclesiae
523 964 701 1000 Romanae.
728 966 778 1000 Ita
800 965 954 1001 damnata
975 965 1039 999 fuit
1061 965 1127 998 Mi-

243 1010 370 1048 chaelis
386 1012 526 1058 Augusti
538 1015 684 1059 Epistola
697 1039 708 1056 ‚
735 1027 797 1059 qua
808 1015 849 1051 ad
859 1015 1012 1050 Sanstum
1027 1015 1128 1048 Nico-

243 1062 335 1096 laum
356 1062 556 1098 Pontificem
590 1077 646 1109 per
665 1062 779 1099 Photii
802 1077 936 1100 manum
966 1066 1128 1109 scripserat

242 1112 396 1157 linguam
425 1114 561 1149 latinam
582 1118 646 1151 esse
668 1115 842 1151 Barbaram
860 1116 895 1149 &
916 1113 1125 1159 Schyticam.

243 1160 294 1196 Et
303 1162 423 1196 lestum
434 1162 582 1200 libellum
600 1165 745 1201 fuiffeab
759 1167 852 1201 omni
877 1166 1014 1209 Synodo
1037 1176 1128 1200 com-

240 1211 419 1257 probatum
429 1213 474 1247 est
492 1216 635 1258 superius
648 1217 811 1251 ostensum
824 1242 832 1250 .

294 1261 352 1295 An
367 1262 455 1299 solus
465 1263 531 1299 sine
541 1267 685 1310 generali
707 1267 846 1309 Synodo
858 1267 1032 1302 Romanus
1054 1266 1128 1310 Epi—

239 1309 358 1355 scopus
379 1313 414 1348 in
423 1314 615 1351 decidendis
634 1316 712 1351 fidei
726 1316 918 1352 Christianae
940 1317 1126 1361 quaestioni-

235 1358 306 1394 bus
316 1362 355 1397 fit
365 1374 407 1397 ex
416 1365 543 1408 speciali
556 1367 694 1410 Spiritus
706 1368 812 1402 Sancti
823 1368 1007 1402 adfistentia
1018 1368 1123 1411 Judex

238 1408 430 1447 infallibilis
441 1438 453 1455 ,
477 1416 524 1449 est
542 1416 627 1451 inter
638 1415 779 1451 Latinos
802 1418 835 1451 &
847 1419 978 1452 Graecos
990 1428 1124 1452 conten-

238 1459 293 1494 tio
303 1462 438 1506 antiqua
453 1488 460 1495 .
488 1465 685 1499 Latinorum
695 1467 820 1499 sensum
831 1467 939 1500 lucide
955 1466 1043 1509 apud
1053 1467 1123 1509 Syl-

236 1509 382 1545 vestrum
407 1512 628 1556 Sguropulum
644 1515 782 1558 exponit
808 1514 966 1559 Iosephus
987 1516 1121 1550 Patriar·

237 1557 302 1593 cha
315 1559 717 1605 constantinopolitanus:
751 1563 849 1598 Nobis
865 1570 972 1600 Latini
986 1566 1024 1599 ab
1037 1571 1122 1599 initio

237 1607 480 1651 «asseverarunt,
503 1614 654 1654 quidquid
656 1621 714 1654 per
727 1611 762 1655 se
779 1612 859 1656 solus
882 1618 970 1657 Papa
991 1616 1122 1648 decernit

239 1661 287 1691 ita
293 1659 415 1701 firmum
427 1660 464 1693 ab
476 1661 608 1696 omnibus
618 1668 714 1706 excissi
724 1686 735 1703 ‚
761 1674 797 1696 ac
811 1663 844 1705 fi
854 1664 891 1697 ab
902 1663 963 1708 ipso
987 1668 1049 1699 Deo
1053 1673 1121 1707 pro-

239 1708 402 1753 mulgatum
421 1710 549 1747 bumana
563 1718 670 1759 generi
684 1714 884 1758 promanasset
895 1741 902 1748 .
932 1715 1120 1750 Graecorum

237 1757 367 1794 sensum
378 1760 502 1798 ibidem
514 1767 653 1807 exponit
666 1766 808 1808 Joannes
821 1765 1026 1809 Palaeologus
1037 1766 1120 1808 ipso·

236 1817 311 1842 rum
322 1810 520 1855 Imperator:
548 1814 701 1857 Definiant
713 1818 821 1849 Latini
832 1821 912 1849 inter
928 1814 961 1858 sc
973 1816 1122 1856 quidquid

235 1859 335 1891 ”mm
345 1883 357 1899 2
382 1871 418 1894 dt
427 1864 560 1906 definitio
575 1867 715 1904 synodica
726 1877 784 1899 non
793 1865 908 1899 valebit
919 1889 930 1904 ,
956 1875 1048 1905 quam
1069 1874 1118 1906 ego

234 1907 444 1951 dumtaxatfic
452 1914 581 1957 intelligo
597 1937 609 1954 ,
633 1925 669 1948 ut
690 1914 834 1958 easolafit
855 1914 993 1954 synodica
1013 1912 1116 1955 defini-

235 1960 299 1998 tio,
324 1961 445 2002 quando
454 1969 581 2006 utraque
588 1971 668 2005 pars
681 1989 692 2006 ,
717 1965 752 1998 ὃ(
763 1964 881 1998 Latina
892 1965 926 1998 &
937 1964 1046 1997 Graeca
1057 1962 1116 1995 Ec-

233 2006 330 2041 clesia
354 2033 365 2049 ‚
389 2015 423 2041 in
441 2021 533 2043 unum
554 2015 688 2055 idemque
706 2012 907 2056 consenserint
922 2039 930 2046 .
956 2012 1114 2046 Eamdem

231 2056 444 2098 quaestionem
466 2060 641 2095 Florentiae
666 2062 751 2103 apud
772 2063 890 2096 suosin
904 2063 1055 2096 oratione
1075 2061 1116 2096 de

231 2106 428 2150 complenda
440 2107 652 2145 Ecclesiarum
675 2120 752 2154 pace
781 2111 925 2146 tranavit
948 2111 982 2145 in
995 2122 1114 2145 utram·

230 2166 296 2199 que
315 2167 438 2199 partem
461 2181 471 2197 ‚
496 2171 534 2194 ac
556 2160 734 2196 indecisam
759 2160 888 2205 reliquit
923 2160 1114 2195 venerabilis

230 2204 400 2241 Bessarion
423 2207 639 2253 Metropolita
680 2211 838 2247 Nicaeuus
859 2235 867 2243 .
905 2211 1112 2254 Opinionem

229 2255 339 2290 Graeci
360 2255 534 2294 hauserunt
559 2260 706 2296 &Sancto
718 2261 913 2295 Firmiliano
932 2261 1112 2295 Caesareen-

227 2304 311 2339 sium
331 2305 366 2340 in
389 2307 600 2352 Cappadocia
622 2309 727 2345 Archi
740 2311 904 2355 Episcopo
917 2335 927 2351 ,
953 2310 1112 2345 clamante

227 2364 285 2398 per
301 2355 452 2391 Sandium
480 2358 679 2403 Stephanum
693 2360 892 2395 Pontificem
906 2385 916 2401 ‚
942 2360 1055 2394 datum
1077 2360 1108 2393 in

228 2403 334 2439 haerefi
356 2406 522 2452 Baptisma
545 2409 760 2446 stabilientem
786 2411 935 2445 adversus
958 2412 1108 2445 Sanctum

229 2453 462 2498 Cyprianum,
487 2459 791 2495 laediChristianum
823 2461 966 2506 dogma,
993 2464 1038 2493 Et
1060 2463 1110 2493 Pe-

229 2512 311 2536 trum
336 2516 371 2538 ac
392 2508 541 2548 Paulum,
568 2512 681 2545 Beatos
702 2510 845 2554 Apostolos
857 2535 867 2551 ‚
893 2510 977 2554 qued?
992 2510 1043 2543 boc
1062 2508 1116 2551 ipfi

229 2554 436 2597 tradiderint,
463 2558 627 2598 infamari.
659 2560 802 2595 Addidit
822 2561 863 2595 de
885 2561 1037 2596 Romana
1050 2560 1109 2593 Ec-

227 2601 340 2637 clesia:
370 2609 455 2646 Eos,
481 2614 532 2650 qui
559 2609 763 2654 Romaesicnt‚
788 2622 846 2644 non
874 2623 910 2644 ea
933 2618 966 2644 in
978 2610 1109 2643 omnibus

227 2650 383 2694 observare
402 2667 470 2698 quae
484 2656 560 2700 sunt
580 2660 620 2693 ab
645 2665 754 2704 origine
776 2662 894 2693 tradita
907 2685 917 2700 ,
943 2662 977 2694 <⁰5
990 2659 1107 2701 frustra

227 2702 422 2743 Apostolorum
441 2707 648 2743 auc‘loritatem
665 2711 873 2752 praetendere,
893 2709 970 2754 scire
988 2715 1057 2752 quis
1068 2718 1107 2743 er-

229 2754 291 2783 iam
301 2754 372 2787 inde*
376 2756 469 2796 potest
478 2782 489 2798 ,
514 2761 596 2800 quad
603 2766 680 2792 circa
690 2761 877 2794 celebrandos
887 2762 952 2794 dies
963 2758 1086 2803 Paftbae
1095 2784 1105 2800 ,

227 2800 262 2832 ὁ*
282 2806 358 2835 circa
378 2807 471 2839 multa
493 2809 556 2840 alia
571 2812 697 2842 Divinae
720 2816 762 2844 rei
781 2812 973 2844 Sacramenta
1000 2811 1105 2844 videat

227 2851 313 2891 “pud
321 2852 382 2884 illos
392 2855 442 2897 effe
451 2857 572 2900 aliquas
583 2858 772 2894 diversitates
785 2884 796 2900 ,
823 2872 875 2893 nec
885 2858 1036 2903 observari
1046 2860 1104 2892 illic

228 2905 329 2932 omnia
346 2906 502 2944 equaliter
523 2931 533 2948 ,
575 2920 643 2951 quae
663 2911 859 2953 Hierosolymis
884 2909 1076 2953 observantur
1098 2933 1103 2939 .

228 2947 417 2985 Romanam
429 2954 600 2991 Ecclesiam
613 2983 623 2999 ,
650 2958 737 3003 quod
751 2969 825 2993 cum
839 2959 952 3001 Judaeis
975 2971 1042 2992 non
1054 2970 1101 2993 ce-

226 2996 359 3034 lebraret
373 3001 497 3038 Pascha
514 3030 524 3045 ‚
551 3010 648 3051 garrit
657 3008 699 3043 ab
713 3008 906 3052 Apostolica
924 3009 1101 3042 traditione

225 3048 371 3085 deviasse.
399 3051 443 3086 Et
455 3054 650 3092 Firmiliano
661 3059 800 3093 nimium
813 3058 973 3093 adhaerens
984 3058 1100 3091 succes-

223 3100 275 3131 ΕΜ·
288 3101 420 3135 Sanetus
431 3102 566 3139 Basilius
577 3106 617 3141 de
627 3107 896 3143 occidentalibus
908 3108 1075 3152 Episcopis
1088 3133 1097 3148 ‚

223 3148 422 3185 Marcellum
433 3151 575 3197 Ancyra*¹
588 3156 622 3189 in
632 3157 732 3199 prima
754 3158 884 3191 Galatia
905 3158 1101 3201 Metropoli-

223 3206 292 3232 tam
303 3200 320 3233 a
331 3201 508 3236 Sardicensi
522 3204 660 3248 Synodo
673 3217 846 3252 purgatum
866 3208 1019 3242 damnare
1041 3217 1097 3241 no·

224 3247 365 3284 lentibus
374 3276 385 3292 ‚
411 3252 520 3287 scribit
532 3255 571 3288 ad
583 3256 735 3290 Sandium
749 3257 943 3301 Gregorium
955 3256 1095 3290 Nazian-

225 3307 362 3333 zenum:
390 3306 552 3337 Veritatem
562 3316 654 3348 neque
664 3313 789 3345 norunt,
815 3317 905 3348 neque
925 3305 1032 3348 discen
1046 3304 1094 3348 su-

220 3345 330 3386 stinent
338 3375 348 3392 ,
375 3352 478 3385 versem
484 3353 573 3395 falfis
586 3355 766 3398 opinionibus
771 3357 934 3398 praepediti
956 3356 1009 3387 illa
1019 3367 1095 3389 nunc

218 3395 357 3440 faciunt,
384 3412 451 3443 quae
471 3404 556 3445 prins
577 3410 610 3438 in
629 3407 764 3439 Marcello
780 3414 970 3449 patrarunt,
996 3415 1096 3448 nempe

320 3449 520 3498 Ghrffl.1.upi
532 3458 620 3499 oper.
633 3458 765 3490 Tem-111.

1910 152 1998 199 371

1189 226 1252 249 cum
1274 220 1313 249 iis
1337 241 1348 257 ,
1372 221 1423 259 qui
1441 218 1601 251 veritatem
1620 218 1688 259 ipfis
1714 221 1901 262 adnunciant
1922 246 1935 261 ‚
1959 228 2075 255 conten<

1189 269 1315 306 dentes,
1341 266 1461 307 baerefin
1484 274 1583 300 autem
1601 274 1658 308 per
1678 267 1846 313 Jinoetipfhs
1864 269 2070 310 stabilientes.

1190 316 1314 350 Eadem
1331 317 1401 350 fieri
1423 315 1516 351 addit
1536 315 1579 350 ab
1596 326 1694 350 eorum
1717 319 1908 361 Antefignano
1933 320 1988 354 seu
2010 318 2071 354 Pa-

1189 365 1326 400 triarcha
1347 391 1358 408 ‚
1384 367 1498 410 utique
1516 365 1680 400 Pontifice
1704 363 1860 401 Romano
1880 394 1887 400 .
1924 370 1968 404 Et
1994 367 2072 404 hinc

1188 416 1335 459 Julianus
1347 416 1522 459 Capuanus
1534 416 1713 460 Episcopus
1729 438 1740 456 ,
1763 415 1945 461 Pelagianae
1971 417 2069 454 haere-

1188 466 1255 500 scos
1276 466 1294 499 a
1317 466 1383 500 sola
1396 466 1548 500 Romana
1573 466 1715 501 Ecclesia
1734 465 1895 500 damnatas
1910 466 2071 501 resuscita.-

1187 525 1260 555 tor,
1285 516 1448 555 Goliath,
1474 516 1623 560 signifer,
1651 516 1685 549 δε
1707 515 1928 559 tympanista,
1954 515 2003 549 uti
2031 516 2073 550 ad

1186 566 1372 610 generalem
1384 565 1559 610 appellavit
1582 564 1776 608 Synodum,
1802 566 1846 600 ita
1875 566 1910 601 &
1932 565 1973 599 ad
1984 565 2075 600 Grae-

1186 626 1242 649 cos
1253 616 1403 650 Ecclefiae
1413 615 1543 655 Patres,
1573 613 1662 659 quod
1679 626 1796 659 nempe
1805 627 1923 650 eorum
1935 614 2072 659 quidam

1188 664 1375 700 Romanam
1387 666 1562 700 Ecclesiam
1574 676 1644 699 non
1665 665 1729 699 esse
1752 665 1961 700 infallibilem
1975 663 2069 699 Chri-

1187 714 1362 749 stianarum
1372 715 1588 759 quaestionum
1598 714 1743 759 judicem
1756 715 1963 750 adfirmarent
1972 741 1979 748 .
2005 715 2070 749 Re>

1187 765 1293 806 posuit
1304 766 1380 799 vero
1391 767 1425 799 in
1438 776 1534 808 opere
1545 766 1685 809 perfeeto
1695 765 1829 799 Sanctus
1845 764 2072 811 Augustinus:
2092 782 2122 812 L·
2130 793 2154 813 ι,
2164 789 2224 818 c-4·

1188 818 1259 846 Non
1270 813 1307 854 est
1317 839 1328 856 ,
1354 817 1436 857 quod
1440 823 1580 857 provoces
1593 816 1639 849 ad
1646 819 1780 850 Orientis
1792 815 1947 855 Antistius
1960 840 1972 856 ,
1998 820 2073 858 quia

1186 863 1219 894 Θ
1244 863 1300 906 ipfi
1315 871 1417 907 utique
1441 864 1602 906 christiani
1616 863 1688 906 sunt
1709 890 1721 906 ,
1745 866 1781 899 6·
1799 864 1949 908 utriusque
1966 870 2071 906 partis

1185 915 1421 956 terrarumfides
1431 915 1485 955 ista
1495 926 1556 947 una
1574 914 1633 956 est,
1660 920 1731 959 quia
1756 916 1790 949 Θ
1801 914 1878 957 fides
1907 914 1961 954 ista
1983 914 2074 947 cbri-

1180 960 1282 1000 stiana
1293 962 1332 1002 est
1343 987 1349 994 .
1378 967 1424 996 Et
1435 973 1463 997 te
1473 967 1547 999 certe*
1557 967 1758 999 Occidentalis
1780 974 1863 999 terra
1886 972 2047 1010 generavit
2060 989 2072 1005 ,

1186 1013 1382 1046 Occidentalis
1394 1021 1579 1057 regeneravit
1588 1015 1731 1056 Ecclefia.
1758 1015 1838 1050 Hoc
1849 1015 1894 1049 est
1911 1040 1922 1056 ,
1947 1015 1989 1049 de
2004 1015 2072 1048 Ro-

1189 1073 1284 1095 mana
1306 1062 1436 1097 credere
1463 1073 1495 1097 te
1509 1073 1640 1107 oportet
1652 1063 1793 1098 Ecclesia
1808 1089 1819 1103 ,
1845 1064 1934 1108 quod
1966 1064 2071 1098 credit

1185 1112 1294 1145 omnis
1305 1112 1529 1147 Occidentalis
1542 1137 1554 1153 ‚
1578 1111 1712 1147 credens
1729 1111 1819 1146 illam
1844 1114 1906 1146 esse
1927 1113 2071 1157 judicem

1187 1160 1415 1203 infallibilem,
1439 1162 1632 1197 &damnati
1645 1160 1763 1206 abipsa
1780 1160 1952 1206 dogmatis
1979 1164 2075 1196 sedia-

1187 1211 1311 1246 toribus
1320 1212 1445 1246 nullam
1457 1212 1685 1256 postulandam
1696 1212 1882 1256 generalem
1897 1212 2072 1256 Synodum

1187 1272 1242 1296 aut
1252 1261 1351 1296 aliam
1361 1261 1562 1297 audientiam
1577 1288 1588 1303 ‚
1615 1262 1669 1296 sed
1684 1263 1787 1296 solam
1798 1263 1953 1306 superesse
1967 1264 2071 1305 poeni-

1187 1313 1323 1346 tentiam
1338 1310 1506 1357 agendam.
1533 1313 1740 1359 Qapropter
1753 1324 1821 1347 non
1834 1313 1990 1348 miremur
2001 1312 2070 1347 Ro-

1189 1373 1302 1397 manos
1314 1363 1349 1396 in
1362 1362 1423 1397 hac
1433 1362 1725 1407 Synodochatos
1736 1375 1795 1407 pro
1806 1363 1852 1396 sui
1864 1362 1966 1398 libelli
1978 1373 2071 1397 com-

1188 1412 1381 1457 probatione
1402 1412 1566 1446 strenuum
1591 1411 1674 1446 adeo
1699 1411 1857 1446 laborasse
1879 1437 1886 1444 .
1915 1412 2070 1447 Latinam

1186 1462 1335 1497 adversus
1346 1462 1506 1507 quosdam
1519 1462 1651 1495 Graecos
1661 1461 1702 1494 de
1715 1461 1777 1495 hac
1788 1463 1933 1504 suprema
1946 1461 2070 1497 Roma-

1186 1524 1234 1546 nae
1247 1513 1397 1548 Ecclefiae
1409 1511 1570 1558 dignitate
1582 1511 1775 1546 sententiam
1787 1510 1917 1545 libellus
1940 1512 2070 1555 profite-

1186 1562 1303 1596 batur':
1335 1563 1477 1605 Fuitque
1489 1561 1629 1597 omnind
1648 1560 1666 1593 a
1680 1561 1775 1605 plena
1799 1561 1938 1604 Synodo
1956 1562 1992 1595 in
2006 1561 2070 1596 Ca*

1186 1621 1308 1645 nonem
1318 1612 1470 1646 admissus
1481 1637 1488 1644 .
1517 1613 1560 1646 Et
1570 1612 1638 1654 jure
1649 1610 1776 1646 merito.
1805 1609 1896 1645 Nam
1909 1610 2069 1656 quidquid

1184 1662 1316 1696 Sanaus
1328 1662 1537 1696 Firmilianus
1547 1685 1557 1700 ,
1567 1662 1698 1695 Saucius
1709 1661 1842 1696 Basilius
1856 1685 1866 1701 ‚
1886 1662 1920 1695 δε
1932 1662 2068 1706 quidam

1183 1712 1239 1745 alii
1252 1713 1438 1747 Graecorum
1451 1712 1561 1746 Patres
1579 1711 1729 1745 adversus
1751 1712 1950 1756 dignitatem
1973 1712 2068 1747 istam

1182 1773 1224 1795 ex
1235 1761 1385 1796 humano
1396 1762 1508 1805 spiritu
1520 1762 1718 1804 quandoque
1730 1771 1904 1794 moverunt
1918 1785 1928 1800 ,
1955 1762 2067 1795 omnis

1182 1810 1391 1852 postmodum
1405 1812 1504 1844 etiam
1517 1809 1697 1843 Orientalis
1712 1809 1853 1843 Ecclesia
1879 1810 2065 1846 exsufflavit

1182 1858 1216 1893 &
1229 1858 1399 1894 damnavit
1411 1883 1422 1899 ,
1434 1859 1654 1904 veriffimeque
1667 1860 1707 1893 de
1718 1860 1856 1894 Domini
1871 1861 1912 1895 ad
1928 1860 2064 1895 Petrum

1182 1906 1380 1950 Apostolum
1395 1908 1520 1948 verbis,
1546 1913 1590 1941 Tu
1611 1922 1643 1942 es
1669 1913 1800 1951 Petrus,
1829 1912 1863 1944 (9
1881 1909 1973 1954 super
1986 1910 2064 1945 bane

1181 1958 1304 1990 Petram
1316 1956 1467 1998 aedifi‘mbo
1486 1958 1642 1999 Ecclesium
1667 1971 1763 1992 meam
1774 1982 1784 1997 ‚
1812 1960 1894 1993 dicit
1906 1961 2038 1995 libellus
2051 1976 2062 1994 .-

1180 2011 1254 2040 Haec
1271 2032 1281 2048 ,
1306 2019 1373 2050 quae
1387 2006 1566 2050 diHasunt,
1593 2019 1693 2040 rerum
1700 2009 1868 2050 probantur
1891 2010 2060 2051 effec‘libus,

1179 2062 1250 2098 quia
1259 2063 1292 2090 in
1304 2059 1373 2091 Sede
1386 2057 1540 2099 Apostolicae
1550 2057 1587 2098 est
1597 2059 1786 2091 immaculata
1812 2058 1930 2102 semper·
1951 2060 2062 2094 Catho-

1176 2106 1234 2139 lica
1246 2105 1399 2150 reservata
1408 2109 1517 2150 Religio
1528 2130 1538 2146 ‚
1563 2109 1597 2141 et
1620 2106 1726 2150 fandila
1736 2108 1882 2142 celebrata
1903 2110 2057 2144 doHrina.

1179 2156 1303 2191 Revera
1314 2158 1404 2192 enirn
1418 2157 1595 2191 Ecclesiam
1613 2158 1705 2191 istam
1731 2170 1769 2193 ac
1779 2159 1846 2201 ejus
1857 2159 2057 2195 Cathedram

1178 2206 1285 2240 nullus
1294 2218 1438 2252 unquam
1452 2205 1616 2241 haereticus
1628 2207 1745 2242 insedit
1760 2210 1958 2253 Episcopus,
1987 2211 2057 2245 nul·

1177 2257 1244 2290 lum
1273 2258 1434 2301 leprosum
1457 2257 1787 2301 dogmamaculavit.
1820 2260 1986 2306 roirca
1999 2261 2055 2304 qui

1175 2303 1274 2341 hodie
1286 2306 1445 2341 vetustum
1467 2307 1683 2350 quorumdam
1703 2309 1889 2343 Graecorum
1912 2321 2053 2344 errorem

1178 2356 1208 2389 in
1224 2357 1378 2391 Latinam
1390 2355 1566 2401 Ecclesiam
1587 2357 1767 2393 moliuntur
1787 2358 1952 2393 intrudere
1964 2385 1974 2401 ,
2001 2361 2054 2404 Ju-

1174 2406 1451 2451 lianistasagunt,
1478 2417 1678 2451 caveantque
1700 2418 1737 2442 ut
1757 2420 1824 2443 non
1846 2411 2052 2453 praevaricen—

1172 2466 1223 2489 tur
1234 2457 1406 2499 Synodum
1417 2458 1582 2490 ostavam.
1610 2457 1648 2491 In
1673 2457 1788 2493 Photii
1812 2460 1961 2493 adversus
1985 2460 2051 2494 Ro-

1172 2517 1302 2540 manam
1330 2506 1504 2541 Ecclesiam
1516 2507 1697 2543 calumnias
1717 2509 1780 2543 fuit
1791 2510 1990 2553 compositus
2015 2510 2050 2543 li·

1171 2555 1288 2590 bellus.

1218 2606 1259 2638 Ei
1272 2618 1326 2650 per
1338 2608 1450 2642 omnia
1474 2609 1537 2642 sese
1551 2608 1750 2644 concordare
1769 2609 1924 2644 dixerunt
1945 2609 2045 2644 etiam

1169 2655 1292 2689 sedium
1304 2657 1524 2691 Orientalium
1537 2658 1677 2703 Legati,
1703 2660 1737 2693 &
1750 2659 1923 2692 addidere:
1951 2663 2046 2702 Legna

1168 2714 1215 2738 tur
1241 2707 1274 2738 (ν
1284 2707 1415 2748 definitIo
1429 2730 1439 2746 ,
1464 2718 1531 2750 quae
1540 2707 1586 2741 bic
1596 2711 1616 2740 ἃ
1629 2710 1710 2742 nobis
1721 2707 1848 2750 expofita
1871 2707 1909 2748 est
1920 2733 1931 2749 ,
1956 2712 2043 2750 cujus

1167 2754 1343 2798 &superins
1363 2762 1539 2791 mentionem
1553 2758 1680 2800 fecimus
1693 2782 1703 2798 ,
1729 2768 1762 2791 ut
1783 2754 1956 2801 cognoscatis
1977 2771 2043 2792 con-

1164 2807 1292 2838 cordiam
1302 2805 1444 2847 nestram.
1472 2807 1619 2842 Laudata
1646 2807 1788 2851 superius
1813 2807 1846 2840 &
1866 2808 2040 2851 explanata

1164 2854 1327 2890 Definitio
1340 2880 1350 2897 ,
1377 2868 1439 2900 qua
1454 2857 1569 2902 Legati
1581 2857 1632 2890 isti
1643 2859 1684 2892 de
1696 2858 1795 2902 longa
1809 2857 2039 2893 Romanorum

1164 2905 1363 2950 Legatorum
1375 2918 1466 2940 mora
1477 2907 1597 2941 adflisti
1608 2932 1619 2947 ,
1644 2908 1678 2941 ἀ
1698 2908 1738 2941 ad
1753 2908 1878 2951 propria
1892 2907 1937 2942 ob
1950 2907 2038 2954 Aga·

1160 2965 1312 2989 tenorum
1339 2967 1463 2991 metum
1483 2968 1650 3000 properare
1669 2958 1773 2991 coacti
1797 2981 1808 2997 ‚
1838 2958 1950 2991 omnia
1979 2970 2036 3001 pro

1159 3004 1276 3039 Sancto
1302 3007 1434 3050 ignatio
1472 3007 1503 3039 in
1532 3004 1691 3040 Photium
1719 3007 1853 3041 Nicolai
1881 3009 1975 3051 primi
2000 3009 2035 3042 ὃς

1159 3054 1299 3089 Adriani
1311 3057 1441 3090 secundi
1454 3055 1656 3091 Pontificum
1667 3057 1806 3091 Decreta
1832 3068 1868 3090 ac
1882 3057 2034 3093 mandata

1158 3102 1366 3139 discurrerant
1379 3129 1390 3145 ‚
1416 3105 1607 3148 probaram,
1633 3108 1666 3141 &
1679 3107 1865 3141 executioni
1878 3109 1955 3142 citra
1965 3119 2034 3142 mo·

1158 3165 1223 3187 ram
1246 3155 1428 3188 mandanda
1440 3155 1640 3198 judicarant.
1668 3156 1743 3191 Hac
1754 3158 1957 3200 expositione
1979 3158 2033 3191 de-

1155 3214 1319 3238 creverant
1347 3205 1488 3238 futuram
1515 3206 1579 3240 sine
1600 3208 1654 3240 sua
1682 3209 1841 3250 praesentia
1857 3205 2027 3249 Synodum

1156 3254 1310 3290 instruere
1323 3278 1332 3294 ,
1357 3265 1395 3287 ac
1406 3255 1462 3297 ipsi
1476 3255 1588 3290 saltem
1599 3267 1656 3299 per
1676 3257 1750 3292 istas
1772 3258 1892 3291 litteras
1903 3257 2004 3290 adem:
2015 3280 2024 3288 .

1156 3301 1277 3337 Verum
1289 3304 1420 3337 excusso
1432 3303 1658 3348 Agarenorum
1670 3316 1756 3341 metu
1767 3308 1950 3340 manserunt
1959 3315 2026 3345 per-

1155 3353 1306 3386 sonaliter
1317 3354 1497 3395 praesentes.
1526 3356 1629 3391 Lestae
1639 3356 1822 3390 definitioni
1835 3354 2023 3388 acclamavit

1155 3403 1299 3438 universa
1321 3402 1493 3447 Synodus:
1517 3408 1593 3439 Ecce
1601 3407 1772 3441 audivimus
1796 3407 1829 3438 ό·
1841 3401 2024 3446 sententiam

1480 3455 1514 3489 A
1540 3466 1559 3490 a
1584 3466 1602 3490 a
1653 3467 1675 3493 2
1869 3456 1974 3485 orien-
