2340 3762
91 672 232 707 Luc-²4·

84 3093 156 3133 Cap.
170 3103 200 3130 4.

658 164 957 219 Scironis,
993 174 1055 205 tr
1089 158 1284 206 Nous
1318 169 1695 206 ILLUSTRATI.

268 250 490 287 :immutarit
499 274 510 291 ,
535 248 583 285 est
593 259 641 283 res
651 247 757 294 longae
766 245 987 294 indagationis
996 271 1007 289 ,
1027 244 1062 280 ἀ
1073 255 1141 279 mo-

267 300 350 335 dicae
360 301 527 336 utilitatis.
697 320 705 329 2
773 303 785 317 ⁴‘
800 316 805 324 ·
825 299 856 318 ’Ὗ

319 351 482 386 Omittere
494 361 604 386 tamen
626 351 731 386 nolim
742 347 848 386 Sancti
857 347 974 391 Optati
986 345 1136 392 Episcopi

267 401 454 436 Milevitani
477 402 574 436 verba
602 401 643 436 de
664 400 812 445 Symboli
834 397 1019 434 redditione
1040 422 1052 439 ‚
1086 406 1142 431 aut

266 450 332 495 jam
344 452 472 487 laudata
484 450 559 486 fidei
570 452 605 485 in
618 452 690 496 ipsis
699 453 793 496 aquis
815 448 1006 495 profeffione
1018 461 1030 482 .·
1049 448 1145 490 ..apud

270 502 346 535 Ac‘la
355 501 498 544 conficitur
510 504 689 546 Angelorum
718 502 774 537 Est
784 499 902 546 phrafis
912 498 1141 537 efficaciffima,

267 551 287 586 ὲ
301 554 449 587 Romana
461 553 645 596 Republica
661 553 777 588 mutu&
794 560 927 593 accepta
940 572 950 588 ,
976 548 1144 594 eleganter

269 604 303 637 in
316 614 412 647 opere
421 603 462 637 de
476 604 606 638 Domus
618 602 772 649 Augustae
791 600 910 636 officiis
929 599 1101 643 explanata
1123 597 1142 631 a

266 653 394 698 Jacobo
404 653 569 694 Gutherio
582 678 589 685 .
617 654 691 687 Aea
697 653 816 696 propri?
826 657 859 684 In
870 648 1034 691 Confistorio
1055 652 1142 682 Prin-

263 704 562 746 cipisintt'mofiunt,
585 714 678 748 atque
686 704 741 738 bac
762 708 875 737 ratione
895 700 967 734 Abla
990 696 1142 742 Proconsu»

264 755 327 789 lum
339 753 615 797 didasuntyquae
624 760 708 788 intra
726 753 885 793 cancellos,
910 748 1030 784 obducvo
1055 750 1139 788 velo,

1916 179 2009 226 143

1208 244 1243 278 in
1266 243 1338 289 ipso
1359 241 1521 286 Principis
1538 242 1750 290 consistorio,
1775 253 1831 280 aut
1851 244 1887 281 id
1896 258 2001 293 genus
2015 247 2098 286 alio

1202 294 1408 329 secretiffimo
1433 293 1468 328 δε
1487 295 1636 337 supremo
1655 292 1811 328 tribunali
1830 298 1978 332 confecta
1991 321 2004 338 ,
2029 296 2086 331 ha-

1201 345 1316 380 bentia.
1331 344 1431 379 fidem
1456 344 1711 390 irrefragabilem
1725 368 1738 386 ,
1762 354 1802 379 ac
1826 355 2011 389 perpetuam
2034 348 2088 381 fir·

1201 396 1369 431 mitatem.
1403 393 1732 440 Utraquejam-dicta
1754 394 1945 439 baptizandi
1970 396 2087 442 profes-

1201 446 1245 480 Γιο
1256 443 1512 480 confirmabatur
1522 444 1685 489 corporali
1695 444 1769 489 ejus,
1775 445 1959 488 iuramento
1971 440 1997 487 ,²
2009 447 2087 480 scri-

1203 506 1319 540 ptura‚
1344 495 1379 529 δε
1400 493 1525 528 annulo
1556 495 1713 542 figillari,
1738 495 1947 542 redigebatur
1970 496 2008 530 in
2031 507 2086 540 pu·

1202 546 1303 581 blicas
1323 543 1474 585 tabulas,
1499 555 1569 579 non
1597 545 1728 580 tantum
1742 546 1940 588 militantis,
1969 545 2024 581 sed
2050 546 2086 581 ὅτ.

1203 593 1431 640 triumphantis
1444 594 1617 636 Ecclefiae,
1642 605 1744 636 quarn
1755 597 1862 631 oculis
1886 595 2090 632 &manibus

1201 648 1357 690 profitens
1377 645 1513 680 aetionis
1531 646 1593 679 suae
1614 643 1729 680 testem
1752 645 1787 680 δε
1809 648 2086 683 confirmatricem

1200 695 1378 732 advocabat
1388 721 1395 728 .
1422 696 1534 745 Qare
1548 694 1667 730 merit&
1679 696 1751 731 fieri
1763 695 1884 730 dicitur
1902 696 1988 741 apud
2001 697 2087 732 Asta

1199 747 1405 792 Angelorum
1423 771 1431 779 .
1469 745 1599 782 Ibidem
1634 745 1810 781 adnotatur
1841 747 1951 794 omnis
1975 747 2086 784 nostra

265 815 364 838 coram
364 805 538 845 judicibus,
565 805 630 837 crim
652 805 691 838 de
709 816 758 838 reo
776 802 1014 846 interrogabatur
1026 825 1036 840 ,
1063 799 1138 832 dice·
1196 797 1289 831 istius
1301 796 1505 841 profeffionis
1519 797 1761 840 praevaricatio,
1783 795 1818 831 in
1841 795 2014 831 noviffimo
2034 796 2089 832 die

264 864 334 889 rent
347 868 358 887 .-
384 856 464 896 ‚Quae
482 857 684 895 Exceptorum
706 855 817 888 litteris
837 850 1059 884 mandabantur
1072 872 1083 889 ,
1108 857 1144 882 ut
1199 847 1241 881 ad
1255 847 1398 881 nostram
1409 846 1639 889 sempiternam
1659 846 1887 883 confusionem
1909 847 2088 891 producen-

261 903 383 943 illustris
403 904 580 936 cardinalis
591 905 745 936 Bar-onius
764 900 935 944 oBfhrvavit
946 924 954 933 .
981 898 1056 932 aaa
1073 901 1138 942 erg&

259 950 565 997 sunrbypomnemata
583 951 642 997 sea
647 950 902 999 ‘rerumgestarum
916 955 1136 992 commentaria,

1202 897 1245 932 da
1256 923 1263 931 .
1292 896 1417 931 Eadem
1431 893 1531 940 phrasi
1541 906 1680 934 utuntur
1700 898 1834 935 Sanstus
1853 896 2059 943 Augustinus
2068 921 2081 939 ,

1200 958 1239 984 ac
1260 947 1318 983 alii
1343 945 1493 983 Ecclefiae
1504 945 1638 984 Patres.

410 1305 1141 1412 cA'NoN
1266 1322 1891 1456 LXXIX*

345 1573 347 1575 ’
403 1572 541 1642 'Bsque
586 1574 686 1623 ullis
734 1572 976 1631 secundinis
1024 1590 1077 1623 ex
1111 1574 1294 1638 Virgine
1343 1589 1515 1641 partum
1564 1572 1648 1626 efl’e
1683 1574 1943 1627 confitentes
1978 1581 1993 1638 ζ
2040 1592 2091 1628 ut

262 1575 404 1710 A
437 1647 516 1711 qui
550 1644 638 1693 fine
659 1642 832 1694 'semine
867 1643 1127 1693 constitutus
1161 1644 1215 1693 fit
1247 1680 1261 1705 ‚
1296 1642 1431 1711 idque
1468 1646 1553 1694 toti
1587 1649 1709 1709 gregi
1745 1650 2054 1698 annuntiantes
2079 1684 2094 1709 ‚

259 1731 336 1763 eos
370 1750 384 1774 ‚
430 1719 510 1780 qui
555 1729 734 1781 propter
782 1716 1077 1778 ignorantiam
1124 1712 1293 1781 aliquid
1330 1714 1495 1764 faciunt
1528 1751 1543 1776 ,
1597 1715 1719 1783 quod
1770 1734 1860 1766 non
1915 1716 2045 1767 decet
2079 1754 2094 1777 ‚

259 1785 513 1833 correbtioni
559 1781 808 1848 subjicimus
844 1820 857 1833 .
923 1789 1071 1854 Qare
1119 1786 1328 1851 quoniam
1376 1785 1517 1851 aliqui
1575 1786 1672 1852 post
1728 1784 1879 1837 sanstae
1929 1787 2094 1837 Christi

256 1855 348 1914 Dei
393 1853 526 1903 nostri
574 1855 822 1904 nativitatis
868 1853 986 1903 diem
1034 1853 1218 1904 similam
1266 1865 1454 1922 coquere
1486 1854 1773 1906 ostenduntur
1807 1895 1820 1918 ,
1869 1861 1914 1908 ὅτ
1948 1875 2092 1907 eam...

255 1923 335 1973 fibi
370 1925 560 1974 invicem
594 1926 808 1993 impertiri
842 1962 857 1987 ,
905 1924 1084 1975 honoris
1119 1924 1283 1976 scilicet
1317 1940 1525 1994 praetextu
1561 1924 1891 1979 secundinarum
1928 1930 2091 1996 impol-

256 1995 358 2043 lutae
377 1996 586 2057 -Virginis
623 1997 781 2044 Matris
805 2032 818 2056 ‚
854 1995 1080 2045 statuimus
1115 2033 1129 2057 ‚
1175 2013 1227 2045 ut
1258 1993 1462 2064 deinceps
1498 1996 1609 2045 nihil
1645 1999 1734 2047 tale
1770 1998 1848 2048 fiat
1887 1997 1914 2047 a
1949 1998 2091 2049 fideli-

256 2062 337 2112 bus
360 2097 375 2108 -
408 2066 571 2130 Neque
605 2067 725 2123 enim
750 2065 842 2114 ‚hoc
878 2065 1018 2114 honor
1052 2065 1113 2114 est
1146 2068 1327 2129 virginis
1350 2104 1363 2127 ‚
1399 2083 1495 2134 quae
1529 2064 1654 2134 supra
1689 2084 1884 2118 mentem
1919 2073 1965 2119 &
2001 2068 2089 2120 ser-

256 2150 435 2183 monem
469 2131 592 2201 quod
625 2134 934 2202 comprehendi
968 2152 1056 2184 non
1091 2136 1233 2203 potest
1258 2137 1450 2187 Verbum
1484 2140 1655 2205 peperit
1689 2152 1819 2189 carne
1844 2176 1858 2201 ‚
1894 2156 1947 2189 ex
1975 2157 2090 2189 com.

256 2203 461 2254 munibus
483 2239 497 2265 ‚
534 2208 577 2254 ὅτ
612 2206 668 2254 iis
701 2222 798 2274 quae
831 2204 891 2255 in'
914 2204 1041 2256 nobis
1074 2205 1186 2256 fiunt
1221 2243 1239 2269 ‚
1276 2207 1607 2258 inenarrabilem
1643 2213 1733 2276 ejus
1771 2227 1948 2278 partum
1984 2209 2091 2260 defi.

255 2276 353 2324 nire
380 2311 395 2336 ‚
443 2275 625 2336 metiri,
671 2292 722 2326 ac
757 2273 993 2326 describere
1026 2312 1040 2325 .
1088 2279 1132 2326 Si
1178 2279 1279 2345 quis
1314 2277 1419 2341 ergo
1453 2277 1662 2348 deinceps
1717 2281 1804 2331 hoc
1841 2280 1983 2331 facere
2015 2275 2092 2344 ag-

254 2342 413 2465 gressus
447 2344 576 2395 fuerit
608 2380 624 2408 ‚
671 2346 704 2396 fi
737 2346 790 2399 fit
835 2346 1016 2417 quidem
1049 2347 1250 2398 Clericus
1283 2385 1298 2410 ‚
1344 2347 1588 2417 deponatur
1621 2371 1637 2411 3
1688 2350 1720 2400 sl
1764 2352 1872 2403 vero
1907 2352 2046 2403 laicus
2074 2387 2089 2414 ‚

275 2429 522 2479 egregetur.

453 2592 951 2645 scnomon.

255 2739 530 2827 SEcundinas,
555 2741 683 2789 aliaque
695 2742 728 2778 id
750 2756 855 2790 genus
867 2745 1011 2781 Domini
1036 2747 1138 2782 nostri

343 2792 413 2835 Jesu
427 2793 547 2828 Christi
572 2795 727 2830 naturalia
750 2798 867 2831 secreta
892 2795 1003 2831 malim
1025 2808 1089 2843 ego
1106 2799 1140 2832 si-

258 2840 363 2876 lentio
375 2841 538 2880 honorare
553 2869 560 2878 .
587 2843 697 2880 Video
707 2855 816 2881 tamen
838 2846 952 2882 eadem
965 2847 983 2881 a
996 2848 1140 2883 Marcio-

259 2902 303 2924 ne
319 2914 329 2930 ‚
355 2903 392 2926 ac
403 2894 534 2938 reliquis
554 2895 692 2939 duplicis
705 2896 901 2932 Divinitatis
923 2896 1135 2934 fabulonibus

257 2941 471 2995 impugnata,
496 2956 694 2991 eorumque,
723 2956 760 2982 ut
783 2948 927 2982 sordium
940 2946 1015 2982 Deo
1026 2948 1137 2984 Verbo

258 2989 471 3034 indignarum
484 3018 493 3033 ‚
519 2997 611 3030 causa
626 3006 779 3041 negatam
797 2997 844 3031 illi
858 2998 964 3032 carnis
977 3009 1015 3033 ac
1024 2999 1136 3034 omnis

257 3037 406 3074 humana:
417 3051 532 3078 naturae
543 3046 709 3080 veritatem
722 3071 732 3087 ‚
754 3049 788 3081 ἀ
799 3047 1022 3083 introductum
1036 3047 1136 3092 phan-

256 3091 402 3125 tasmatis
419 3093 640 3129 mendacium.
667 3101 798 3138 Horres,
824 3098 933 3142 inquit
943 3098 985 3133 ad
1008 3099 1133 3134 scelera-

230 3151 231 3155 *
256 3140 415 3179 giffimum
438 3142 638 3179 blateronem
661 3146 696 3179 in
717 3146 804 3182 libro
825 3148 867 3182 de
887 3160 984 3183 carne
1012 3148 1135 3184 Christi

255 3189 505 3231 Tertullianus,
532 3194 567 3226 dt
576 3193 724 3235 infantem
741 3208 807 3230 cum
823 3196 890 3240 ficis
912 3200 1133 3240 impedimentis

251 3239 411 3285 profusum
431 3243 466 3276 <⁰5
475 3243 594 3277 oblitum
618 3245 663 3278 Et
676 3245 758 3279 infra
766 3270 774 3277 .
802 3247 822 3279 5
823 3249 862 3280 ed
883 3249 1001 3281 videns
1012 3273 1023 3289 ‚
1040 3249 1132 3291 fitibi

255 3289 311 3335 dis
302 3292 391 3332 plu-es
401 3316 412 3333 ,
437 3302 490 3325 aut
495 3291 525 3334 fi
531 3294 620 3327 aliter
642 3302 730 3327 natus
743 3307 775 3328 es
786 3320 794 3327 .
819 3297 1048 3339 Certiscbrlstus
1057 3301 1127 3334 dile-

254 3342 330 3387 {exit
341 3341 485 3376 hominem
494 3344 577 3378 illum
588 3350 620 3377 in
631 3347 833 3388 immunditiis
843 3371 854 3388 ,
880 3352 914 3379 in
936 3356 1017 3380 utero
1025 3360 1130 3394 coagu-

254 3390 350 3424 latum
363 3416 373 3431 ,
398 3393 480 3426 illum
486 3401 542 3436 per
549 3396 694 3437 pudenda
700 3397 850 3436 prolatum
861 3421 872 3437 ,
897 3397 979 3430 illum
985 3406 1042 3440 per
1051 3401 1128 3433 ludl-

252 3437 324 3474 bna
336 3448 499 3478 nutritum.
526 3443 669 3480 Proinde
693 3445 727 3480 &
739 3446 747 3479 i
751 3446 803 3491 pse
814 3446 982 3483 Dominus
997 3456 1055 3491 per
1076 3461 1128 3484 eas

1204 2606 1321 2632 naturae
1342 2601 1532 2634 contumelias
1558 2598 1778 2643 volutatustst3
1803 2599 1838 2635 ὅ(
1857 2610 1949 2635 more
1974 2599 2087 2634 nostro

1204 2648 1238 2684 iu
1248 2649 1409 2684 mundum
1422 2650 1545 2694 prodiit
1555 2673 1566 2689 ,
1590 2650 1701 2685 verum
1713 2661 1753 2685 ex
1765 2649 1907 2696 Virgine
1920 2675 1928 2683 .
1954 2648 2086 2684 Habuit

1202 2708 1298 2742 atque
1322 2700 1469 2735 transivit
1489 2702 1604 2736 cunsta
1624 2710 1746 2735 naturae
1770 2701 1888 2735 nostrin
1913 2699 2085 2741 solennia,

1201 2749 1317 2793 utpote¹
1341 2750 1408 2785 Dei
1434 2751 1554 2796 optimi
1578 2751 1715 2785 maximi
1739 2750 1886 2785 instituta
1907 2750 1942 2783 &
1963 2760 2083 2793 opera,

1200 2800 1331 2844 dempta
1344 2801 1412 2834 sola
1421 2802 1543 2836 carnali
1554 2800 1819 2844 concupiscentia
1830 2823 1841 2840 ‚
1868 2810 1939 2842 quae
1948 2811 2003 2844 per
2014 2798 2084 2834 dia-

1200 2849 1314 2885 bolum
1324 2850 1370 2885 est
1381 2853 1492 2896 generi
1505 2852 1616 2887 nostro
1628 2850 1751 2884 inflicta
1762 2874 1771 2882 .

1250 2900 1340 2935 Idem
1353 2901 1386 2935 in
1398 2900 1483 2937 libro
1495 2913 1609 2937 contra
1623 2899 1816 2934 Helvidium
1828 2898 1927 2935 docet
1943 2901 2077 2935 Sanctus

1196 2949 1449 2996 Hieronymus,
1476 2952 1630 2996 profitens
1643 2949 1830 2984 Dominum
1851 2961 1896 2985 ex
1909 2949 2050 2995 Virgine
2068 2975 2079 2992 ,

1196 3010 1341 3035 attamen
1354 3002 1467 3035 nostro
1478 3001 1606 3035 solenni
1617 3009 1708 3034 more
1719 3000 1899 3043 proceffiffe
1917 3025 1924 3033 .
1942 3003 1976 3045 J
1977 3012 2053 3044 unge
2066 3024 2078 3041 ‚
2096 2988 2168 3029 C³P·
2185 3000 2213 3027 9·

1197 3050 1326 3093 inquit,
1343 3050 1375 3092 fi
1387 3050 1460 3084 libet
1473 3075 1484 3090 ,
1509 3051 1634 3084 &altas
1658 3057 1779 3083 naturae
1788 3051 2002 3092 cannamellas,
2027 3062 2078 3084 no-

1196 3112 1264 3133 vem
1275 3099 1412 3141 mensibus
1422 3108 1537 3134 uterum
1552 3097 1768 3142 infhlefhentem
1780 3125 1791 3140 ,
1810 3099 2074 3143 fastidiapartus,

1191 3149 1370 3195 sanguinem
1391 3174 1403 3190 ‚
1424 3158 1542 3191 pannos
1563 3174 1572 3181 .
1599 3147 1665 3192 Ipse
1685 3149 1744 3182 ubi
1760 3148 1943 3193 defirlbatur
1961 3150 2073 3193 infans

1198 3207 1325 3244 tegmine
1337 3198 1574 3233 membranarum
1582 3198 1669 3243 solito
1676 3201 1847 3234 involutus.
1872 3205 1951 3234 Non
1969 3201 2074 3235 erube-

1190 3248 1321 3294 sc1mus‚
1347 3261 1405 3282 non
1418 3248 1536 3291 filemus
1550 3274 1559 3282 .
1580 3248 1792 3294 ‚Quantasunt
1800 3249 1981 3291 humiliora,
2005 3261 2070 3295 quae

1189 3308 1245 3342 pro
1267 3311 1311 3333 me
1333 3299 1435 3343 passus
1453 3299 1513 3342 est,
1538 3303 1625 3334 tant&
1644 3301 1693 3334 1111
1707 3303 1779 3342 plus
1800 3301 1890 3336 debeo
1903 3327 1910 3334 .
1937 3305 1985 3335 Et
2005 3301 2071 3334 ciam

1192 3351 1513 3393 omniarepltcaveris,
1536 3361 1620 3386 cruce
1638 3350 1718 3383 nihil
1735 3351 1962 3394 contumeliosus
1969 3350 2069 3393 profe-

1193 3412 1260 3440 res,
1287 3412 1376 3443 quam
1393 3400 1582 3442 profitemur.
1609 3401 1653 3435 Et
1676 3400 1713 3436 in
1727 3400 1872 3445 Epistola
1899 3400 1942 3435 ad
1951 3399 2070 3434 Eusto-
2093 3402 2226 3442 Epist.22.

1191 3449 1302 3484 chium
1315 3476 1322 3484 .
1347 3453 1403 3484 Dei
1422 3450 1504 3494 filius
1520 3459 1578 3496 pro
1593 3450 1689 3494 nostra
1705 3450 1806 3496 salute
1828 3449 2068 3539 bominisfatjclffus
2091 3453 2166 3480 ΟΠ·

1983 3510 1999 3533 e
