2340 3762
651 163 830 212 Innex
863 163 1093 216 Remu,
1142 176 1202 207 ετ
1234 160 1586 209 vannorum.

228 251 435 296 Epistopusa
450 249 515 285 nris
527 249 663 285 subditis
674 250 787 293 nequit
809 247 979 288 damnari,
1002 247 1108 283 immo

280 312 340 335 nec
362 302 523 339 accusari.
972 307 1050 346 277.
1082 309 1108 332 r.

230 348 411 394 Episcopus
433 351 625 391 damnatus,
654 350 677 384 fi
698 351 784 385 sacra
807 358 922 395 tangat
936 372 948 389 ‚
972 347 1110 392 appella-

278 400 380 436 tionis
392 398 537 439 remedio
552 400 710 444 privatur.
973 408 1048 446 329.
1074 404 1105 434 2·

208 457 217 479 f
229 448 409 494 Episcopus
421 462 463 487 ex
474 461 560 492 equo
574 449 701 494 Regem
713 448 902 488 adoraturus
917 460 958 483 ne
981 447 1109 482 descen-

278 499 355 534 dat.
382 497 498 538 286³&
527 498 681 544 Episcopi
710 499 756 535 est
779 498 946 543 Principes
958 507 1107 542 arguere-

278 547 325 588 28
351 576 359 583 .
385 557 410 581 1.

227 563 409 645 Episcgpus
431 598 617 642 psalterium
641 600 822 641 &cantum
848 600 986 640 calleat,
1012 608 1108 641 opor-

278 660 350 691 tet,
375 650 461 684 cur?
490 647 563 686 182.
578 659 608 684 2.
636 649 720 685 Item
744 650 898 685 Canones
923 663 961 685 ac
984 651 1013 684 S.
1026 648 1107 682 Scri-

279 708 430 743 pturam,
451 711 520 738 non
541 709 650 735 tamen
673 700 752 735 scita
764 700 875 745 legum
901 710 957 736 ant
981 698 1107 733 forense

278 750 442 794 litigium.
998 745 1106 794 183-1-

228 798 429 844 Episcopus,
457 798 627 844 quomodo
643 800 832 845 eligendus?
986 795 1061 846 308.
1074 802 1106 827 2·

228 848 413 894 Episcopus
433 848 478 889 ,ob
497 849 619 884 crimen
641 850 676 883 in
699 850 933 884 monasterium
942 848 1086 881 detrusus
1100 866 1110 882 2

263 895 265 898 ⁴
279 899 320 934 ad
331 900 564 944 Episcopatum
576 898 686 932 denuo
698 900 810 940 nequit
822 899 989 940 adspirare.
999 905 1106 941 4041¹

222 945 368 988 ATitulus
392 943 555 987 Epifiopus
572 944 752 987 universalis
775 946 816 981 ab
850 946 1011 980 Anatolio
1038 956 1106 978 non

274 996 443 1039 usurpatus
464 1006 472 1027 ε
500 994 536 1030 in
558 1004 626 1037 quo
653 993 776 1030 fallitur-
796 995 998 1030 Hincmarus
1016 1019 1022 1026 .
1051 994 1106 1027 Est

274 1046 309 1083 S.
321 1044 429 1079 Leoni
441 1042 595 1083 oblatus,
622 1055 690 1078 non
717 1052 826 1078 tamen
847 1044 1021 1084 admistus,
1048 1055 1107 1078 nec

275 1093 340 1131 RS.
354 1093 535 1138 Gregorio.
561 1093 668 1139 2461.
695 1093 786 1128 Cur?
812 1094 890 1141 246.
905 1104 936 1130 2.
965 1093 1106 1130 Ecclefia

277 1144 350 1188 post
372 1143 544 1186 Synodum
564 1141 868 1180 Chalcedonensern
894 1156 934 1179 eo
963 1146 1017 1181 usa
1045 1143 1107 1178 est.

275 1193 357 1231 ibid.
383 1194 463 1240 Qo
474 1202 620 1237 tempore
631 1203 799 1237 coeperunt
810 1194 912 1229 Graeci
935 1206 989 1238 per
1012 1193 1106 1227 illum

276 1243 416 1281 titulum
426 1243 589 1286 Episcopo
601 1242 977 1287 Constantinopolitano
1001 1243 1108 1279 adula-

278 1294 329 1331 xi.
354 1293 495 1337 Joannes
517 1292 681 1337 Jejunator
701 1305 777 1328 eum
798 1293 856 1329 fibi
879 1293 1013 1335 deberi,
1038 1305 1109 1328 cen-

278 1343 353 1378 sens
373 1344 391 1379 a
404 1343 540 1388 Pelagio
551 1343 590 1376 11.
607 1343 811 1387 reprimitur.
835 1344 914 1389 246.
925 1355 955 1378 2.
982 1353 1060 1390 247-
1080 1355 1109 1379 1-

277 1392 363 1428 Non
376 1403 486 1428 tamen
498 1392 707 1428 dominatum
736 1394 825 1438 supra
837 1392 1024 1428 Romanam
1049 1393 1109 1427 Ec-

274 1443 404 1479 elefiam
414 1467 425 1484 ‚
435 1442 489 1480 sed
501 1443 638 1479 titulum
649 1444 818 1481 dumtaxat
829 1444 979 1479 ambivit.
994 1453 1107 1491 247.2.

315 1504 392 1529 uem
413 1493 444 1529 S.
469 1493 647 1535 Gregorius
666 1492 821 1526 acerrime
845 1492 892 1526 est
918 1492 1108 1526 infestatus.

231 1579 234 1581 Α
276 1494 390 1588 (ᾧῷ
426 1539 495 1574 Cur
514 1540 542 1572 ἓν
558 1539 637 1576 ibid.
676 1540 897 1585 Titulnmque
919 1541 1110 1576 damnavit.

277 1589 394 1636 2482..
424 1589 486 1623 Sed
509 1588 562 1625 lex
583 1589 639 1624 illa
660 1589 700 1624 ab
712 1591 855 1625 Ecclesia
878 1601 945 1624 non
958 1600 1081 1633 recepta
1098 1602 1107 1633 ;

278 1649 340 1674 nec
360 1637 494 1676 titulum
515 1638 668 1682 Episcopi
696 1638 987 1683 Constantinopoli
1009 1640 1111 1683 depo-

276 1689 386 1727 suere:
401 1688 490 1730 quod
505 1686 652 1725 Romani
666 1688 846 1726 Pontifices
857 1687 1109 1730 diffimularunt,

240 1737 243 1738 ⁷
276 1747 417 1782 excepto
430 1738 459 1772 S.
472 1738 634 1783 Gregorio
646 1764 653 1770 -
681 1749 793 1787 249.1.
819 1740 916 1775 illum
930 1740 1109 1785 Gregorius

277 1787 356 1824 vu.
368 1790 424 1823 suo
438 1788 620 1823 constituto
641 1789 784 1826 indidit:
813 1790 866 1824 Ex
888 1802 955 1834 quo
970 1789 1107 1825 Pontifi-

275 1849 331 1872 ces
344 1837 491 1872 Romani
503 1838 625 1873 eosunt
634 1839 750 1883 gavifi.
782 1838 860 1873 ibid.
914 1839 984 1874 Hic
994 1839 1108 1874 titulus

236 1917 238 1920 ,
274 1886 364 1928 apud
375 1887 505 1922 Graecos
516 1888 578 1921 fuit
604 1888 640 1922 in
652 1889 741 1924 vario
756 1888 858 1922 statu.
885 1897 969 1934 250.
985 1899 1012 1925 1.
1039 1887 1107 1920 Mi-

275 1933 371 1970 chael
384 1934 571 1971 Cerularius
591 1947 665 1972 eum
686 1937 720 1972 in
732 1940 823 1972 sensu
835 1937 983 1972 haeretico
1007 1934 1109 1971 ambi·

275 1984 346 2019 vit:
374 1983 542 2018 Eustatius
562 1994 618 2026 per
640 1995 776 2021 munera
800 1985 820 2020 ὸ.
845 1984 918 2021 sede
930 1987 1107 2024 Romana,

277 2040 314 2067 at
323 2029 435 2066 frustra
448 2053 460 2070 ,
486 2031 660 2072 postulavit
673 2055 681 2062 .
981 2044 1061 2080 249.
1079 2044 1107 2070 1-

229 2082 388 2128 Episcopi
413 2090 451 2116 ac
462 2079 585 2118 Clerici
605 2078 758 2117 aPhotio
769 2080 912 2117 ordinati
938 2091 994 2117 aut
1019 2083 1109 2118 sedu-

279 2131 343 2171 ἃί,
368 2130 392 2165 si
412 2128 594 2174 resipiscant
614 2153 627 2171 ‚
652 2129 688 2164 in
707 2132 847 2177 gratiam
870 2132 1106 2177 suscipiuntur.

304 2181 358 2217 62.
379 2190 408 2218 1.

224 2192 385 2277 lEpi'scopi
411 2242 449 2265 ac
470 2229 590 2266 Clerici
612 2229 673 2267 rite
694 2231 836 2268 ordinati
856 2257 867 2274 ‚
892 2231 1018 2269 Photio
1039 2232 1105 2268 huc

281 2282 380 2326 usque
400 2279 596 2316 adhaerentes
616 2307 627 2322 ‚
652 2282 673 2316 fi
696 2283 898 2325 poeniteant,
923 2283 964 2318 ad
986 2283 1105 2318 laicam

280 2331 551 2367 communionem
563 2331 780 2366 admittuntur
790 2358 797 2365 .
950 2343 1059 2382 313.1.
1074 2342 1105 2367 2,

230 2380 386 2425 Episcopi
397 2381 506 2415 alieno
516 2380 749 2416 Patriarchatui
761 2382 916 2426 subjecti,
943 2384 978 2416 in
1002 2383 1105 2427 prima

280 2430 432 2464 instantia
445 2430 573 2474 possunt
584 2429 727 2465 Romam
741 2433 871 2466 evocari
882 2457 890 2465 .
994 2443 1105 2480 329-2-

231 2480 387 2524 Episcopi
399 2481 579 2524 antiquitus
590 2480 646 2514 vili
660 2481 742 2515 veste
761 2481 893 2521 induti,
919 2482 1015 2526 quam
1038 2483 1106 2516 ico·

281 2529 429 2564 noclastae
439 2527 606 2572 despexere
620 2555 627 2562 .
653 2539 819 2576 203-1.2..
847 2531 997 2566 Vestium
1013 2543 1106 2567 orna-

281 2589 392 2614 menta
401 2580 420 2614 a
433 2578 572 2614 Canone
582 2579 711 2615 decimo
724 2582 814 2616 sexto
825 2581 900 2616 Vn.
915 2582 1040 2624 Synodi
1052 2592 1105 2616 ve-

281 2639 410 2664 tantur.
979 2641 1095 2680 203.2

232 2678 387 2723 Episcopi
413 2678 448 2713 &
459 2678 578 2714 Clerici
589 2679 763 2715 ordinandi
775 2692 913 2717 errorem
928 2692 967 2716 eo
979 2689 1105 2724 tempo-

282 2739 314 2762 re
324 2730 523 2772 potiffimum
534 2731 726 2774 grassantem
735 2730 898 2774 ejerabant
907 2756 915 2763 .
1014 2741 1102 2778 422v

234 2775 290 2811 Ab
302 2778 455 2821 Episcopi
474 2780 709 2814 communione
729 2791 805 2815 ante
817 2780 1015 2824 synodicam
1039 2781 1104 2814 sen-

282 2827 421 2861 tentiam
432 2827 602 2862 desciscere
612 2838 698 2863 vetat
709 2831 864 2873 antiquus
886 2831 1032 2865 Ecclefiae
1044 2831 1105 2865 Ca-

280 2887 350 2910 non
362 2900 369 2908 .
396 2885 506 2924 2792.
534 2878 627 2912 Licet
647 2889 756 2912 tamen
768 2880 814 2914 ob
835 2881 999 2914 notoriam
1011 2880 1104 2915 haere-

280 2926 330 2959 fin
346 2949 357 2965 ,
380 2936 436 2960 aut
455 2927 622 2969 publicum
641 2927 787 2962 Ecclefiae
809 2928 994 2964 scandalum
1015 2956 1026 2971 ,
1053 2941 1104 2964 ve-

281 2984 354 3009 rum
366 2986 433 3009 non
445 2976 508 3010 fine
523 2979 598 3011 sale.
1024 2980 1102 3014 ibid.

233 3024 389 3107 Ep'gscopi
400 3025 444 3059 est
456 3026 623 3069 przdicare
635 3051 643 3061 .
672 3037 724 3076 74.
740 3041 765 3066 1·
794 3037 890 3073 atque
900 3030 1000 3065 etiam
1018 3030 1106 3064 Pres-

307 3084 405 3116 yteri.
1043 3105 1050 3112 .
1069 3089 1102 3115 2.

231 3122 386 3170 Episcopi
411 3125 445 3159 ἀ
463 3124 608 3161 Abbates
629 3127 716 3162 bona
727 3128 944 3166 Ecclefiastica
965 3089 1104 3166 nigrare

280 3184 470 3219 coeperunt,
499 3176 555 3210 ubi
578 3176 744 3221 Principes
766 3178 802 3212 in
824 3177 1019 3216 Antistitum
1041 3179 1103 3214 ele-

280 3224 401 3260 ctiones
413 3226 477 3259 sese
499 3225 697 3261 intruserunt
709 3252 716 3259 .
968 3227 1043 3276 196.
1073 3240 1101 3265 1.

234 3272 387 3319 Episcopi
413 3275 446 3308 &
459 3274 580 3309 Clerici
603 3276 711 3318 pasfim
732 3276 766 3310 in
779 3278 973 3313 monasteria
984 3289 1102 3313 convo-

283 3321 389 3359 larunt
401 3338 408 3358 :
421 3324 539 3368 Estque
547 3336 585 3359 ea
596 3324 727 3360 libertas
737 3327 967 3372 antiquissima.
990 3337 1100 3376 403.1.

232 3367 389 3457 Ερίίέορί
413 3373 515 3409 Graeci
540 3375 650 3420 paffim
674 3376 693 3410 ὲ
716 3374 893 3414 Monachis
930 3376 1099 3424 assumpd.

355 3446 362 3453 .
384 3435 416 3460 2.

283 3430 305 3472 3
331 3432 435 3519 2⁸&st
446 3477 527 3519 ⁴Lupi
537 3478 619 3519 oper.
632 3477 709 3511 Tom.
722 3479 777 3512 ΠΙ.

1172 246 1382 291 Episcopi‘ne
1393 246 1498 281 minas
1523 257 1581 282 aut
1600 259 1713 288 manus
1733 254 1922 302 Principum
1944 257 2053 295 refer?

1220 296 1367 333 mident.
1394 296 1470 330 Nec
1481 297 1512 330 se
1523 296 1711 333 indecenter
1722 306 1890 346 abjiciant.
1925 306 2050 356 287-2·

1172 345 1326 391 Episcopi
1345 345 1429 381 olim
1447 347 1587 390 propriis
1599 347 1751 384 manibus
1773 354 1809 386 in
1819 356 1907 392 bello
1921 369 2046 403 pugna-

1222 397 1299 430 bant
1314 420 1321 428 .
1916 419 1938 444 2
1989 433 1994 439 .
2013 418 2047 443 2.

1171 443 1226 480 Ad
1255 445 1408 489 Episcopi
1428 446 1670 484 ordinationem
1691 473 1702 490 ,
1741 450 1857 494 populi
1894 418 2048 490 coggensu

1220 506 1288 530 non
1305 495 1350 530 est
1361 506 1463 539 opus.
1873 510 1951 549 310.
1969 512 1989 534 t.
2016 514 2049 540 2·

1172 545 1323 589 Episcopi
1338 547 1534 589 praecipuum
1549 557 1780 584 ornamentum
1803 551 1889 593 apud
1912 550 2051 587 Latinos

1219 594 1352 631 baculus
1379 596 1413 629 &
1434 596 1595 638 annulus,
1621 598 1707 643 apud
1733 598 1864 635 Graecos
1887 600 2046 644 pallium.

1243 656 1296 691 75·
1322 653 1356 678 2·

1170 655 1323 738 Episcopi
1337 717 1348 734 ‚
1374 694 1430 736 qui
1451 694 1651 740 imaginariae
1681 696 1796 732 Photii
1818 698 1956 743 Synodo
1980 699 2051 735 sub·

1218 744 1423 787 scripserant,
1449 745 1490 785 ad
1503 746 1675 789 synodum
1699 747 1788 784 V111.
1812 761 1882 784 non
1904 749 2047 786 admiffi.

1221 793 1296 841 376·
1320 803 1351 832 2--

1171 843 1323 886 Episcopi
1337 854 1403 886 quo
1415 844 1475 880 lint
1488 844 1615 882 honore
1625 848 1738 894 digni.
1935 848 2042 896 2852

1170 892 1320 936 Episcopi
1350 894 1430 927 varii
1458 895 1476 928 a
1502 896 1711 942 Principibus
1742 898 1763 933 ὲ
1788 897 1911 934 throno
1936 899 2049 941 ejecti.

1219 951 1328 989 303⁴·
1374 943 1435 977 Sed
1450 947 1645 982 temeritates
1657 948 1719 982 illae
1731 949 1872 985 Canone
1891 949 2051 994 vigefimo

1218 991 1326 1034 primo
1351 989 1441 1024 VIII·
1464 994 1591 1037 Synodi
1613 997 1828 1033 damnantur.
1931 1008 2050 1046 3041-

1171 1039 1325 1084 Episcopi
1336 1039 1432 1074 unius
1446 1043 1631 1088 suffragium
1652 1047 1729 1082 fidei
1756 1048 1886 1084 decreto
1907 1048 1956 1082 nil
1978 1058 2052 1092 prae-

1218 1090 1340 1132 judicat
1357 1114 1366 1121 .
1917 1108 1996 1143 255.
2023 1106 2052 1131 1.

1171 1140 1339 1184 Episcopis
1361 1139 1519 1175 Ecclefias
1545 1140 1749 1177 visitantibus
1778 1146 1951 1181 necessaria
1978 1145 2053 1179 sunt

1219 1188 1453 1233 suppeditanda
1468 1214 1475 1222 .
1501 1188 1650 1226 Avaritia
1678 1193 1940 1228 subindeabusus
1963 1194 2053 1228 inve·

1219 1239 1268 1273 xit
1279 1264 1289 1280 ,
1316 1239 1373 1283 qui
1383 1238 1401 1272 a
1414 1239 1609 1275 Canonibus
1623 1242 1802 1287 reprehensi
1815 1269 1823 1276 .
1929 1252 2003 1292 301.
2023 1254 2055 1279 2.

1173 1288 1342 1334 Episcopis
1352 1288 1472 1324 Graecis
1485 1291 1589 1335 qualis
1599 1291 1681 1327 olim
1692 1294 1871 1338 praescripta
1883 1294 2056 1329 continen-

1223 1339 1289 1374 tia.
1689 1342 1779 1380 68.1.
1809 1354 1911 1391 70·2-
1941 1341 2056 1391 3382.

1172 1389 1340 1434 Episcopis
1365 1389 1448 1424 olim
1473 1390 1537 1425 fuit
1570 1391 1748 1429 admodum
1772 1395 1921 1437 frequens
1946 1393 2058 1427 Eccle-

1220 1439 1336 1472 fiarum
1363 1451 1401 1473 ac
1417 1438 1697 1481 Monasteriorum
1725 1443 1920 1485 proprietas,
1948 1440 2055 1476 immo

1219 1487 1253 1524 ὅ(
1275 1487 1386 1528 laicis,
1414 1489 1504 1531 quod
1527 1489 1666 1525 Canone
1689 1490 1819 1525 decimo
1831 1492 1948 1535 quinto
1960 1490 2054 1525 vm.

1219 1537 1347 1581 Synodi
1375 1537 1533 1574 toleratur
1556 1539 1664 1582 potitis
1689 1540 1786 1583 quam
1821 1541 2053 1575 confirmetur.

1219 1595 1299 1632 290.
1320 1596 1358 1623 2-

1170 1636 1340 1680 Episcopis
1350 1636 1530 1679 pleniffima
1543 1637 1675 1676 libertas
1688 1639 1706 1674 a
1719 1638 1858 1677 Canone
1871 1642 1961 1677 sexto
1974 1640 2055 1675 Vlr.

1219 1684 1348 1730 Synodi
1362 1688 1562 1723 restituitur.
1915 1703 1989 1740 190.
2021 1700 2050 1726 ι.

1169 1735 1207 1770 In
1220 1735 1384 1781 Episcopo
1396 1739 1584 1773 consecrato
1602 1739 1844 1784 Presbyteratus
1873 1751 2055 1782 numquam

1220 1787 1445 1829 praetermissus
1455 1811 1463 1820 .
1942 1800 1983 1837 35
1992 1800 2054 1825 1-1-

1168 1833 1226 1867 Ab
1251 1834 1406 1877 Episcopi
1434 1833 1540 1878 palam
1563 1836 1598 1870 in
1625 1837 1953 1884 legemimpingentis
1965 1850 2054 1873 com-

1217 1882 1379 1916 munione
1388 1883 1528 1925 populus
1539 1886 1742 1930 segregatuS.
1770 1898 1920 1934 277.1.2.
1946 1890 1979 1921 δ’
1988 1887 2055 1931 seq-

1219 1928 1312 1965 Idem
1323 1940 1399 1975 erga
1413 1930 1604 1966 Romanurn
1622 1934 1822 1969 Pontificem
1835 1935 2052 1983 astum-278⁴-

1217 1977 1330 2067 Argue
1372 1981 1471 2014 etiam
1509 1991 1586 2026 erga
1622 1983 1837 2028 Imperatores
1871 1985 1905 2019 δε
1930 1985 2054 2030 Reges.

1218 2038 1263 2076 27
1289 2054 1296 2061 .
1317 2039 1344 2067 1.
1371 2041 1404 2069 2·

1170 2078 1336 2123 Episcopo
1359 2080 1474 2115 vinum
1495 2091 1571 2115 cum
1583 2082 1702 2118 musica
1726 2083 1835 2119 bibere
1850 2083 1938 2120 haud
1952 2086 2050 2122 licet:

1217 2140 1277 2165 nec
1290 2129 1374 2172 apud
1386 2131 1517 2168 Graecos
1530 2132 1680 2168 carnibus
1707 2135 1788 2168 vesci
1801 2159 1808 2165 .
1908 2145 1988 2183 230.
2017 2148 2052 2173 2..

1169 2177 1406 2222 Episcoporum
1418 2181 1553 2216 avaritia
1565 2182 1704 2217 Canone
1735 2192 1850 2228 quarto
1861 2183 1936 2218 VIl.
1947 2186 2054 2229 Syno-

1218 2228 1252 2265 di
1266 2228 1487 2272 praecluditur.
1940 2233 2052 2272 1862.

1169 2278 1403 2364 ΕΡίΐὲοροτηω
1428 2279 1543 2320 electio
1568 2281 1737 2326 Episcopis
1759 2284 1835 2318 solis
1873 2286 2051 2329 competit.

1224 2339 1239 2364 1
1270 2339 1343 2375 41.

1168 2377 1408 2422 Episcoporum
1434 2379 1548 2426 Regiae
1574 2381 1815 2420 nominationes
1852 2383 2050 2422 Canonibus

1219 2428 1426 2464 adversantur
1439 2456 1446 2462 .
1922 2434 2001 2482 185*
2015 2449 2048 2473 2-

1167 2477 1405 2522 Episcoporum
1431 2479 1591 2517 Romanae
1631 2484 1815 2519 evocationi
1849 2487 2050 2520 recalcitran-

1215 2528 1299 2562 tium
1324 2553 1337 2571 ,
1363 2527 1516 2566 ultimum
1543 2533 1706 2577 refugium
1731 2558 1743 2575 ‚
1769 2537 1837 2568 Rex
1863 2546 1921 2569 nou
1955 2536 2021 2569 vult
2037 2558 2049 2569 .

1215 2577 1292 2622 296-
1308 2589 1335 2614 1.

1169 2627 1407 2671 Episcoporum
1428 2630 1566 2673 Synodo
1588 2631 1681 2667 Vm.
1706 2633 1973 2669 subscribentium
1984 2645 2047 2669 nu-

1214 2689 1320 2712 merus
1339 2680 1402 2715 suit
1431 2689 1506 2726 109.
1529 2681 1606 2729 366.
1623 2694 1650 2718 1.
1686 2683 1920 2726 Episcoporum
1933 2684 2041 2728 pauci·

1215 2738 1263 2762 tas
1276 2726 1360 2763 nihil
1370 2728 1474 2765 officit
1483 2752 1494 2770 ,
1507 2741 1575 2775 quo
1587 2731 1697 2767 minos
1709 2733 1747 2767 fit
1762 2733 1922 2777 generalis
1936 2735 2042 2777 Syno-

1165 2778 1400 2912 Epissfssporum
1412 2830 1637 2866 translationes
1650 2831 1790 2868 Ecclesia
1817 2832 1900 2867 olim
1913 2783 2044 2878 {nir}-

1243 2888 1274 2913 at
1289 2903 1296 2910 -
1917 2894 1991 2931 333-
2006 2894 2040 2919 2.

1164 2927 1342 2972 Episcopos
1353 2928 1440 2965 haud
1451 2929 1543 2965 decet
1555 2931 1639 2966 inter
1649 2931 1817 2977 Principes
1828 2933 1939 2979 Reg1ae
1948 2943 2042 2967 men·

1214 2980 1251 3012 sae
1263 2978 1386 3014 adstare
1399 3005 1406 3012 .
1912 2981 1991 3028 285¹.
2012 2993 2039 3018 1-

1164 3029 1341 3072 Episcopos
1365 3040 1425 3063 nec
1449 3028 1540 3063 decet
1560 3028 1768 3075 PrincipiBus
1788 3032 1966 3076 Ecclesiam
1991 3033 2039 3066 in·

1210 3078 1354 3123 gressuris
1365 3079 1476 3121 procul
1494 3079 1626 3114 obviarn
1639 3081 1764 3123 prodire
1776 3107 1783 3114 .
1796 3080 1909 3129 2852.
1923 3081 2033 3119 2861-

1163 3127 1360 3172 Episcopum
1371 3127 1776 3175 Constantinopolitanurn
1800 3144 1876 3167 ante
1898 3133 2036 3166 Alexan-

1210 3177 1341 3211 drinum
1364 3178 1398 3211 δε
1423 3177 1670 3215 Antiochenum
1693 3181 1799 3216 sedere
1818 3183 1933 3227 Legati
1948 3183 2036 3223 Apo·

1211 3226 1315 3261 stolici
1329 3227 1364 3259 in
1388 3226 1443 3261 VI.
1454 3227 1591 3271 Synodo
1618 3231 1846 3275 dispensatorie
1863 3229 2033 3266 dissimula-

1212 3286 1288 3310 runt
1299 3300 1307 3308 .
1930 3286 1983 3321 94·
1994 3285 2032 3310 2-

1164 3326 1359 3370 Episcopum
1369 3325 1500 3362 dedecet
1523 3328 1608 3363 curis
1631 3331 1828 3367 saecularibus
1849 3324 2032 3369 5mplicari,

1208 3387 1246 3410 ac
1256 3378 1342 3410 sacra
1353 3378 1464 3411 munia
1478 3378 1686 3423 Suffraganco
1698 3379 1914 3416 committere·
1934 3384 2031 3421 3³2⁴·

1162 3425 1317 3473 Epitimia
1329 3450 1341 3468 ,
1366 3427 1445 3472 quid
1458 3429 1471 3463 ἓ
1867 3423 1911 3462 18
1922 3435 1943 3457 ι·
1960 3434 1984 3461 1·
1998 3435 2031 3462 2·

1512 3477 1546 3512 G
1569 3489 1592 3524 g
1617 3489 1639 3523 g
1688 3487 1710 3515 3,
1910 3475 1984 3510 Εἴθ’
