2340 3762
360 137 456 198 278

275 220 344 265 -qni
366 233 422 266 per
432 219 652 266 blasphemam
674 222 839 260 Dorothei
851 218 1169 263 Marcianopolitani

284 268 601 318 'Episcopilinguam
624 275 659 310 in
676 274 817 310 Ecciefia
841 271 1035 310 blaterarat,
1059 270 1091 300 51·
1102 273 1169 310 quis

284 324 419 358 uariam
441 326 603 366 Deiparam
623 327 757 359 dixerit,
782 318 943 352 anathema
957 317 997 359 fit
1021 342 1031 358 ‚
1058 316 1170 352 scribit

285 372 473 416 inlitteris,
499 375 585 419 apud
608 375 748 415 primam
760 367 913 412 Ephesini
930 367 1079 402 Concilii
1102 379 1172 413 pat-

285 431 354 457 tem
366 423 586 463 exstantibus,
613 421 655 453 ad
668 418 871 453 Celestinum
884 419 1085 453 Pontificem
1096 421 1173 453 San·

283 473 353 511 &us
363 473 509 518 ‚Cyrillus
520 468 710 504 Patriarcha
735 467 1003 503 Alexandrinus.
1031 472 1103 502 Mox
1128 474 1173 501 in-

277 533 357 571 gens
366 520 497 562 univerfi
511 521 615 561 populi
624 521 733 553 clamor
757 522 791 554 ὑ
806 521 838 552 di
838 518 929 563 fieffio
952 517 1171 563 consecutaest.

285 574 439 607 Noli-bant
448 577 528 604 enim
540 571 656 604 diutius
666 581 733 605 cum
745 581 778 604 eo
789 577 1018 603 communionem
1045 569 1153 603 babere
1164 592 1175 608 ‚

282 622 667 666 qmtalimentepraedt'tus
681 621 765 665 effer.
795 623 883 665 ‚Quin
905 622 939 654 ό·
952 619 1004 653 hoc
1028 617 1088 662 ipso
1108 630 1176 662 quo-

282 681 338 714 que
349 671 570 715 tempmplebs
581 670 908 713 constantinopolitana
931 672 952 703 ἃ
962 672 1074 710 synaxi
1090 669 1180 711 absti-

282 729 335 754 net
353 745 360 751 .
385 721 539 763 Abstinent
561 722 600 755 ab
622 722 725 755 eadem
749 726 848 755 omnia
863 722 955 764 paene*
975 720 1172 762 muster-ia,

280 781 379 806 eorum
410 771 664 812 archimandritae
687 786 698 805 .·
725 771 857 813 Abstinet
887 772 922 805 (θ’
945 773 1040 811 maior
1064 782 1175 814 quoque

276 829 359 865 par-t
380 824 507 858 senatus
520 848 527 855 .
555 822 657 865 Quod
677 822 783 866 ipsum
805 821 915 856 scribit
940 822 976 855 in
998 821 1114 855 litteris
1133 821 1174 855 ad

281 871 694 917 Ioannemfatriarcham
718 870 973 914 Antiochenum
994 896 1006 913 ,
1031 872 1065 906 &
1090 871 1174 909 Basi-

102 945 192 987 Epist»
214 956 262 985 ³⁰·
279 922 1174 1018 ifftfflfflfffffffizsssszffifflzffi&2232ff}

281 1021 572 1060 &Valentiniano
595 1024 757 1069 Augustis
777 1024 976 1059 confirmatu
995 1023 1040 1070 Et
1052 1022 1116 1056 huc
1138 1023 1172 1058 in

272 1073 402 1114 litteris
424 1072 467 1108 ad
488 1075 595 1118 ipsum
620 1074 813 1112 Nestorium
836 1074 964 1121 respicit
988 1072 1173 1106 Celestinus

100 1136 188 1176 Epist,
212 1142 262 1174 18.
279 1121 448 1158 Pontifex
462 1138 473 1158 .·
500 1126 598 1165 Tanto
609 1136 688 1165 nunc
704 1124 822 1158 horrore
834 1129 947 1157 vitaris
957 1147 964 1154 .
993 1122 1037 1156 Et
1048 1121 1173 1156 Edeffe-

284 1185 337 1210 me
351 1173 503 1209 Ecclefiae
513 1175 635 1208 Clerici
648 1175 681 1207 in
695 1173 844 1217 precibus
868 1184 927 1217 pro
941 1171 998 1207 Iba
1022 1173 1083 1206 suo
1098 1172 1174 1215 Epi·

287 1225 389 1268 scopo
401 1248 412 1264 ,
424 1223 464 1262 de
479 1222 541 1260 hac
552 1223 589 1257 N
590 1223 749 1263 estoriana
762 1222 960 1269 blasphemia
971 1247 983 1263 ,
1009 1227 1083 1257 Non
1095 1227 1174 1257 invi-

284 1274 338 1307 deo
350 1271 557 1314 Christofac‘lo
569 1277 632 1307 Deo
643 1299 654 1315 ,
681 1276 832 1309 accusato
857 1299 869 1315 ,
895 1273 1054 1309 exhibitis
1068 1274 1175 1316 Syno-

284 1323 332 1359 do
351 1322 537 1367 Berytensi,
552 1323 635 1358 &in
650 1322 915 1359 Chalcedonenfi
930 1324 1019 1359 lestis
1031 1346 1042 1363 ,
1068 1333 1173 1367 prote·

283 1374 426 1409 stantun.
457 1373 759 1409 Anatbematizamus
773 1373 984 1418 nosmetipfhs,
1010 1373 1175 1410 &terribi-

286 1423 461 1471 ligehennae
472 1424 610 1459 obnoxios
615 1424 750 1465 facimus
762 1449 773 1465 ,
792 1424 824 1466 fi
828 1429 968 1457 novimus
977 1425 1096 1465 aliquid
1114 1424 1175 1456 eale

286 1474 403 1508 dilium
423 1474 505 1509 abeo
516 1498 526 1514 ‚
554 1482 607 1507 aut
627 1474 712 1507 aliud
730 1475 849 1517 aliquid
866 1477 1050 1507 contrarium
1061 1471 1176 1506 Catho-

282 1524 353 1558 iieae
362 1523 451 1565 fidei.
476 1526 510 1558 Si
528 1530 611 1558 enim
630 1526 728 1567 aliquo
749 1525 808 1558 tali
829 1522 907 1556 diblo
932 1520 1175 1566 acquiesceremus

286 1582 343 1608 aut
352 1579 562 1609 communicare
582 1578 609 1608 ei
626 1580 679 1614 qui
690 1575 791 1612 dixit,
817 1581 869 1607 aut
889 1571 1116 1611 comministrare
1142 1577 1176 1605 in

283 1620 447 1668 sacrificio,
474 1623 580 1657 ultimo
603 1620 747 1663 supplicio
754 1620 910 1669 fitiffemus
930 1621 1076 1663 obnoxii,
1100 1629 1176 1654 tam-

285 1683 378 1715 quam
395 1676 644 1707 communicantes
667 1672 725 1705 tali
749 1676 928 1705 execrationi
947 1696 954 1704 .
984 1669 1028 1705 Et
1051 1682 1094 1705 ex
1114 1668 1176 1705 hac

283 1723 419 1767 Regula
430 1722 493 1756 suis
505 1722 539 1755 in
552 1722 660 1766 Regia
670 1720 804 1758 civitate
825 1720 1043 1766 Apocrisariis
1054 1721 1178 1758 Diaco-

288 1772 344 1809 nis
362 1796 374 1814 ,
401 1782 443 1808 ne
467 1782 543 1806 cum
566 1771 692 1815 Joanne
712 1781 770 1807 aut
797 1771 940 1815 cyriaco
962 1796 975 1813 ‚
1002 1772 1177 1816 Episcopis

288 1819 673 1865 Constantinopolitanis
693 1846 704 1862 ‚
729 1821 857 1866 profani
878 1846 892 1863 ‚
916 1820 1096 1865 universalis
1116 1824 1177 1854 Pa-

286 1871 450 1914 triarcba,
477 1867 631 1906 vocabuli
650 1870 938 1916 adsumptoribuS,
964 1870 1176 1915 procederent

288 1923 349 1960 seu
359 1923 396 1960 in
408 1921 566 1959 sacrificio
576 1921 820 1962 ministrarent,
845 1920 999 1968 Pelagius
1019 1920 1176 1959 secundus

289 1973 330 2008 ἃ
349 1973 486 2008 Sanctus
511 1972 691 2017 Gregorius
700 1970 873 2016 Magnus,
900 1971 1178 2007 RomaniPonti-

290 2023 388 2063 fices,
409 2021 665 2068 prohibuerunt.
690 2020 749 2057 ‘Ex
760 2021 875 2057 eadem
885 2019 966 2056 item
979 2021 1091 2056 statuit
1100 2021 1177 2056 Gre-

289 2074 404 2118 gorius
423 2072 601 2117 septimus,
627 2083 670 2107 ne
680 2073 754 2116 quis
777 2070 882 2107 fidelis
900 2070 1087 2115 Presbyteri
1109 2071 1178 2113 sui,

287 2122 427 2160 notorie
446 2123 617 2158 simoniaci
641 2132 697 2158 aut
721 2121 890 2167 conjugati
912 2147 924 2163 ,
950 2122 1076 2157 audiret
1097 2121 1178 2156 Mis-

287 2175 364 2210 tsam
378 2198 390 2215 ,
415 2183 472 2208 aut
488 2173 537 2207 illi
547 2172 583 2206 in
593 2172 666 2207 nilo
676 2173 936 2208 communicaret
947 2172 1176 2208 Sacramento.

344 2226 391 2260 Et
414 2221 495 2259 hinc
517 2222 680 2269 intelliges
705 2224 864 2258 famosam
875 2222 1033 2264 Arcadii,
1060 2224 1179 2258 Hono-

292 2275 359 2318 tii,
384 2285 422 2309 ac
432 2273 1026 2318 ValentinianitertiiAugustorum,
1051 2274 1179 2308 exstan-

294 2336 365 2362 tem
387 2327 422 2360 in
447 2323 575 2360 Codice
594 2322 854 2365 Theodofiano,
881 2323 990 2368 legem
1009 2323 1052 2358 ad
1076 2324 1181 2366 Euty-

297 2376 458 2412 chianum
480 2374 639 2409 Praetorio
661 2373 850 2409 Praefectum
863 2399 870 2407 .
896 2374 1034 2408 Rediens
1052 2376 1180 2408 Provin-

108 486 194 527 Epist.
202 497 246 524 14.

106 791 212 831 Epista.
219 801 244 821 1.

100 1326 165 1363 AB.
173 1339 229 1365 τοι

108 2371 158 2403 Ῐμῐ
164 2370 263 2409 &tin-4·

108 2420 144 2443 ε’·
157 2415 185 2442 ⁶·
299 2433 412 2462 ciarum
434 2434 611 2460 moneantur
625 2449 636 2465 ,
661 2433 695 2458 ut
721 2434 883 2459 conventus
901 2436 999 2458 eorum
1021 2431 1181 2460 arceantur

298 2477 406 2511 inliciti
420 2501 431 2517 ‚
455 2482 506 2519 qui
516 2474 739 2509 orthodoxorum
763 2477 901 2518 religione
912 2473 1050 2518 suffialti,
1071 2473 1178 2518 spretis

297 2525 493 2572 sacrosanllis
504 2524 634 2566 Ecclefiis
645 2550 656 2565 ‚
681 2526 741 2558 alio
751 2532 906 2559 convenire
917 2532 1059 2559 conantur
1074 2536 1082 2556 ε
1111 2531 1182 2564 His,

301 2583 357 2622 qui
378 2575 417 2610 ab
432 2572 565 2619 arsacii,
590 2574 766 2616 Theophili,
793 2575 965 2618 Porphyrii,
989 2574 1183 2614 reverendiffi·

303 2637 418 2663 morum
432 2624 529 2670 sacrae
553 2625 627 2668 Iegis
649 2625 818 2665 Antistitum
831 2650 843 2666 ,
869 2631 1066 2659 communione
1085 2626 1117 2657 di
1137 2636 1183 2657 en·

303 2685 388 2712 siunt
401 2701 413 2716 ,
437 2676 478 2710 ab
496 2673 629 2716 Ecclefia‘
637 2676 747 2716 procul
764 2676 943 2716 repellendis
955 2700 962 2708 .
988 2673 1183 2719 Theophilo

305 2725 540 2763 Alexandrino
561 2748 574 2765 ,
599 2725 655 2768 qui
679 2725 832 2759 Sanctum
860 2725 1020 2768 Ioannem
1042 2723 1184 2768 Chryso·

303 2780 451 2813 ssomum
462 2777 495 2811 in
507 2773 644 2819 synodo
654 2774 696 2810 ad
707 2774 873 2823 Qercum
885 2775 1053 2811 damnarat
1069 2799 1081 2816 ,
1107 2775 1182 2809 Por·

302 2827 429 2873 *phyrio
451 2824 670 2862 Antiocheno
689 2849 702 2866 ,
725 2824 782 2869 q'ui
806 2823 984 2860 barbariem
1006 2824 1185 2870 probabat,

305 2880 344 2914 a&
356 2877 493 2912 Arsacio
507 2874 881 2919 Constantinopolitano
892 2874 1085 2910 Patriarchae
1093 2897 1105 2914 ,
1129 2874 1186 2917 qui

306 2928 431 2973 expulsi
452 2926 586 2971 Joannis
599 2925 706 2962 sedern
731 2925 872 2960 intrusus
882 2935 1075 2970 occuparat,
1099 2935 1186 2958 com-

306 2980 475 3014 municare
495 2976 652 3017 nolebat,
678 2977 712 3010 &
732 2975 827 3011 duras
848 2977 1100 3010 contentionum
1124 2984 1188 3009 tur-

310 3028 368 3063 bas
379 3028 495 3074 agebat
506 3027 613 3061 fidelis
624 3026 765 3070 populus
775 3050 786 3067 ,
813 3025 953 3070 ideoque
964 3024 1093 3070 publica
1105 3025 1189 3069 lege,

313 3077 449 3112 secundi
468 3076 620 3121 &quinti
643 3075 849 3111 Antiocheni
862 3076 1010 3111 Canonis
1032 3075 1189 3109 excentri-

316 3137 357 3160 ce
377 3150 388 3166 ‚
411 3126 686 3171 compescendum
718 3127 752 3161 ὃς
774 3126 996 3162 reducendum
1022 3125 1190 3169 Principes

312 3174 501 3222 judicarunt
523 3203 530 3209 .
559 3179 734 3212 Innumera
759 3174 855 3221 hujus
882 3187 1016 3222 praxeos
1042 3175 1189 3219 exempla

314 3226 451 3274 possunt
463 3225 580 3260 adduci
593 3252 599 3258 .

369 3274 487 3318 Neque
497 3275 702 3311 solummodo
710 3288 784 3321 erga
796 3276 972 3322 Episcopos
984 3302 995 3318 ,
1019 3276 1191 3320 Metropo-

318 3325 395 3361 litas
417 3327 430 3364 4
456 3322 611 3357 Primates
635 3349 645 3364 ,
671 3338 708 3360 ac
730 3326 929 3362 Patriarchas
949 3353 960 3368 ,
987 3327 1038 3361 sed
1061 3328 1095 3362 ὃ(
1115 3337 1202 3371 erga-

320 3376 427 3419 ipsum
440 3373 632 3408 Romanum
640 3373 834 3409 Pontificem
848 3378 890 3410 ita
901 3379 982 3411 olim
994 3378 1058 3410 fuit
1067 3379 1174 3411 aecum
1182 3401 1190 3409 .

321 3424 463 3463 Etenim·
471 3422 556 3469 apud
566 3422 720 3458 Sanctum
729 3423 935 3467 Cyprianum
957 3427 1170 3463 Antonianus
1181 3451 1192 3469 ,

597 120 886 185 Car-zonas
920 127 1148 187 smoth
1182 127 1439 184 octava
1459 134 1826 191 Gesandng,

1235 217 1343 252 nescio
1354 218 1446 260 cujus
1457 217 1492 251 in
1503 216 1618 254 Africa
1639 219 1975 271 civitatisEpiscopus
1985 249 1996 270 ,
2020 232 2112 265 coma

1235 269 1404 302 municare
1412 269 1606 304 detrectabat
1618 270 1736 306 saneto
1746 272 1908 314 Cornelio
1918 277 2013 322 Papa
2024 303 2036 320 ‚
2052 276 2111 324 qu}

1235 319 1491 354 communicasse
1512 320 1605 364 iapfis
1626 345 1638 363 ,
1662 322 1698 355 δε
1720 321 2113 372 Trophymum'sspisco-

1233 379 1312 412 pum
1331 368 1455 418 lapsum
1478 370 1640 407 diceretur
1661 373 1696 407 in
1723 372 1950 418 Episcopaiem
1974 378 2111 421 gradum

1234 429 1349 453 contra
1371 418 1528 457 Canones
1549 420 1735 456 restituisse.
1763 423 1809 457 Et
1834 424 1876 458 de
1889 425 2114 463 Anastafiose-

1235 468 1346 503 cundo
1357 468 1521 505 Pontifice
1545 470 1656 508 scribit
1680 471 1761 507 liber
1771 472 1996 510 pontificalis.
2023 477 2115 511 Mula

1235 520 1342 553 Clerici
1365 523 1399 554 Θ
1422 520 1590 560 Presbyteri
1603 520 1638 564 fe
1659 524 1884 559 &communione
1910 525 1997 568 ipfius
2017 528 2115 562 erexe-

1235 578 1327 612 runt,
1351 572 1382 602 ιό
1402 573 1484 618 quod
1505 573 1733 614 communicaffei
1745 573 1809 615 fine
1824 572 1931 616 confiIIo
1955 574 2110 619 Epiftopo-

1236 630 1300 652 rum
1309 642 1320 658 ‚
1347 622 1402 654 vel
1412 622 1641 661 presbyterorum
1653 647 1665 663 ,
1692 623 1746 656 vel
1753 623 1834 658 Cleri
1853 626 1964 660 cunt‘lae
1978 625 2114 668 Ecclefiae

1236 669 1419 710 embolim,
1444 675 1573 706 niacono
1592 671 1832 716 Tbeffalonicenfi
1837 681 1952 710 nomine
1964 676 2112 717 Photino,

1235 725 1287 763 qui
1294 726 1458 758 eommunis
1478 731 1544 758 erat
1562 727 1682 764 acacio,
1708 724 1741 756 Θ
1753 729 1824 766 quia
1838 726 1944 759 occult?
1965 727 2059 761 voluit
2070 738 2116 760 re-

1236 782 1338 805 vocare
1364 775 1502 806 Acacium
1515 797 1526 813 ,
1551 773 1585 806 δ·
1609 785 1667 806 non
1685 779 1805 814 potuit.
1830 773 1935 821 Qod
1954 774 2118 812 Acacium

1238 821 1649 866 Constantinopolitanum
1675 821 1875 867 Episcopum
1894 823 1908 863 ,
1931 823 2007 859 Sedi
2026 822 2120 869 Apo-

1237 871 1358 910 stolicae
1375 872 1529 912 rebellem
1550 897 1562 914 ,
1582 885 1626 921 >ac
1648 873 1857 916 Eutychiana
1879 874 2120 913 communione

1238 922 1420 966 pollutum,
1444 933 1500 958 aut
1510 923 1579 967 ejus
1602 935 1727 961 nomen
1738 924 1879 969 recipere
1898 926 2036 969 pararit,
2064 925 2118 960 vel

1236 974 1304 1016 ejus
1321 972 1459 1008 schisma
1480 974 1690 1017 sequentibus
1712 975 1966 1011 communicarit
1977 973 2117 1013 Anasta*

1236 1023 1318 1065 fius,
1345 1023 1453 1067 palam
1463 1034 1547 1059 errat
1569 1024 1648 1061 liber
1659 1024 1866 1061 Pontificalis
1875 1038 1892 1067 ,-
1916 1035 2061 1061 attamen
2079 1026 2116 1060 in

1237 1074 1512 1118 presentipunsto
1533 1073 1678 1108 ostendit
1700 1073 1865 1111 vetustum
1884 1074 2034 1111 Ecclesiae
2045 1085 2119 1110 mo·

1237 1133 1304 1156 rem
1315 1147 1326 1163 ,
1351 1124 1394 1157 de
1406 1132 1474 1167 quo
1485 1124 1590 1169 pergit
1601 1122 1637 1157 in
1649 1123 1717 1157 vita
1728 1122 1965 1168 Pelagii—primi
1978 1148 1986 1156 .
2013 1125 2128 1158 Mlti-2.

1235 1174 1305 1206 tudo
1326 1171 1535 1218 ReIigionrum
1549 1197 1560 1214 ,
1586 1175 1761 1216 sapientum
1771 1198 1785 1215 ‚
1797 1204 1800 1205 γ
1810 1175 1845 1209 <5
1863 1173 2003 1211 nobilium
2013 1199 2026 1215 ‚
2045 1172 2119 1218 sub.

1235 1225 1387 1259 duxerant
1402 1222 1435 1267 se
1447 1226 1674 1259 icommunione
1692 1226 1756 1266 ejus
1768 1248 1780 1265 ,
1805 1225 1937 1259 dicentes
1949 1248 1960 1265 ,
1986 1226 2073 1269 ,Quia
2080 1228 2118 1257 in

1236 1285 1327 1308 morte
1346 1274 1448 1318 Vigilii
1475 1277 1572 1317 Papae
1586 1273 1619 1317 se
1643 1273 1821 1318 immiscuit,
1846 1284 1882 1309 ue
1902 1280 2000 1309 tantis
2015 1278 2117 1316 paenis

1235 1323 1419 1369 affligeretur
1433 1349 1441 1357 .
1468 1325 1514 1359 Et
1523 1323 1564 1359 de
1574 1325 1701 1369 Ioanne
1714 1323 1856 1359 secundo
1868 1323 2031 1359 Pontifice
2043 1320 2120 1364 ,cd
2161 1336 2165 1340 ·

1237 1374 1413 1420 Iustiniani
1423 1373 1566 1420 Augusti
1586 1384 1694 1419 preces
1703 1374 1862 1420 probante
1873 1373 1959 1410 hanc
1981 1373 2123 1420 proposi·

1236 1425 1382 1458 tionem.
1410 1428 1494 1457 Unus
1505 1426 1522 1457 ἑ
1528 1423 1635 1467 sanda
1644 1428 1793 1460 Trinitate
1802 1425 1841 1466 est
1850 1425 2024 1469 crucifixus,
2046 1422 2123 1460 scri·

1236 1471 1284 1508 bit
1306 1473 1343 1507 in
1357 1472 1563 1508 Nestorianae
1575 1484 1613 1508 ac
1623 1474 1840 1518 Eutychianae
1857 1473 1978 1510 haerefis
1988 1473 2121 1510 Brevi&

1236 1523 1286 1558 rio
1300 1520 1474 1560 Liberatus
1485 1523 1658 1559 Diaconus
1677 1523 1825 1559 Ecclefiae
1835 1523 2120 1571 carthaginensis-²
2139 1533 2212 1572 0²?-
2228 1542 2280 1563 ιο.

1237 1572 1282 1607 Ab
1290 1575 1355 1616 ejice
1363 1578 1560 1608 communione
1573 1571 1752 1617 discedentes
1763 1577 1865 1609 Romae
1875 1577 2001 1617 quidam
2018 1576 2122 1613 monae

1237 1621 1283 1654 chi
1295 1645 1308 1662 ‚
1334 1625 1548 1656 Acaemetaerum
1560 1622 1670 1665 legatos
1676 1622 1770 1665 ficari
1777 1621 1849 1665 fiant
1858 1646 1870 1662 ‚
1895 1623 1931 1655 ζ’]
1944 1619 2034 1666 usque
2043 1617 2121 1658 nunc

1242 1670 1319 1704 banc
1342 1672 1379 1704 de
1399 1670 1520 1712 Christo
1538 1671 1731 1713 confeffionem
1750 1683 1809 1705 non
1828 1675 1969 1713 recipiunt
1990 1696 1998 1704 .
2027 1670 2123 1707 Idem

1239 1721 1333 1756 fuisse
1354 1722 1477 1756 fastum
1507 1720 1709 1765 Symmacho
1733 1721 1890 1756 Pontifici
1910 1732 1949 1755 ac
1969 1719 2123 1758 Adriano

1241 1770 1385 1806 secundo
1395 1771 1555 1806 testantur
1565 1771 1658 1806 tertia
1670 1771 1761 1806 istius
1777 1771 1933 1806 Romana
1943 1770 2098 1816 Synodus
2107 1794 2121 1813 ,

1238 1822 1272 1855 &
1296 1822 1331 1854 in
1352 1820 1450 1864 hujus
1469 1821 1536 1855 vita
1552 1820 1753 1856 Guilielmus
1775 1820 2123 1857 BibliothecariusEo

1239 1871 1340 1906 clefiae
1354 1870 1533 1906 Romanae.
1559 1870 1661 1920 Qod
1683 1872 1783 1906 etiam
1806 1870 2120 1916 HugoLugdunene

1241 1922 1279 1955 fis
1290 1920 1443 1955 Ecclefiae
1453 1920 1579 1955 Primas
1590 1922 1610 1955 a
1620 1920 1764 1956 Victoris
1784 1921 1869 1956 tertii
1882 1920 2122 1966 communione

1241 1971 1398 2008 secesserit
1410 1995 1422 2013 ,
1448 1969 1606 2006 habemus
1626 1970 1663 2006 iu
1685 1968 1782 2016 hujus
1793 1971 1937 2017 Synodo
1952 1970 2122 2011 Beneven-

1241 2032 1316 2058 tana
1331 2047 1339 2055 .

1291 2072 1403 2107 Etiam
1415 2070 1651 2116 Imperatorum
1673 2082 1712 2105 ac
1725 2069 1877 2117 Regum,
1906 2083 1988 2116 quos
1997 2082 2037 2106 ex
2046 2081 2122 2105 cau-

1240 2123 1280 2157 fis
1302 2120 1658 2157 excommunicationis
1679 2120 1793 2167 gladio
1825 2121 1920 2157 ferire
1942 2122 2117 2162 nolebant,

1241 2173 1379 2208 crimina
1390 2171 1581 2207 sanctinum
1595 2170 1749 2217 Episcopi
1765 2183 1803 2207 ac
1813 2171 1927 2207 fideles
1938 2172 2051 2216 populi
2074 2170 2121 2205 ita

1244 2222 1451 2257 vindicarunt
1462 2232 1517 2256 aut
1529 2222 1801 2266 compescuerunt
1813 2246 1821 2254 .
1849 2221 1980 2256 Etenim
1992 2221 2034 2256 de
2043 2220 2123 2255 San-

1243 2276 1294 2308 c'io
1318 2273 1466 2307 Martino
1479 2272 1724 2306 Turonenfium
1744 2271 2027 2316 Archi-Episcopo
2047 2270 2122 2305 scri-

1244 2324 1292 2358 bit
1310 2323 1345 2357 in
1357 2322 1427 2366 ejus
1451 2321 1516 2356 vita
1532 2319 1666 2360 saueius
1685 2321 1844 2366 Sulpitins
1864 2323 1997 2356 Severus
2007 2316 2123 2355 Archi-

1244 2373 1423 2417 Episcopus
1435 2372 1642 2407 Bituricenfis
1651 2397 1658 2404 .
1686 2374 1764 2406 Ciam
1774 2374 1819 2405 ad
1834 2372 2122 2412 ImperatoremMa-

1245 2429 1358 2457 ximum
1363 2425 1470 2465 plures
1480 2433 1519 2456 ex
1531 2421 1653 2463 diverfis
1660 2421 1801 2463 partibus
1814 2419 1955 2463 Episcopi
1975 2416 2126 2462 convenis·
2138 2409 2209 2448 0⁸1²·
2228 2419 2274 2440 ²²·

1239 2473 1306 2518 sient
1319 2498 1330 2514 ,
1355 2473 1486 2514 &faeda
1506 2478 1584 2505 circa
1599 2474 1768 2513 Principem
1786 2477 1914 2504 omnium
1935 2471 2127 2503 adulatione-

1244 2532 1360 2557 taretur
1373 2546 1385 2564 ,
1406 2520 1497 2566 seque
1510 2523 1646 2566 degeneri
1655 2521 1848 2562 inconstantia
1857 2524 1960 2564 Regiae
1983 2519 2125 2554 clientela

1243 2573 1438 2608 sacerdotalis
1451 2573 1584 2616 dignitas
1589 2570 1760 2616 subdidfft
1770 2595 1781 2611 ,
1799 2577 1831 2604 in
1835 2569 1896 2613 solo
1908 2574 2042 2604 Martino
2051 2573 2126 2612 Apo·

1240 2624 1342 2665 staina
1360 2623 1521 2657 auderitas
1538 2622 1735 2665 permanebat
1745 2646 1752 2654 .
1779 2629 1865 2658 Nam
1875 2622 2047 2655 &convivio
2058 2621 2124 2652 ua-

1247 2673 1500 2716 ximifrequenter
1515 2680 1635 2717 rogatus
1649 2672 1812 2713 abstinuit,
1838 2672 1938 2705 dicens
1954 2668 1988 2712 fit
2011 2665 2123 2712 mense

1245 2727 1310 2766 ejus
1318 2728 1497 2766 participem
1508 2723 1558 2769 effe
1569 2734 1626 2757 non
1630 2723 1707 2766 poffe
1717 2746 1729 2762 ,
1751 2727 1804 2764 qui
1816 2722 1887 2754 duos
1902 2723 2098 2761 Imperatores
2106 2742 2120 2758 ,

1248 2775 1360 2817 utique
1385 2773 1581 2807 Gratianum
1605 2784 1643 2807 ac
1662 2771 1730 2815 ejus
1750 2771 1878 2805 fratrem
1920 2768 2125 2803 Valentinia-

1248 2834 1348 2862 num,
1372 2833 1466 2856 unum
1491 2833 1579 2866 regno
1595 2844 1608 2863 ,
1633 2822 1762 2855 alterum
1781 2824 1851 2853 vita
1875 2821 1973 2862 crepidi
1995 2827 2024 2851 et
2048 2841 2055 2848 .
2077 2817 2126 2853 Ee

1247 2875 1432 2908 Hincmaro
1453 2872 1604 2906 Remenfi
1625 2870 1906 2914 Archi-Episcopo
1923 2894 1935 2910 ,
1963 2878 2000 2903 ut
2021 2867 2125 2902 Caro·

1248 2924 1316 2958 lum
1340 2922 1480 2957 Calvum
1503 2922 1705 2956 Francorum
1725 2921 1855 2965 Regem
1877 2921 1896 2952 a
1917 2916 2126 2954 Lotharienfi

1247 2984 1351 3019 reguo
1361 2996 1373 3013 ,
1399 2972 1439 3006 ad
1451 2971 1660 3006 Ludovicum
1683 2971 1861 3006 secundum
1872 2968 2124 3013 Imperatorem,

1251 3022 1400 3059 Lotharii
1419 3022 1562 3056 defunsti
1588 3021 1690 3066 Regis
1716 3031 1909 3066 germanum
1935 3019 2065 3053 fratrem
2083 3026 2124 3051 ac

1249 3072 1406 3108 haeredem
1421 3073 1577 3116 spectante
1585 3096 1597 3113 ,
1622 3071 1810 3106 invadendo
1821 3071 2038 3114 compesceret
2045 3090 2056 3107 ,
2066 3074 2124 3099 aut

1250 3124 1291 3158 ab
1316 3123 1383 3166 ejus
1408 3122 1645 3156 communione
1673 3123 1703 3155 se
1728 3123 1883 3165 separaret
1910 3144 1922 3160 ,
1955 3115 2124 3152 mandavit

1251 3172 1406 3208 Pontifex
1416 3171 1582 3207 Adrianus
1592 3170 1750 3206 secundus
1760 3197 1767 3205 .
1795 3168 1898 3218 Qod
1909 3170 2012 3213 ipsum
2032 3166 2127 3200 Heu·
2140 3164 2275 3206 Epist-²⁰·
2329 3205 2334 3210 ,

1250 3225 1321 3259 rico
1341 3223 1447 3267 primo
1460 3221 1647 3268 Anglorum
1669 3223 1757 3267 Regi
1775 3247 1786 3263 ,
1810 3222 1908 3255 laicas
1928 3217 2126 3252 Antistitum

1254 3274 1456 3308 investituras
1475 3274 1638 3307 dimittere
1648 3273 1796 3311 nolenti,
1822 3269 1889 3303 fieri
1901 3267 1918 3301 a
1929 3267 2044 3301 Sancto
2057 3264 2127 3299 An·

1254 3326 1355 3359 selmo
1375 3323 1599 3358 cantuariensi
1619 3316 1993 3364 Archi-Episcopojuffit
2014 3314 2126 3349 Ponti-

1254 3377 1309 3410 fex
1333 3373 1498 3409 Paschalis
1528 3373 1685 3407 secundus
1705 3397 1713 3404 .
1739 3371 1784 3404 Et
1805 3368 1890 3412 apud
1912 3365 2126 3400 Lambertum
2141 3399 2168 3431 Λ
2193 3406 2279 3436 κη·

1257 3424 1456 3462 monachum
1478 3421 1811 3467 schafnaburgensem
1829 3416 1981 3463 Episcopi
2001 3415 2130 3502 aegro-
2170 3421 2176 3429 ·

1681 3497 1688 3501 .
1991 3477 2044 3502 cer
