2340 3762
42 1366 142 1398 Lae.
155 1375 199 1402 ¹4·

45 3127 77 3171 Ι...
89 3125 198 3158 meod.

43 3173 116 3206 αις.
122 3175 200 3205 εο4ς.

605 181 906 236 Seuerus,
941 190 1004 224 nr
1035 175 1230 223 Norts
1264 190 1394 220 11.1.u
1414 190 1646 225 srRAn.

224 276 380 311 cyranus:
407 268 567 310 Virgines,
590 276 658 307 quae
667 275 732 298 cum
741 262 916 308 quibusdam
932 270 1085 303 tamquam

223 327 287 350 cum
301 316 453 359 fratribus
481 315 642 353 habitant,
672 314 897 358 prohibuimus.
936 313 999 346 Eas
1023 310 1086 344 esse

223 365 277 408 sub
289 366 451 400 daemonis
461 367 494 400 &¹
504 363 662 399 charitatis
667 363 820 405 piaetextu
840 360 962 396 diaboli
975 359 1015 395 ad
1036 360 1087 394 in-

219 426 331 450 cautas
356 426 412 450 aut
431 417 557 460 ignaras
577 413 703 448 animas
722 411 912 448 irretiendas
933 409 1088 445 subtilita-

218 476 289 500 tem
299 489 311 506 ,
331 465 366 499 ὅ(
377 465 522 501 Ecclefiae
532 462 765 508 blasphemiam
774 486 785 504 ,
797 462 869 496 vere
879 461 964 495 dixit
975 485 986 501 ‚
996 458 1087 494 ideo-

217 525 282 557 que
292 513 478 560 rigidiffime
495 513 530 546 in
553 513 653 556 prima
673 511 921 557 Carthaginensi
948 509 1087 554 Synodo

217 565 382 610 §talaicis
399 564 434 598 &
445 562 462 596 a
474 562 611 597 Clericis
631 562 810 607 proscripsit
830 560 951 594 Gratus
969 557 1086 594 Archi-

223 611 403 658 Episcopus
421 611 707 658 Carthaginensis.
741 611 785 647 Et
805 609 952 645 addidit:
974 613 1088 655 Juxta

214 665 325 698 viduos
335 666 371 698 θ
380 664 493 697 viduas
505 664 607 697 eadem
624 663 673 696 Iex
679 670 783 695 manet
792 662 827 696 ὼ·
837 658 985 702 sententia
997 685 1005 693 ‚
1034 656 1087 693 Ex

215 724 332 748 mutua
342 714 432 748 enim
451 713 611 749 viduitate
631 711 783 747 volebant
795 709 928 753 quidam
947 711 1012 745 sese
1032 707 1090 743 sub

216 762 355 800 Nioeno
367 763 509 798 Canone
521 773 589 797 non
596 762 659 797 esse
670 758 919 806 comprehensos
931 785 938 792 .
966 758 1090 794 Adver-

216 813 270 847 sus
281 813 418 848 similem
437 812 683 848 cavillationem
696 811 788 846 addit
808 810 939 855 praefens
951 810 1089 845 Canon:

217 861 380 906 Hocipsum
400 867 489 896 ettam
504 861 644 896 Eunuchi
660 860 805 904 scrvent.
842 861 945 904 quue
965 869 1002 892 ut
1026 858 1089 892 fint

216 914 344 946 alienia
361 916 595 953 vituperatione.
624 909 926 946 Etenim&Sanuo
944 907 1089 952 Cyrillo‚

214 960 425 996 Alexandria
434 956 626 995 Patriarchae
635 958 735 1005 longe
745 959 918 994 castissimo
925 981 936 998 ‚
960 957 1088 992 affinxe-

213 1020 291 1045 runt
310 1010 437 1050 aemuli,
463 1009 554 1055 quod
576 1007 743 1054 Ephesum
763 1008 805 1044 ad
824 1008 999 1053 synodum
1013 1018 1092 1042 con-

211 1058 353 1095 duxiffiet
362 1061 513 1095 mulieres
524 1060 720 1103 canonicas,
746 1069 783 1094 ut
805 1058 872 1104 ipse
891 1058 1035 1102 queritur
1052 1058 1089 1094 in

212 1109 331 1145 litteris
341 1109 381 1144 ad
394 1107 664 1155 Theopernptum
675 1134 687 1150 ,
712 1108 931 1144 Potamonem
943 1132 954 1148 ‚
975 1120 1012 1143 ac
1022 1107 1091 1153 Da·

212 1159 335 1194 nielem
344 1159 543 1205 Episcopus,
568 1158 772 1195 exstantibus
782 1160 818 1194 in
841 1158 932 1195 Actis
945 1157 1090 1194 Concilii

213 1208 368 1254 Ephesini
376 1235 385 1245 .
406 1208 452 1244 Et
461 1210 678 1256 calligonum
687 1235 697 1252 ,
724 1208 951 1245 Valentiniani
961 1207 1091 1243 fecundi

213 1257 356 1305 ¹Augusti
383 1259 583 1296 Eunuchum
595 1285 606 1302 ,
617 1258 662 1294 ob
697 1259 821 1295 irritam
855 1258 1091 1303 turpitudinem

213 1309 310 1345 fuisse
328 1308 442 1354 gladio
467 1311 648 1354 percuffum
668 1311 762 1342 refert
775 1311 811 1342 in
833 1308 923 1342 libris
943 1306 1092 1342 adversus

214 1358 381 1403 Iulianum
416 1359 548 1394 Sanetus
583 1357 808 1403 Augustinus.
835 1357 948 1404 Qare
974 1353 1092 1390 merito

213 1407 406 1451 Agapetum
426 1408 593 1442 Clericum
622 1405 665 1440 ab
685 1406 798 1441 officio
829 1405 992 1447 suspendit
1016 1404 1091 1438 Iler-

213 1454 322 1489 denfis
333 1478 345 1494 ,
369 1454 556 1498 Agapetam
567 1463 677 1488 autem
689 1464 745 1496 per
755 1453 953 1496 Episcopum
963 1450 1092 1492 auferri,

214 1513 253 1538 nc
267 1503 301 1537 in
311 1503 499 1538 servitutem
516 1502 615 1537 vendi
627 1501 786 1537 mandant
797 1511 909 1548 quarta
921 1500 1044 1535 Toleta
1050 1510 1090 1534 na

213 1551 369 1597 Synodus
383 1578 395 1595 ,
413 1563 451 1587 ac
458 1551 657 1597 Hispalensis
666 1573 677 1584 =
704 1551 809 1599 Quod
819 1552 924 1596 ipsum
934 1550 976 1586 de
988 1550 1094 1586 Cleri-

213 1613 330 1641 comm
339 1602 514 1645 uxoribus,
540 1613 618 1647 quas
635 1601 722 1646 apud
744 1613 806 1636 nos
827 1602 963 1646 irrepere
979 1601 1093 1646 permi-

216 1653 299 1688 serat
310 1652 548 1698 Episcoporum
558 1652 678 1689 desidia
691 1676 702 1693 ,
727 1650 838 1687 statuit
852 1651 1011 1688 Pontifex
1020 1651 1092 1687 Leo

218 1709 327 1739 nonus
338 1727 346 1736 .

1885 189 1949 239 63

1198 259 1320 295 Canon
1331 261 1463 304 praesens
1473 259 1596 303 excipit
1616 272 1731 296 omnes
1749 273 1899 308 exceptas
1916 264 1936 298 ἰ
1958 263 2018 307 Sy-

1151 311 1240 344 nodo
1278 310 1415 356 Nicaena
1425 336 1438 353 ,
1474 308 1627 345 videlicet
1662 320 1820 353 matrem,
1856 314 2020 353 sororem,

1149 360 1300 394 amitam.
1329 359 1446 396 Tertia
1466 357 1618 404 synodus
1641 358 1903 405 Carthaginenfis
1928 363 2021 398 addit
2039 379 2166 417 φραγ,

1123 431 1125 433 v
1152 409 1231 443 item
1241 409 1376 444 fratrum
1387 421 1424 444 ac
1436 410 1583 444 sororum
1594 409 1676 444 filias
1684 434 1695 451 ,
1723 410 1907 444 necessarias
1928 413 2021 446 fami-

1150 459 1198 493 liz
1207 458 1342 494 ancillas
1354 482 1364 499 ‚
1390 470 1506 493 uxores
1517 460 1660 494 filiorum
1670 472 1708 495 ae
1720 461 1882 495 servorum
1895 484 1902 491 .
1925 460 2026 496 Eum-

1149 519 1213 552 que
1236 507 1411 543 canonem
1431 510 1568 552 respexit
1588 511 1721 545 Sanetus
1738 509 1897 545 Poffidius
1909 509 2025 544 dicens

1148 557 1190 593 de
1209 560 1240 593 S.
1262 557 1452 602 Augustino
1466 579 1478 597 ‚
1503 557 1617 592 eadem
1636 559 1677 593 de
1686 561 1779 595 causa
1793 571 1848 603 pet
1869 561 2025 596 Sannum

1148 607 1343 653 Gregorium
1363 606 1493 642 laudato
1513 607 1549 640 in
1569 607 1687 644 litteris
1706 609 1748 644 ad
1770 610 1961 645 Romanum
1986 621 2026 645 ae

1148 658 1328 693 Fantinum
1348 657 1562 698 Defensores,
1598 658 1687 702 quod
1708 658 1743 691 in
1763 659 1946 703 Episcopali
1969 660 2026 696 sua

1148 707 1252 743 domo
1268 719 1402 743 manere
1419 716 1476 741 aut
1497 706 1615 742 versari
1641 718 1747 752 neque
1759 708 1901 744 sororem
1923 709 2026 752 passus

1149 757 1247 793 fuerit
1260 781 1273 799 ,
1297 769 1402 802 neque
1412 758 1515 801 patrui
1527 766 1585 792 aut
1604 757 1710 794 fratris
1731 756 1836 800 filias,
1862 770 1940 801 quas
1954 757 2027 802 san-

1148 807 1260 842 aarum
1281 806 1492 852 Epifioporum
1500 808 1634 841 concilia
1654 813 1688 841 m
1698 813 1831 850 exceptis
1839 806 2003 851 posuerunt
2020 832 2027 840 .

1151 857 1279 892 Eodem
1287 858 1389 892 modo
1399 857 1554 899 synodus
1564 858 1593 891 F
1593 857 1826 902 oro-juliensis,
1838 857 1897 892 sub
1911 857 2028 892 Adria-

1149 919 1195 942 no
1206 908 1311 952 primo
1322 905 1480 943 celebrata
1490 931 1502 949 ,
1526 906 1672 943 excludit
1685 908 1828 944 omnino
1838 917 1955 943 omnes
1977 908 2027 941 fae-

1148 957 1274 999 minas,
1299 958 1398 993 etiam
1409 967 1545 993 matrem
1565 964 1604 993 ac
1616 959 1782 998 sororem,
1806 960 1856 991 Εὸ
1873 958 1955 1001 quod
1975 970 2027 991 ex·
2046 947 2157 986 C²P·4·

1144 1012 1311 1051 perimento
1321 1009 1479 1042 didicimus
1491 1009 1612 1042 illarum
1622 1010 1789 1050 velamento
1797 1009 1878 1042 alias
1886 1009 2025 1043 licentu'as

1148 1059 1195 1092 ad
1202 1059 1326 1092 elericos
1335 1059 1454 1094 aditum
1473 1060 1619 1095 veniendi
1634 1059 1818 1101 perdltionis
1837 1056 1957 1102 causam
1974 1057 2028 1091 ha-

1146 1107 1249 1151 buffi.
1278 1107 1437 1144 Eamdern
1459 1108 1621 1143 rationem
1630 1119 1691 1152 pro
1703 1107 1838 1143 laudato
1859 1110 1919 1142 suo
1942 1108 2026 1142 fasto
2047 1102 2119 1137 ΟΨ·
2144 1112 2184 1131 ¹⁰·

1147 1156 1286 1193 adduxit
1305 1159 1440 1194 Sanetus
1460 1157 1687 1204 Augustinus.
1724 1157 1838 1193 Aliam
1858 1157 2026 1192 adducunt
2046 1143 2119 1212 {25³⁹
2142 1150 2168 1176 3¹

1148 1208 1351 1254 Moguntina
1373 1220 1412 1244 ac
1423 1209 1579 1244 Metenfis
1600 1209 1660 1244 sub
1676 1206 1848 1253 Stephano
1867 1209 1958 1243 sexto
1969 1208 2028 1250 Sy·
2049 1190 2122 1262 Caii:
2141 1191 2169 1253 f

1149 1258 1250 1300 nodi,
1274 1259 1354 1294 item
1367 1258 1586 1294 Nanneoenfis
1599 1258 1657 1293 sub
1666 1259 1827 1294 Formosa
1839 1283 1850 1299 ‚
1875 1259 1910 1293 δε
1929 1257 2028 1301 Capi-

1150 1308 1217 1344 tula
1229 1308 1392 1342 Gualonis
1404 1307 1588 1343 cardinalis
1599 1332 1611 1349 ,
1636 1308 1755 1353 Legati
1776 1308 1811 1341 in
1827 1307 1999 1342 Franciam
2009 1307 2030 1342 ὲ

1149 1355 1469 1393 Paschalisecundo:
1502 1359 1592 1400 Sep?
1612 1358 1789 1391 audivimus
1809 1365 1867 1399 per
1883 1366 2032 1400 excepea-

1149 1416 1220 1439 rum
1230 1406 1404 1439 mulierum
1423 1408 1613 1446 comeffionem
1620 1408 1756 1447 plurima
1762 1405 1871 1448 scelera
1888 1407 1939 1449 ff
1958 1416 2033 1438 eon»-

1148 1453 1231 1495 mlffa
1239 1475 1250 1491 ‚
1273 1455 1319 1485 itti
1330 1461 1365 1485 ut
1380 1455 1506 1495 quidam
1516 1455 1702 1487 sacerdotum
1712 1465 1778 1490 cum
1786 1460 1920 1497 propriis
1927 1453 2032 1497 soror!-

1148 1501 1203 1535 bus
1221 1501 1437 1536 concumbentes
1453 1503 1533 1545 filios
1545 1514 1584 1537 ex
1608 1504 1842 1548 elsgeneraffent
1856 1530 1863 1538 .
1890 1502 2034 1539 Addunt

1150 1552 1369 1587 Nannetenfis
1385 1564 1422 1587 ac
1433 1553 1699 1596 Foro—Iuliensis:
1727 1557 1761 1589 51
1780 1559 1851 1597 qais
1872 1555 2032 1594 Presbyter

1151 1609 1284 1636 matrem
1293 1626 1305 1642 ,
1330 1607 1455 1637 amitam
1465 1628 1475 1644 ‚
1500 1602 1627 1646 fhrorem
1637 1603 1771 1638 babuerit
1782 1606 1969 1645 neceffitatem
1974 1612 2035 1646 pa-

1155 1657 1279 1686 tientem
1293 1675 1305 1692 ,
1329 1651 1439 1690 habeat
1449 1659 1482 1686 in
1491 1659 1557 1688 vico
1567 1663 1622 1687 aut
1644 1660 1676 1686 in
1691 1654 1769 1688 villa
1792 1654 1909 1687 domum
1917 1655 1999 1698 longe
2014 1657 2034 1690 ἃ

1145 1700 1201 1745 sua
1212 1700 1449 1746 conversatione,
1473 1702 1560 1739 &ibi
1570 1708 1613 1738 eis
1622 1703 1764 1744 mlmstret
1785 1704 1953 1748 neceffaria.

512 1959 724 2067 *c
781 1978 1322 2070 ANYON
1434 1984 1597 2074 VI.

217 2190 570 2336 QUoniani
593 2198 640 2246 in
673 2198 938 2265 Apostolicis
972 2196 1227 2248 Canonibus
1260 2196 1421 2248 dierum
1467 2199 1552 2260 est,
1599 2216 1746 2252 eorum
1759 2237 1773 2263 ,

1819 2205 1899 2271 qui
1945 2222 2035 2257 non

401 2263 526 2315 dueta
560 2284 690 2319 uxore
725 2270 771 2316 iu
804 2269 937 2320 Clero
972 2283 1282 2335 promoventur
1304 2305 1318 2330 ,
1363 2268 1472 2318 solos
1507 2273 1705 2321 Lectores
1718 2308 1731 2332 ,
1782 2278 1825 2322 δε
1861 2278 2031 2326 Canto-

218 2351 287 2385 res
322 2352 497 2383 uxorem
533 2335 647 2404 poffe
682 2335 861 2398 ducere3
895 2344 939 2389 &
973 2355 1050 2387 nos
1086 2338 1172 2387 hoc
1207 2337 1419 2389 servantes
1429 2339 1721 2403 decernimus,
1759 2358 1808 2392 ut
1824 2342 2032 2413 deinceps

218 2403 328 2453 nulli
362 2403 537 2472 penitus
571 2406 904 2475 hypodiacono,
940 2408 1012 2459 vel
1048 2410 1275 2470 Diacon0,
1311 2410 1381 2459 vel
1415 2409 1676 2480 Presbytero
1693 2411 1791 2479 post
1822 2412 1884 2464 sui
1909 2415 2031 2467 ordi..

219 2475 442 2523 nationem
475 2479 727 2528 contrahere
762 2479 917 2529 liceat.
964 2479 1006 2529 Si
1040 2495 1187 2530 autem
1220 2478 1347 2529 fuerit
1394 2480 1479 2530 hoc
1525 2480 1647 2531 ausus
1696 2481 1860 2544 facere,
1895 2483 2032 2554 depo-

218 2557 371 2595 natur.
407 2546 450 2606 Si
484 2548 583 2616 quis
616 2562 761 2598 autern
795 2566 966 2611 eorum,
1000 2551 1079 2617 qui
1114 2552 1161 2599 in
1195 2551 1372 2600 Clerum
1406 2550 1646 2614 accedunt,
1680 2553 1789 2604 velit
1819 2553 1915 2618 lege
1930 2561 2031 2607 Ma-

220 2613 417 2662 trimonii
453 2615 622 2666 mulieri
655 2622 883 2685 conjungi,
919 2635 1155 2688 antequam
1189 2618 1516 2690 hypodiaconus
1562 2621 1635 2674 vel
1669 2625 1922 2687 Diaconu8‚
1956 2622 2032 2679 vel

220 2682 453 2752 Presbyter
486 2685 731 2750 ordinetur,
767 2688 853 2739 hoc
887 2688 1047 2742 faciat.

401 2839 891 2889 SCHOLION.

307 2977 410 3018 Auon
429 2982 486 3019 ille
507 2982 718 3030 Apostolicus
737 2987 783 3022 est
804 2986 975 3034 vigesimus
995 2989 1090 3033 septi-

333 3031 478 3075 musjam
496 3034 587 3079 supra
597 3035 766 3073 adductus.
795 3038 945 3083 Exponit
966 3038 1001 3072 in
1014 3040 1088 3074 scri-
1115 3034 1119 3039 ’

219 3087 276 3121 pta
301 3078 343 3112 ad
364 3079 522 3123 Ioannem
541 3084 767 3121 Pmroriorum
792 3086 982 3124 Praefestum
999 3090 1089 3135 Lege

218 3127 351 3163 novella
368 3130 581 3174 Iustinianus:
607 3137 641 3170 Ω
659 3141 726 3179 quis
741 3143 821 3173 inter
831 3138 983 3180 clericos,
1008 3140 1090 3174 ultra

218 3177 373 3213 Leamm
402 3190 455 3214 aue
478 3185 638 3218 cantorem
657 3186 781 3221 «ficimus
802 3211 814 3228 ,
836 3192 953 3224 omnin&
973 3198 1089 3224 contra-

223 3233 307 3262 xerit
325 3235 447 3272 nuptias
462 3255 474 3272 ,
498 3230 574 3266 hunc
590 3245 631 3268 ex
641 3235 736 3276 nqstra
752 3238 964 3280 constitumne
983 3240 1089 3275 cadere

218 3279 385 3327 sacerdqtio
402 3280 599 3321 constituimus
617 3292 707 3327 atque
715 3289 849 3321 volumus
859 3312 868 3320 .
896 3288 935 3322 ln
947 3288 1037 3334 Lege
1048 3290 1098 3326 ad.

218 3326 387 3371 lulianum
405 3330 593 3370 Praefectum
613 3333 754 3380 graviter
762 3336 903 3381 queritur
915 3336 1089 3377 Canonem

1151 2838 1250 2877 istum
1275 2841 1392 2877 violari
1417 2839 1437 2876 a
1460 2841 1595 2885 multis,
1631 2841 1774 2888 ideoque
1809 2842 1893 2878 ultra
1917 2843 2031 2891 degra-

1153 2892 1277 2927 tionem
1303 2892 1390 2926 filios
1414 2902 1455 2926 ex
1478 2892 1639 2937 ejusmodi
1669 2892 1895 2928 Matrimonio
1929 2905 2028 2931 natos

1152 2941 1230 2978 facit
1254 2953 1323 2977 non
1348 2940 1479 2977 tantum
1504 2944 1664 2978 naturales
1680 2964 1692 2981 2
1715 2942 1862 2986 spurios,
1886 2954 1944 2979 aut
1965 2957 2028 2981 no·

1154 2990 1250 3034 thos,
1288 2991 1343 3027 sed
1366 2994 1492 3037 undique
1511 2993 1695 3035 prohibitos,
1725 2994 1761 3027 ὁ*
1778 2990 1954 3036 fiaecffoms
1976 3006 2026 3040 ge-

1153 3048 1282 3076 nitorum
1305 3043 1461 3087 indignos:
1500 3042 1634 3087 Utpote
1658 3050 1753 3077 natos
1775 3053 1819 3078 ex
1842 3044 1933 3081 coitu
1958 3044 2025 3088 jam

1153 3090 1278 3135 pridem
1301 3091 1456 3128 damnato
1470 3115 1478 3123 -
1504 3092 1557 3126 Ex
1578 3103 1646 3137 quo
1668 3091 1759 3127 vides
1778 3093 1931 3139 sacrilega
1956 3094 2024 3131 haec

1152 3141 1366 3178 Matrimonia
1386 3141 1405 3176 a
1426 3140 1601 3187 Iustiniani
1623 3141 1821 3187 temporibus
1831 3143 1918 3188 apud
1938 3144 2024 3180 Graa-

1150 3202 1206 3226 cos
1229 3192 1414 3226 invaluisse.
1441 3191 1566 3235 Easque
1587 3192 1691 3240 Leges
1709 3191 1750 3227 ad
1770 3192 1883 3229 minus
1907 3196 2024 3230 confir-

1151 3243 1268 3327 ἕπε,
1294 3252 1364 3283 non
1382 3240 1568 3279 moderatus
1594 3242 1690 3279 tuille
1709 3241 1864 3281 debuerat
1886 3246 2024 3290 prasens

1206 3302 1274 3327 nou
1287 3315 1295 3325 .
