2340 3762
117 1162 192 1201 cap,
212 1171 256 1198 14-

262 1429 266 1435 ⁵
292 1434 378 1476 Erg&
398 1434 537 1466 devotum
561 1436 623 1466 Deo
635 1431 801 1475 obsequium
822 1433 1015 1473 Euebartstta
1034 1432 1177 1476 resblvit?

348 161 445 206 ro4

296 228 416 263 diebus
429 239 467 263 ea
476 228 561 264 olim
572 227 652 265 hera
675 229 793 265 fiebat.
821 229 946 265 Leonis
970 227 1052 262 noni
1071 226 1187 262 Ponti·

1495 0 1539 29 XX«

705 147 1024 192 canones·
1046 139 1354 191 C-onciin
1380 141 1721 193 Tatina—ur.

1246 227 1513 270 Protosyncelius
1533 229 1567 262 in
1591 229 1718 273 Synodi
1738 231 1935 271 florentina
1954 230 2127 281 Apologia

296 279 370 314 ficis
391 289 539 324 tempore
568 279 608 315 idv
623 290 829 326 nequaquam
847 278 1004 316 deflerat,
1024 286 1060 311 at
1079 277 1184 321 ipsum
1245 277 1413 319 adversum
1440 278 1623 314 calumnias
1640 280 1751 316 Marci
1772 282 1928 328 Episcopi
1950 284 2127 331 Ephesini„

295 330 479 373 ignorans,
513 340 570 366 aut
599 331 751 374 ignorare
777 326 931 363 fimulans
948 324 1102 370 3Nicetas
1123 326 1184 362 Pe·

299 431 496 466 monasterio
518 426 700 464 monachus
726 437 765 460 ac
785 424 984 470 Presbyter,
1010 428 1045 462 in
1068 427 1182 463 libello

295 480 468 515 aduersum
479 491 541 513 nos
550 477 688 511 Latinos
700 477 829 521 sumpsit
842 477 969 513 exinde
975 479 1181 515 occasionem

297 530 384 574 pleni
397 528 495 564 nostri
517 527 551 560 in
565 527 821 574 Qadragefima
835 528 983 563 sacrificii
997 528 1039 563 de
1051 529 1182 564 violato*

296 579 496 623 Apostolicae
508 577 694 616 traditionis
715 577 839 622 jejunio
849 579 1041 614 accusandi.
1075 578 1181 614 Accu-

298 630 375 663 savit
388 638 469 668 nos,
495 629 587 672 quod
608 629 643 662 in
671 627 925 676 Qadtagesima
947 629 1180 667 celebraremus

294 678 391 713 mane
400 703 410 719 ,
435 688 531 721 atque
543 679 586 713 ita
597 677 758 722 jejunium
771 679 983 713 violaremus.
1012 680 1069 714 Est
1080 680 1178 715 etiam

294 729 530 764 Armeniorum
542 741 650 771 error,
677 729 718 763 de
739 740 806 774 quo
829 728 1027 764 Vincentius
1047 729 1179 774 Episco-

296 790 356 827 pus
370 778 606 816 Belluacenfis.
645 782 777 812 Armenit
794 788 850 822 per
867 788 960 814 totam
982 780 1178 825 ,Quadragefi-

294 840 377 864 mam
389 840 446 864 non
456 829 606 864 celebrant
616 853 628 870 ,
654 829 712 871 mfi
717 831 765 862 dte
780 830 925 864 sabbathi
937 833 990 865 vel
999 833 1154 864 Dominica
1166 856 1176 872 ,

292 885 365 922 quia
381 881 483 915 dicunt
491 880 791 921 hominemjejunium
808 880 955 924 frangere
967 907 977 923 ‚
1004 888 1116 924 quoties
1137 893 1178 915 ce-

291 930 405 964 lebrat.
435 934 560 972 Propter
574 930 652 963 hanc
662 936 752 966 ettam
774 929 895 973 causam
919 938 952 965 in
974 931 1073 975 sextis
1087 931 1178 973 feriis

292 991 352 1013 non
362 979 531 1021 celebrant,
556 978 710 1023 nesciltcet
724 982 875 1022 jejunium
890 981 1064 1026 frangant.
1108 985 1176 1016 Die·

295 1030 351 1063 bus
382 1037 503 1071 autem,
531 1030 635 1072 quibus
657 1041 765 1064 carnes
791 1033 968 1072 comedunt,
1004 1032 1176 1072 celebrant,

292 1085 363 1123 quia
385 1090 455 1114 tunc
473 1091 531 1113 non
545 1082 692 1124 ‚ieiunam
709 1105 716 1113 .
744 1081 800 1115 Est
822 1083 965 1118 vetustus
989 1084 1089 1117 etiam
1100 1093 1177 1126 quo-

289 1130 441 1166 rumdam
452 1130 650 1166 Latinorum
661 1141 769 1172 error,
795 1132 837 1166 de
861 1144 927 1175 quo
950 1133 1178 1168 Tertullianus

293 1182 328 1219 in
342 1180 427 1219 libro
438 1181 479 1217 de
491 1181 661 1219 oratione.
687 1183 856 1217 stationum
878 1183 1047 1218 diebuanon
1064 1191 1177 1227 putam

287 1233 423 1275 plerique
450 1231 658 1276 sacrificiorum
688 1234 869 1268 orationibus
898 1235 1176 1280 interveniendum,

291 1285 372 1326 quod
371 1281 462 1323 statio
466 1281 615 1325 solvenda
618 1283 658 1325 fit
670 1292 785 1325 accepto
803 1292 919 1326 corpore
930 1287 1050 1318 Domtm¹
1061 1310 1068 1316 .
1095 1285 1175 1317 Orn-

292 1344 351 1366 nes
362 1334 452 1366 enim
474 1333 652 1367 stationum
665 1333 732 1367 dies
740 1333 820 1367 olim
832 1333 1057 1377 jejunabantur
1070 1360 1078 1366 .
1103 1333 1175 1367 Per-

295 1383 345 1427 git
357 1384 500 1426 Scriptor
512 1382 663 1417 adversus
675 1384 880 1418 inconditam
895 1385 987 1418 istam
1000 1386 1156 1428 pietatem
1165 1410 1172 1417 .

293 1487 342 1516 An
363 1489 458 1527 magis
482 1485 543 1516 Deo
562 1482 695 1525 obligat?
721 1484 831 1515 Nonne
839 1482 993 1525 solemnior
1017 1489 1075 1517 erit
1087 1482 1177 1521 statio

294 1543 348 1567 tua
357 1558 367 1574 ,
386 1533 417 1574 fi
425 1534 459 1566 (π
471 1533 609 1565 adaram
621 1536 676 1565 Dei
683 1532 803 1573 steteris
815 1533 832 1564 ,ἶ
859 1537 978 1575 Accepto
988 1542 1103 1576 corpore
1117 1535 1176 1566 Do·

288 1588 389 1620 mint,
414 1583 448 1615 (v
465 1579 629 1623 reservato,
655 1591 808 1623 utrumque
815 1580 1009 1624 salvumest‚
1035 1585 1177 1624 &parti-

291 1636 401 1674 cipatio
408 1629 544 1674 sacrificii
557 1656 567 1672 ‚
590 1632 624 1664 <⁶5
635 1631 848 1672 executiooffictt
859 1656 866 1663 .
894 1631 976 1666 Non
988 1633 1081 1666 ausus
1090 1632 1177 1666 dam-

292 1694 370 1717 nare
380 1683 535 1725 pietatem
547 1679 664 1721 istam',
691 1681 800 1714 suadet
820 1682 855 1715 δε
866 1681 935 1716 fieri
958 1681 1150 1716 sacrificium
1163 1706 1176 1723 ‚

292 1734 328 1767 ἃ
341 1733 376 1765 in
388 1732 459 1774 ipso
471 1731 574 1774 accipi
586 1731 603 1763 ὲ
615 1731 740 1774 populo
756 1730 993 1765 Eucharistiam
1003 1755 1015 1771 ,
1032 1742 1175 1767 attamen

291 1794 365 1818 non
377 1782 480 1822 sumi,
507 1781 560 1815 sed
581 1781 727 1815 reservari
740 1781 774 1814 in
783 1778 896 1815 horam
910 1792 1054 1822 nonam,
1079 1792 1177 1826 atque

294 1833 341 1868 ita
354 1842 526 1873 utrumque
534 1830 601 1865 Dei
611 1831 737 1865 cultum
750 1831 883 1865 salvari.
910 1831 968 1866 Ab
988 1832 1102 1867 eadem
1114 1833 1178 1876 pie-

289 1893 363 1918 ·tate
383 1883 536 1916 existimo
559 1881 728 1915 industum
742 1905 753 1921 ,
786 1890 822 1914 ut
840 1881 1035 1925 jejuniorum
1058 1882 1175 1917 diebus

291 1933 489 1971 <sacrificium
504 1932 579 1966 esset
589 1932 711 1975 semper
722 1931 935 1975 vespertinum
950 1955 958 1964 .
970 1931 1075 1966 Vides
1087 1944 1176 1966 nam-

293 1995 358 2028 que
391 1981 592 2015 Tertulliani
615 1991 760 2025 ternpore
788 1982 893 2026 legem
919 1982 1079 2024 ejusmodi
1107 1994 1176 2016 non

292 2032 403 2068 fnisse.
432 2030 637 2066 Crediderim
650 2031 753 2075 legem
765 2029 918 2066 editam&
938 2033 1053 2066 Sancto
1067 2032 1177 2074 sylve-

293 2085 360 2118 stro
372 2082 559 2122 Pontifice‚
587 2080 850 2115 Christianorum
870 2082 994 2115 rituum
1012 2083 1176 2116 accuratis-

293 2135 377 2167 simo
389 2132 575 2166 ordinatore
589 2156 595 2162 .
625 2130 726 2165 Recte
736 2141 844 2165 tamen
856 2130 1009 2165 adversus
1020 2131 1176 2166 Nicetam

293 2184 502 2218 Pestoratum
515 2181 626 2215 scribit
638 2181 822 2215 Cardinalis
833 2181 1057 2215 Humbertus.
1074 2187 1098 2214 0
1108 2190 1177 2224 per-

294 2235 356 2278 fide
381 2230 621 2272 stercorianista,
658 2236 710 2274 qut
728 2238 820 2273 putas
839 2231 925 2273 fideli
947 2238 1177 2273 participatione

293 2288 435 2326 Corporis
461 2284 495 2316 δ’
514 2284 672 2325 Sanguinis
698 2283 818 2315 Domim‘
845 2280 1109 2325 quadragesimalia
1131 2291 1179 2316 at-

299 2347 354 2377 que
375 2331 569 2375 Ecclefiastica
586 2330 666 2374 solve·
679 2332 820 2372 jejunia,
845 2334 962 2364 omnin&
986 2333 1104 2365 credens
1127 2343 1177 2365 coe-

301 2384 393 2425 lestem
415 2381 507 2426 escam
520 2407 532 2422 ‚
556 2382 640 2415 velut
655 2390 803 2414 terrenam
815 2405 827 2423 ,
849 2389 905 2423 per
918 2383 1078 2424 aqualiculi
1091 2381 1179 2423 faett‘-

300 2436 375 2467 dam
397 2431 591 2475 &sordidam
603 2430 766 2475 egestionem
776 2438 809 2464 tn
816 2429 948 2475 Jecefficm
959 2437 1055 2464 emitti
1076 2457 1082 2463 .
1102 2432 1151 2466 Re
1157 2433 1180 2464 s—

301 2482 445 2527 pondete
466 2493 535 2515 uno
557 2480 655 2515 verbo
680 2491 827 2524 potuerat
848 2482 978 2524 plenam
993 2481 1133 2516 nostram
1145 2481 1178 2515 in

1246 329 1341 368 Ajunt
1350 338 1388 361 ex
1398 331 1532 373 Gregorii
1543 331 1966 375 Magntmstitationefaaum
1975 358 1988 376 ,
2009 344 2045 369 ut
2053 347 2127 379 qua-
2142 339 2171 372 F.
2179 345 2243 376 751.

298 382 436 414 &oratus
450 405 460 421 ‚
487 381 523 415 in
545 379 651 416 Studii
671 377 758 421 apud
784 375 1178 421 constantinopolitanos
1245 375 1426 421 dragefimali
1439 387 1566 423 tempore
1585 376 1676 423 apud*

1678 373 1831 417 ¹{Romanos
1841 384 1935 428 Mtffae
1950 382 2126 428 sacrificium

1243 434 1391 471 integrum
1405 437 1573 474 peragatur
1582 454 1594 471 ,
1618 433 1698 474 qaod
1706 435 1792 476 apud
1805 435 1870 468 illos
1883 433 2020 477 hodieque
2022 433 2128 478 ser-va-

1242 487 1293 511 tur
1303 502 1311 510 .
1339 478 1383 513 Et
1393 478 1578 515 Anastasius
1590 480 1909 521 Bibliothecariusin
1921 486 1990 519 vita
2001 484 2129 531 Grego-

1209 540 1215 553 =
1231 528 1282 577 ‚rii
1293 530 1424 564 secundi
1439 530 1614 565 Pontificis
1625 555 1633 564 .
1661 537 1718 568 Hic
1726 533 1974 580 quadragefimalt
1984 543 2127 578 tempore,

1242 588 1274 612 ut
1283 585 1317 612 in
1328 580 1681 624 quintafertajeJunium
1699 592 1787 626 atque
1807 586 1960 628 Mtffaerum
1972 585 2128 619 celebr-itae

1238 628 1325 672 fieret
1348 635 1381 663 tn
1399 630 1533 674 Ecclefits
1557 658 1568 672 ,
1595 633 1676 675 quod
1696 643 1754 667 non
1774 635 1918 681 aegthur
1938 660 1950 677 ,
1975 635 2101 677 instituit
2116 657 2126 668 .

1242 681 1294 713 De
1305 679 1420 717 eodem
1433 682 1545 717 scribit
1555 683 1725 717 Marianus
1737 685 1853 718 Scotus
1864 684 2054 731 &Gregorius
2067 689 2128 730 Pax
2143 701 2178 733 Α,
2195 707 2259 737 7²5·

1237 738 1282 772 pa
1296 729 1403 771 statuit
1415 755 1425 771 ,
1451 742 1484 766 ut
1505 737 1539 766 tn
1559 731 1805 778 quadragesimali
1826 742 1955 777 tempore
1974 738 2126 778 jejunium

1241 791 1330 823 atque
1341 782 1494 825 Mtffarum
1505 783 1659 817 celebritas
1670 782 1757 827 fieret
1768 810 1775 817 .

1291 831 1490 874 Respondeo
1502 834 1675 875 antiquum
1689 835 1849 869 Romanae
1869 847 1907 870 ac
1917 835 2027 870 omnis
2037 835 2126 871 Lati-

1242 891 1290 913 nae
1311 881 1459 917 Ecclefiae
1478 894 1605 918 morem
1627 883 1712 918 edici
1735 884 1776 919 ab
1797 885 1996 920 Innocentio
2017 886 2126 929 primo

1241 929 1404 967 Pontifice
1427 933 1462 967 in
1497 933 1612 968 litteris
1635 934 1676 971 ad
1699 935 1899 970 Decentium
1925 936 2127 981 Episcopum

1243 980 1458 1025 Eugubinum
1470 1008 1481 1024 ,
1507 994 1625 1029 agente
1630 983 1675 1028 de
1685 985 1764 1020 feria
1776 986 1865 1020 sexta
1875 986 2063 1021 parasceves
2084 997 2127 1020 ac

1216 1064 1219 1067 ,
1240 1029 1406 1066 ’δαὸὸαὼο
1417 1033 1534 1068 Sancto
1547 1046 1554 1066 :
1580 1034 1719 1068 Traditio
1734 1034 1868 1075 Ecclefiae
1877 1035 1968 1070 babet
1979 1036 2028 1076 isto
2038 1036 2127 1069 biduo

1243 1085 1434 1116 sacramenta
1446 1082 1581 1124 Ecclesiae
1596 1085 1721 1125 penitus
1737 1095 1795 1118 non
1811 1084 1951 1119 celebrari
1962 1109 1969 1117 .
1996 1085 2128 1126 Confirf

1244 1142 1310 1166 mat
1321 1131 1363 1166 ab
1374 1133 1512 1176 antiquo
1522 1133 1727 1168 decretorum
1739 1134 1855 1170 codice
1873 1134 1991 1169 relatus
2005 1132 2129 1170 Canon

1244 1183 1350 1226 prima:
1369 1183 1498 1228 Synodi
1521 1185 1756 1220 Arauficenfis:
1784 1188 1903 1219 Divina
1924 1184 2056 1226 Mysterta
2076 1183 2127 1219 hts

1241 1232 1352 1266 duobus
1363 1233 1468 1267 diebus
1487 1246 1545 1268 non
1554 1234 1738 1269 celebrantur
1753 1261 1761 1268 .
1772 1234 1892 1280 Neque
1907 1236 2002 1270 refert
2013 1259 2024 1276 ,
2035 1232 2129 1279 quod

1241 1281 1407 1317 Sabbatho
1419 1284 1539 1318 Sanbto
1565 1284 1736 1329 adsignata
1756 1284 1855 1320 Missa
1875 1286 1912 1320 fit
1934 1285 2034 1331 longe
2045 1283 2132 1319 antiJ

1240 1331 1388 1376 quiffima
1399 1357 1407 1365 .
1436 1332 1631 1379 Utrumque
1638 1335 1727 1369 enim
1739 1334 1773 1368 in
1785 1335 1901 1370 litteris
1911 1335 1952 1370 ad
1965 1337 2026 1370 suae
2037 1334 2128 1369 Con-

1240 1383 1440 1426 gregationis
1472 1383 1632 1418 Eremitas
1658 1385 1818 1420 conciliat
1841 1386 1974 1421 Sanetus
2011 1385 2128 1419 Petrus

1243 1431 1397 1465 Damiani
1415 1456 1421 1463 .
1449 1433 1535 1474 Mtffa
1546 1456 1557 1472 ,
1583 1445 1651 1474 quae
1662 1440 1746 1466 intra
1757 1433 1855 1478 ipsam
1867 1433 2013 1469 sabbathi
2023 1433 2125 1467 Sanc‘lt

1242 1482 1319 1514 diem
1341 1480 1534 1522 prohibetur,
1561 1482 1642 1516 noc‘le
1661 1484 1800 1517 celebrari
1815 1489 2005 1526 precipitur.
2046 1483 2127 1517 Pro·
2148 1505 2299 1542 1532„

1243 1541 1310 1575 pter
1321 1530 1531 1574 baptizandos
1543 1543 1580 1565 ac
1593 1532 1754 1577 Baptismi
1774 1533 1973 1577 Mysterium
1987 1546 1994 1566 ε
2020 1537 2059 1567 Ut
2080 1537 2124 1567 nt-

1241 1582 1391 1615 mlrumin
1401 1583 1528 1623 quodam
1537 1583 1700 1616 meditullio
1721 1583 1791 1617 binc
1802 1590 1907 1617 mortis
1927 1582 2053 1624 christi,
2081 1588 2127 1616 in·

1242 1631 1280 1664 de
1300 1629 1551 1674 Reficrrec‘lionts,
1582 1633 1733 1675 generalis
1756 1631 1912 1675 Baptismi
1940 1632 2127 1673 constituatur

1239 1679 1374 1723 salutare
1385 1680 1550 1721 Mfflerium
1562 1706 1570 1714 .
1597 1681 1691 1717 Hinc
1703 1681 1738 1714 ὃ(
1749 1682 1887 1724 synodo
1898 1680 2128 1717 Claromonta-

1242 1742 1284 1764 na
1296 1730 1408 1765 statuit
1417 1729 1569 1765 Urbanus
1589 1710 1749 1773 secunffls
1769 1730 1947 1766 Pontifex:
1977 1730 2128 1765 Sabbatha

1243 1779 1366 1823 Paftbae
1376 1792 1436 1815 non
1446 1780 1502 1822 ntfi
1504 1780 1568 1823 post
1578 1780 1682 1814 horam
1691 1792 1799 1814 nonam
1812 1781 1932 1823 offiium
1943 1782 2102 1816 celebretur
2114 1804 2126 1814 .

1241 1829 1440 1865 Florentinae
1450 1829 1557 1865 adhuc
1566 1831 1695 1874 Synodi
1707 1839 1856 1876 tempore
1874 1831 2007 1866 Missam
2031 1831 2126 1866 istam

1242 1879 1335 1914 fuiffe
1345 1879 1454 1914 media
1468 1882 1563 1915 noete
1574 1881 1769 1915 celebratam
1793 1881 1879 1925 apud
1892 1892 1953 1916 nos
1965 1881 2103 1916 Latinos
2113 1904 2129 1922 ,

1241 1930 1373 1964 testatur
1384 1930 1418 1964 in
1433 1930 1576 1973 ejusdem
1589 1931 1718 1974 Synodi
1732 1929 1864 1965 historia
1874 1931 2036 1974 Sylvester
2045 1931 2130 1976 Sgu-

1239 1981 1374 2024 repulus
1383 2004 1391 2013 .
1418 1980 1485 2022 Ipsa
1498 1981 1599 2025 igitur
1623 1981 1668 2015 ita
1681 1985 1787 2024 neque
1797 1980 1839 2016 ad
1848 1979 2003 2015 Sabbathi
2014 1980 2103 2015 diem
2114 2003 2128 2022 ,

1241 2041 1347 2073 neque
1364 2028 1404 2063 ad
1428 2030 1644 2065 Dominicam
1669 2032 1808 2075 spectat,
1835 2040 1872 2064 ut
1890 2029 1987 2064 simul
2011 2031 2130 2073 spestet

1239 2079 1280 2113 ad
1311 2089 1478 2122 utramque
1491 2103 1501 2118 ‚
1536 2079 1676 2122 ideoque
1698 2080 1824 2114 decima
1846 2080 1935 2113 sexta
1956 2078 2129 2114 Toletano,

1241 2127 1392 2171 synodus
1406 2130 1583 2163 aitcunffis
1607 2130 1681 2176 aliis
1703 2129 1839 2170 diebus,
1864 2138 2003 2173 excepto
2025 2130 2128 2164 unico

1238 2179 1429 2214 Dominicae
1440 2179 1601 2213 Paffionis
1613 2179 1668 2213 die
1681 2202 1692 2218 ‚
1702 2179 1836 2215 Missam
1848 2178 2001 2214 celebrari
2014 2204 2020 2211 .
2043 2180 2129 2227 Qi-

1239 2229 1314 2263 dam
1329 2229 1564 2272 Hispaniarum
1582 2229 1736 2273 Episcopi
1766 2229 1909 2264 basilicas
1927 2239 2007 2264 mne
2026 2231 2130 2265 etiam

1240 2278 1456 2319 claudebant,
1484 2279 1614 2313 nullum
1635 2280 1764 2323 penitus
1783 2280 1939 2314 facientes
1958 2279 2129 2319 officium,

1241 2341 1283 2363 ne
1306 2327 1437 2373 quidem
1459 2328 1584 2372 populo
1610 2329 1754 2374 legentes
1775 2329 1952 2373 pastionem
1972 2329 2128 2365 Domini-

1241 2391 1333 2414 cam:
1360 2378 1461 2424 Qod
1474 2377 1592 2413 merit&
1602 2381 1744 2414 correxit
1764 2390 1876 2423 quarta
1890 2378 2043 2421 Synodus
2053 2379 2128 2414 T0⁴

1241 2429 1349 2464 letana
1363 2454 1371 2461 .
1398 2428 1534 2463 Cunssis
1548 2430 1659 2472 itaque
1679 2430 1752 2462 aliis
1780 2428 2040 2476 Qadragefimae
2060 2428 2128 2462 die-

1242 2479 1303 2514 bus
1326 2479 1479 2513 Romana
1501 2490 1539 2513 ac
1569 2479 1680 2512 omnis
1701 2478 1820 2512 Latina
1843 2478 1983 2512 Ecclesia
2004 2479 2129 2521 semper

304 2530 559 2579 Quadragesima
580 2531 714 2565 Miffam
736 2556 746 2571 ,
783 2541 914 2575 excepta
936 2531 1014 2565 feria
1039 2532 1155 2574 quinta
1171 2555 1182 2572 ,
1242 2528 1417 2563 celebravit
1433 2527 1566 2563 Missam
1577 2529 1726 2572 plenam,
1754 2526 1844 2572 quod
1859 2527 2007 2571 adversus
2026 2527 2127 2562 Nice-

303 2582 455 2617 celebrari
469 2581 548 2615 hora
571 2591 659 2614 nona
677 2581 717 2614 ad
738 2582 923 2624 vesperam,
949 2581 1092 2625 ideoque
1114 2582 1182 2615 nul-

304 2635 369 2668 lam
383 2634 445 2666 effe
456 2630 604 2665 umbram
613 2630 725 2673 jejunii
737 2642 792 2673 per
804 2632 903 2674 ipsam
917 2631 1080 2666 violandi.
1115 2632 1182 2666 Ad-

306 2684 351 2719 do
376 2681 497 2715 Graecis
515 2692 583 2715 non
604 2680 695 2714 fuisse
723 2680 846 2724 ubique
864 2680 1015 2716 eumdem
1039 2693 1182 2716 morem.

306 2732 467 2782 Qiaedam
478 2731 626 2765 Ecclefiae
647 2731 682 2764 in
695 2730 805 2773 prirnae
815 2730 1095 2777 quadragesimalis
1110 2731 1185 2766 heb.

307 2783 458 2819 domadae
476 2780 611 2815 secunda
625 2792 663 2814 ac
674 2781 769 2814 tertia
786 2781 864 2814 feria
883 2781 1016 2816 Missam
1036 2782 1163 2825 plenam
1177 2806 1186 2822 ,

311 2835 454 2878 quaedam
467 2832 568 2866 etiam
579 2831 613 2864 in
627 2842 738 2872 quarta
758 2831 889 2864 &sexta
911 2832 989 2865 feria
1013 2831 1095 2866 infra
1116 2831 1185 2865 Do-

314 2884 469 2917 minicam
481 2882 764 2929 Quinquagefimae
775 2880 914 2916 habuere
928 2882 995 2916 sola
1005 2880 1188 2915 Praesansti-

311 2935 421 2969 ficata.

1243 2590 1311 2614 tam
1348 2578 1552 2613 Pe&0rat11m
1591 2578 1776 2613 Cardinalis
1812 2577 2019 2612 Humbertus
2042 2575 2126 2612 ιὀἃὲ

1245 2627 1387 2664 ostendit
1407 2639 1453 2662 ex
1468 2629 1613 2674 antiquis
1623 2629 1816 2663 Sanstorum
1835 2628 2040 2663 Pontificum
2055 2626 2126 2670 syl-

1246 2678 1360 2719 vestri,
1388 2678 1507 2712 Gelafii
1532 2691 1570 2713 ac
1580 2678 1733 2724 Gregorii
1746 2678 1865 2722 Magni
1887 2676 2070 2712 Miffalibus
2089 2675 2127 2709 li-

1247 2730 1312 2764 bris
1323 2754 1332 2770 ,
1358 2733 1391 2761 in
1401 2728 1509 2770 quibus
1522 2734 1617 2762 omnis
1629 2728 1870 2772 ,Quadragefimae
1879 2728 1943 2760 dies
1963 2724 2128 2770 habetspe-

1248 2780 1331 2813 cialis
1343 2778 1434 2821 Miffae
1446 2779 1617 2819 plenarium
1629 2780 1750 2820 officium
1759 2802 1766 2809 .

1300 2827 1449 2861 Adducta
1461 2828 1495 2861 in
1509 2829 1692 2871 oppositum
1707 2834 1898 2872 argumenta
1914 2824 1994 2860 solvi
2006 2825 2129 2860 debent

1250 2891 1291 2913 ex
1313 2878 1398 2911 libro
1410 2876 1596 2911 pontificali
1619 2878 1651 2910 in
1665 2878 1732 2911 vita
1743 2877 1849 2911 Sancti
1862 2875 2059 2910 Melchiadis
2069 2874 2132 2910 Pa»

1252 2940 1316 2972 pae.
1350 2933 1406 2962 Hic
1425 2926 1592 2967 constituit,
1619 2938 1656 2960 ne
1677 2927 1739 2960 ulla
1762 2933 1875 2960 ratione
1892 2927 1930 2963 de
1950 2929 2130 2966 Dammae,

363 2984 475 3018 Altera
487 2984 617 3027 quaestio
636 2983 681 3017 est
694 3008 704 3023 ,
731 2980 786 3017 An
804 2983 887 3017 olim
907 2982 1027 3017 Latina
1051 2981 1189 3016 Ecclesia
1252 2987 1306 3012 aut
1320 2975 1516 3020 quintaferia
1529 2979 1679 3019 jeJunium
1690 2983 1757 3019 ΨΜ
1774 2976 1906 3018 fidelium
1915 2986 2014 3019 “gem
2024 3000 2034 3014 ‚
2058 2981 2132 3018 qum

316 3046 370 3077 per
397 3046 531 3068 omnem
562 3033 852 3080 Qadragesimam
873 3033 971 3067 etiam
1005 3033 1059 3066 usa
1095 3032 1192 3066 fuerit

316 3082 412 3117 Missa
424 3083 755 3118 Praesanctificatorum
768 3083 780 3115 ?
806 3082 872 3117 Pro
891 3093 980 3125 parte
991 3083 1190 3116 adfirmativa

317 3133 441 3166 faciunt
454 3132 520 3167 haec
532 3132 624 3167 verba
636 3132 809 3167 Michaelis
821 3130 1009 3167 Patriarchae-
1032 3132 1191 3166 Constan-

318 3182 545 3224 tinopolitani.
572 3187 608 3214 In
621 3184 723 3214 multis
746 3183 848 3222 nostris
868 3182 953 3216 libris
975 3184 1131 3221 traditur,
1155 3182 1194 3214 le-

316 3238 452 3276 giturque
460 3234 478 3264 5
481 3232 597 3263 anc‘lum
609 3235 779 3274 Gregorium
791 3256 800 3271 ,
827 3239 872 3266 cui
890 3241 1107 3277 cognomentum
1120 3235 1194 3264 Dia-

319 3285 377 3326 logt'
392 3281 477 3323 fuit,
502 3282 585 3321 apud
593 3284 739 3312 Romanos
762 3280 838 3313 hunc
852 3281 991 3324 sacrificii
1011 3283 1129 3315 modum
1147 3279 1194 3323 sa-

322 3339 382 3366 cris
404 3333 438 3365 ὀ*
449 3330 723 3363 reconciliatricibus
736 3331 975 3373 ,Quadragefimae
987 3332 1087 3365 diebus
1101 3333 1196 3365 tradi-

323 3383 355 3415 di·
378 3393 408 3414 e.
434 3383 466 3413 st
475 3381 559 3413 mod&
573 3379 617 3410 ad
625 3377 686 3412 baec
695 3377 783 3420 usque
796 3389 927 3421 tempora
940 3388 971 3414 in
992 3387 1087 3415 veteri
1103 3386 1196 3414 Roma

324 3438 439 3477 agitur.
465 3432 530 3465 Pro
540 3436 627 3473 parte
638 3437 748 3462 autem
758 3429 907 3474 negativa
919 3431 998 3464 facit
1018 3432 1197 3476 Gregorius

1252 3041 1297 3062 eos
1321 3029 1384 3060 dies
1409 3029 1528 3071 Paganl
1544 3026 1629 3069 quasi
1647 3025 1765 3069 sacrum
1780 3029 1932 3068 jejunium
1962 3025 2130 3059 celebrant.

1255 3078 1332 3120 Ejus
1344 3076 1465 3110 decreti
1489 3077 1523 3110 in
1538 3076 1682 3119 Epistola
1699 3076 1740 3110 ad
1754 3077 1954 3111 Casulanum
1967 3074 2134 3115 Presbyte-

1254 3139 1323 3161 rum
1338 3126 1489 3159 meminit
1513 3127 1690 3160 &Sanctus
1703 3127 1925 3171 Augustinus:
1946 3125 2132 3164 Romaejeju-

1254 3177 1387 3211 nandum
1407 3181 1514 3217 quinta
1547 3175 1689 3211 sabbathi
1720 3188 1783 3215 non·
1802 3178 1940 3211 videtur.
1975 3173 2020 3206 Et
2044 3172 2132 3216 apud.

1255 3227 1404 3261 sanetum
1417 3225 1626 3261 Ambrosium
1639 3228 1742 3261 sermo
1753 3226 1938 3261 Dominicae
1949 3224 1983 3257 in
1995 3223 2133 3266 Sexage-

1255 3278 1333 3310 sima
1344 3300 1354 3316 ,
1381 3276 1514 3319 fingulis
1523 3277 1803 3321 quadragesimalis
1811 3273 1926 3319 jejunii
1937 3272 2048 3307 diebus
2061 3271 2134 3307 sub·

1259 3327 1380 3370 ducens
1386 3325 1485 3367 ferias
1498 3331 1621 3369 quintas
1633 3352 1640 3359 .
1667 3328 1783 3361 Romae
1793 3324 1826 3358 id
1836 3335 1914 3358 cum
1924 3322 2060 3373 cessante
2072 3322 2135 3356 Pa-

1257 3377 1406 3423 ganismo
1420 3377 1618 3419 pedetentim
1638 3375 1762 3411 cessasse
1776 3374 1872 3409 docet
1883 3384 1943 3408 nos
1963 3372 2014 3406 vel
2025 3372 2134 3406 solum

1258 3425 1495 3463 Sacramentale
1511 3426 1665 3472 Gregorii
1675 3425 1817 3470 Magni,
1842 3423 1953 3469 passim
1975 3423 1993 3456 a
2013 3422 2141 3507 Griaecie

1983 3483 2062 3519 appe
2075 3489 2088 3500 -

2144 2071 2221 2110 Cap.
2231 2073 2260 2100 8.
2317 2061 2322 2065 “
