2340 3762
662 189 728 223 ne
766 188 997 220 oc'rAvA
1033 173 1280 218 δεῖ-ΝΟΜ)
1314 169 1648 221 GsNaRALr.

248 266 305 294 tos
313 255 473 293 Nicolaus
483 257 640 294 Pontifex
659 259 751 293 fuiffe
763 259 808 293 ait
829 257 1020 292 Zachariam
1032 256 1141 305 Tau-1

249 307 401 343 mmeniae
422 309 456 342 in
478 309 607 349 Sicilia,
635 310 669 344 ὅ(
690 307 920 352 Theophilum
944 308 1118 343 Amorien-

246 357 316 391 sem
335 358 531 403 Episcopum
540 372 549 402 ;
577 360 634 404 qui
661 360 776 402 partim
797 355 943 403 precibus
963 382 973 397 ,
999 359 1115 401 partim

245 405 391 452 allegatis
401 409 582 444 rationibus
594 409 805 452 impetrarunt
825 408 971 451 suspendi
993 410 1117 442 senten·

246 456 349 497 tiam,
374 461 541 502 quousque
560 458 784 502 superveniens
804 459 944 493 Lazarus
965 458 1043 492 fecit
1063 469 1117 502 per

245 516 418 550 utrumque
429 509 626 543 Pontificem
636 506 814 553 pleniffime
824 507 941 541 firmari
960 534 967 540 .

297 555 399 592 Tunc
417 558 536 592 factum
558 558 624 600 est,
651 559 740 602 quod
761 558 802 593 ad
822 566 971 601 quartam
991 556 1116 601 Synodi

244 607 404 650 praesentis
415 606 589 642 Actionem
602 609 687 643 dixit
703 607 1036 654 magnificentissimus
1059 608 1116 641 Pa-

243 657 354 690 rricius
370 654 533 696 Bahanes:
567 657 701 702 Causam
725 657 885 692 Zacharia
908 670 964 691 non
984 656 1117 700 quaefivi-

242 717 329 744 mus,
353 705 418 739 bere·
439 714 516 741 enim
537 709 675 751 confeffus
685 708 743 749 est,
770 714 842 751 quia
861 708 1006 751 obligatus
1031 707 1069 747 est
1094 708 1116 739 ἃ

242 756 402 790 Benedicta
413 759 521 800 Papa,
545 768 578 792 ut
590 770 647 791 non
658 758 779 792 baberet
798 757 966 802 potestatem
991 756 1112 798 Pontifi-

240 811 319 839 cium
340 817 424 851 agere
442 833 452 849 ‚
489 810 576 841 donec
598 814 714 843 veniret
739 809 774 842 ό·
799 806 986 850 descenderet
1010 807 1115 839 iterem

241 866 308 889 cum
317 861 379 895 Iis,
402 856 492 899 quise
503 856 687 900 absciderant
705 859 727 889 ἃ
742 856 915 899 sanBiffimo
936 853 1115 888 patriarcba

239 909 379 948 Ignatio,
407 907 442 938 ὦ·
455 904 604 947 sumerent
621 908 741 945 judicia
762 930 773 945 ,
800 906 834 938 θ’
855 916 912 937 non
937 904 1092 944 custodivit
1104 928 1114 944 ,

239 964 330 995 mque
338 951 486 996 descendit
496 954 574 987 illuc.
600 954 644 988 Et
656 954 814 991 Romanae
826 953 972 988 Ecclefiae
984 955 1112 998 Legati:

239 1004 363 1037 Partem
375 1002 464 1037 habet
473 1015 536 1037 cum
548 1010 591 1038 eis
603 1030 614 1045 ,
639 1011 692 1047 qui
704 1016 762 1037 non
781 1005 958 1038 concordant
983 1015 1047 1038 cum
1057 1007 1113 1036 Ec-

237 1050 334 1093 clefia,
360 1054 614 1095 &comparticepr
637 1066 734 1088 eorum
746 1054 802 1093 est,
828 1059 879 1096 qui
894 1053 1032 1095 fecerunt
1052 1066 1114 1088 con-

238 1112 288 1137 tra
299 1102 456 1144 Ecclesiam
466 1102 770 1146 constantinopoleos,
797 1105 832 1137 ὁ*
854 1104 957 1137 contra
973 1103 1114 1147 sanlltffi·

236 1163 318 1184 mum
344 1153 554 1188 Patriarcbam
578 1159 732 1198 Ignavum
754 1178 760 1185 .
799 1154 997 1198 Gregorium
1018 1178 1029 1194 ‚
1055 1154 1113 1188 Pe-

237 1212 346 1243 trum,
371 1214 409 1237 ac
424 1203 635 1248 Eulampium
656 1204 773 1239 Romae
795 1203 1003 1247 personaliter
1024 1215 1113 1238 com,

235 1262 347 1294 parere
372 1275 383 1291 ,
409 1251 584 1297 denuoque
604 1264 679 1289 cum
704 1254 770 1289 illis
789 1253 981 1291 Zachariam
1005 1253 1110 1288 voluit

235 1300 395 1336 Pontifex
407 1302 599 1338 Benedictus
607 1327 619 1344 ‚
642 1305 760 1346 eosque
771 1304 901 1339 tandem
916 1304 952 1338 in
965 1304 1011 1338 sui
1023 1315 1112 1339 man-

234 1350 303 1385 dati
315 1353 559 1388 contumaciam
570 1354 757 1390 damnavit.
784 1354 828 1389 Et
848 1352 926 1387 hinc
949 1353 1111 1388 Nicolaus

233 1400 392 1436 Pontifex
401 1402 551 1441 adfirmat
562 1404 760 1448 Gregorium
772 1428 783 1444 ,
808 1403 888 1438 dum
900 1401 1058 1437 Photium
1075 1405 1111 1437 in

231 1449 454 1486 patriarcham
476 1453 699 1492 consecravit,
724 1464 793 1486 non
817 1452 889 1485 solo
911 1452 1110 1494 Episcopatu

230 1500 386 1540 caruisse,
410 1499 464 1534 sod
488 1502 605 1543 &ipso
619 1500 755 1535 nomine
767 1498 979 1540 Christiano,
1005 1500 1040 1534 id
1051 1499 1108 1541 est,

229 1547 324 1583 fuisse
344 1561 413 1584 non
425 1550 635 1585 solummodo
660 1549 864 1594 depositum,
887 1549 944 1585 sed
970 1550 1005 1584 δι
1031 1560 1107 1584 ana-

230 1597 480 1633 thematizatum
490 1625 500 1640 ‚
528 1600 658 1642 ipsaque
667 1601 766 1634 etiam
779 1600 858 1633 laica
870 1599 1108 1634 communione

232 1648 417 1683 exclusum.
445 1648 506 1682 Ista
520 1649 627 1683 Sancti
640 1649 762 1693 Ignatii
777 1647 927 1691 Synodus
937 1672 947 1687 ,
962 1659 1023 1682 nec
1037 1659 1104 1682 non

231 1697 384 1734 Romana
394 1698 453 1732 ista
477 1696 853 1743 Pseudo-Episcoporum
874 1697 1106 1741 appellantium

229 1746 400 1785 damnatio,
415 1749 545 1784 fuerunt
555 1750 641 1784 fassae
651 1751 763 1784 ostavo
788 1749 821 1782 &
842 1747 961 1783 ultimo
985 1748 1107 1783 Leonis

229 1797 360 1839 quarti,
386 1798 658 1834 ChrissiDomini
673 1798 773 1834 nostri
795 1808 885 1833 anno
907 1797 1106 1842 effingente-

229 1846 312 1882 fimo
333 1848 602 1892 quinquagesimo
623 1858 741 1891 quarto
761 1873 768 1880 .
802 1847 846 1881 Et
873 1857 952 1880 nota
972 1846 1106 1880 laudato

228 1895 338 1936 Leoni
349 1897 498 1938 proxime
516 1898 690 1933 succeffiffe
712 1897 925 1933 Benedictum
949 1896 1082 1930 tertium
1094 1920 1104 1936 ,

228 1955 328 1986 atque
349 1944 393 1981 ita
414 1948 604 1983 evanescere
626 1945 769 1981 fabulam
793 1945 924 1990 Papiffa:
946 1946 1101 1988 Joannaez

228 1994 312 2031 Eam
322 1996 411 2029 enim
433 1996 527 2031 distis
539 1995 757 2033 Pontificibus,
778 1995 975 2034 intersediffe
996 1995 1103 2032 fabula

225 2044 274 2079 est
285 2044 400 2078 frivole
412 2047 549 2081 mentita
561 2072 567 2079 .

279 2092 385 2128 Porro
407 2095 448 2131 de
468 2096 620 2140 Gregorii
644 2097 856 2143 damnatione
877 2096 917 2131 ad
929 2096 1102 2141 Synodum

228 2144 371 2179 nostram
384 2143 467 2180 dixit
478 2145 648 2182 Zacharias
663 2147 883 2182 schismaticus
908 2147 1102 2191 Metropoli·

227 2203 262 2228 ta
285 2193 571 2231 Chalcedonensis.
607 2201 680 2229 Non
698 2197 732 2229 ob
746 2198 865 2241 flagitia
884 2198 946 2230 ulla
959 2195 1100 2239 depofitus

226 2243 265 2283 est
278 2269 287 2284 ‚
308 2243 368 2287 sed
389 2248 470 2287 quod
482 2254 584 2286 pacem
606 2246 739 2288 Ecckst‘ae
760 2247 950 2289 perturbaret
968 2272 974 2279 .
1016 2246 1100 2280 Vult

225 2294 354 2329 nullum
376 2296 443 2339 ejus
462 2296 554 2330 fuisse
575 2297 697 2332 crimen
719 2322 729 2337 ,
758 2297 815 2331 nifi
841 2308 909 2330 non
931 2295 1099 2340 probatam

225 2343 329 2378 Sansti
342 2345 462 2388 Ignatii
477 2345 720 2389 promotionem
733 2372 743 2387 ,
770 2346 910 2389 ideoque
931 2346 1102 2389 depositio-

225 2404 302 2428 nem
317 2393 384 2436 ejus
394 2417 404 2433 ‚
431 2395 545 2438 utpote
556 2397 573 2430 a
584 2396 656 2430 laeso
671 2398 791 2441 Ignatii
802 2398 914 2431 animo
926 2406 1099 2435 extortam,

226 2443 316 2485 parvi
327 2445 390 2478 esse
401 2446 561 2479 momenti
573 2471 580 2478 .
608 2446 768 2489 Reposuit
778 2447 855 2481 vero
869 2443 1100 2489 Metrophanes

227 2489 431 2529 orthodoxus
445 2495 657 2539 Metropolita
678 2496 881 2540 Smyrnensis
893 2510 904 2529 .-
931 2499 1099 2539 Gra-gotium

226 2546 363 2586 Ignatius
379 2545 556 2577 patriarcha
566 2545 696 2587 deposuit
708 2569 720 2586 ‚
744 2558 802 2580 non
812 2555 846 2579 ut
858 2545 993 2585 Ecclefiae
1005 2544 1099 2591 deser«

227 2600 340 2633 torem,
360 2591 420 2635 sed
424 2602 542 2635 propter
552 2597 720 2629 criminales
738 2595 862 2639 causas.
893 2596 931 2629 In
953 2594 1098 2629 adductis

228 2641 343 2676 litteris
364 2642 520 2678 Pontifex
532 2644 690 2679 Nicolaus
700 2645 793 2680 addit
817 2646 955 2680 violatos
975 2644 1096 2688 abipso

224 2702 262 2724 ae
294 2693 416 2734 spretos
436 2692 705 2738 Carthaginenses
738 2706 838 2738 atque
866 2693 1096 2730 Antiochenos

223 2741 399 2783 Canones,
426 2744 589 2787 Episcopo
614 2754 670 2779 aut
681 2745 811 2780 Clerico
839 2756 894 2787 per
914 2744 1094 2788 legitimum

222 2789 422 2832 Superiorem
437 2793 558 2837 dejet‘to
570 2803 710 2828 vetantes
726 2806 826 2829 omne
839 2793 1093 2829 Ecclefiasticum

219 2838 433 2876 ministerium
444 2867 454 2883 ,
482 2854 519 2876 ac
532 2844 614 2878 istud
628 2854 843 2880 attentantem
856 2845 1016 2887 privantes
1026 2855 1093 2878 om-

220 2890 256 2921 ni
273 2890 398 2931 penitus
410 2893 592 2935 appellandi
609 2894 738 2928 licentia
751 2919 761 2934 ‚
787 2906 824 2929 ac
846 2895 900 2938 spe
919 2894 1093 2928 restitutio·

221 2939 291 2972 nis.
318 2939 503 2983 quuelicet
524 2942 661 2986 deJeetio
681 2944 756 2979 effet
778 2945 888 2986 iniqua
902 2958 912 2977 .·
940 2947 1092 2987 ,Quoniam

222 2989 350 3022 z’raelan
363 2991 507 3030 ‚iudicium
523 2991 638 3034 semper
659 2993 848 3035 inferioribus
859 2994 1091 3035 formialandum

220 3037 259 3078 est
271 3061 280 3076 ‚
306 3050 343 3072 ne
347 3038 377 3080 fi
382 3047 408 3072 et
420 3051 476 3073 non
487 3041 646 3076 obedierint
657 3044 746 3084 ‚licet
755 3043 794 3077 ab
804 3055 835 3077 eo
845 3044 975 3084 fortaffls
986 3043 1091 3084 injuste?

220 3089 346 3131 ligentur
359 3113 371 3129 ‚
396 3088 492 3132 ipsam
499 3089 562 3132 suae
572 3092 757 3136 obIIgatiom‘s
762 3092 945 3138 sententiam
969 3104 1006 3126 ex
1027 3093 1090 3125 alia

218 3138 329 3178 culpa,
355 3140 390 3171 id
408 3139 465 3180 est,
492 3140 687 3174 inobedientia
709 3152 895 3178 mereantur.
922 3143 1022 3176 Hanc
1043 3143 1090 3175 in-

218 3187 440 3231 obedientiam
453 3189 524 3223 aliis
535 3190 596 3223 suis
611 3191 800 3226 criminibus
823 3193 988 3228 addiderat
1013 3192 1088 3225 Gre-

222 3240 354 3281 gorius,
381 3241 493 3281 utpote
516 3239 533 3272 ὲ
554 3240 767 3276 damnatione
793 3253 846 3284 per
867 3241 1088 3275 patriarcham

220 3288 311 3324 suum
335 3287 497 3330 juffiffime
522 3289 664 3331 inflista,
690 3292 725 3325 δε
746 3302 801 3334 per
823 3291 906 3324 duos
920 3291 1089 3324 Romanos

220 3335 397 3373 Pontifices
426 3340 615 3374 confirmata
638 3365 649 3380 ,
687 3352 743 3384 per
762 3339 879 3374 laicum
903 3339 1087 3381 Principem

220 3395 274 3420 aut
284 3387 366 3421 certe
376 3388 416 3423 ad
429 3389 496 3432 ejus
505 3389 674 3431 juffionem
686 3401 739 3433 per
752 3389 859 3423 nescio
869 3400 951 3432 quos
964 3388 1087 3425 nullam

218 3435 409 3478 petestatem
422 3438 461 3474 ad
474 3439 536 3473 hoc
551 3439 705 3474 habentes
717 3440 896 3483 Episcopos
906 3438 1086 3475 absolutus,

315 3486 422 3525 christ.
439 3491 517 3532 Lupi
527 3494 612 3531 oper.
627 3493 705 3522 Tom.
716 3493 771 3522 ΠΙ.

1891 197 1911 241 3
1924 196 1982 242 23

1182 254 1306 289 Hacde
1316 256 1407 290 causa
1419 254 1624 293 anathemate
1632 260 1792 303 perculsus
1814 261 1895 306 suit,
1924 267 2060 301 exutus&

1181 316 1242 348 que
1264 305 1399 340 nomine
1429 304 1637 342 Christiano.
1663 311 1819 352 Gregorius
1839 314 1940 357 graece
1959 315 2063 350 idem?

1181 356 1225 389 est
1237 356 1326 398 quod
1338 355 1438 390 latine
1449 358 1648 400 Vigilannus:
1672 356 1768 394 Hinc
1791 360 1840 393 uti
1865 364 1961 397 istum
1972 363 2062 398 Gal-³5
2089 393 2091 395 ,

1182 404 1249 441 lum
1272 406 1406 439 Sanctus
1425 405 1654 450 Hieronymus
1675 430 1688 448 ‚
1721 407 1767 442 ita
1792 407 1881 444 hunc
1906 413 2061 450 Siculum?

1183 454 1341 489 Nicolaus
1362 455 1519 490 Pontifex
1541 457 1659 492 merito
1682 456 1855 501 appellavit
1880 462 2060 496 Bormum-2

1180 510 1272 546 tium,
1299 504 1412 548 utpote
1423 506 1479 546 qui
1499 506 1534 538 in
1547 516 1613 541 tam
1624 509 1741 551 apertis
1767 518 1864 553 atque
1884 507 2063 547 horrendis

1181 554 1358 588 Canonum
1377 555 1693 599 praevaricationibus
1730 558 1765 591 ὃς
1785 558 1941 594 dormiret
1964 561 2054 608 ipse,
2092 585 2095 589 -

1180 605 1213 638 ὃ(
1223 616 1356 639 omnem
1368 605 1564 640 existimaret
1572 607 1750 641 Ecclesiam
1762 608 1910 643 dormire.
1937 607 2064 645 Artem'

1180 654 1366 696 pistoriam,
1393 654 1483 698 cujus
1494 655 1738 702 fuitinfigniter
1761 658 1899 700 peritus,
1925 660 2060 696 sceler-ar

1178 703 1291 737 tisillis
1301 706 1408 739 Sansti
1422 705 1546 750 Ignatii
1562 707 1597 740 in
1609 706 1801 751 imaginaria
1813 706 1927 742 Photii
1947 711 2053 753 Syno-

1178 753 1222 786 do
1248 754 1447 798 imaginibus
1467 755 1655 798 nequiffirne
1673 756 1822 797 faedavit‚
1849 757 1890 792 ad
1916 758 2056 802 Cyzico-

1180 813 1258 836 num
1270 802 1621 848 Archi-Episcopatum
1635 807 1806 841 translatus
1816 805 1879 841 fuit
1888 805 1907 839 a
1915 807 2054 850 photio,

1177 850 1345 886 defunctus
1359 853 1480 887 ibidem
1492 877 1503 894 ,
1529 855 1563 888 ὅ(
1574 858 1687 900 magni
1701 857 1810 892 Sansti
1821 856 1921 891 instar
1930 858 2053 902 glorio·

1176 900 1210 934 so
1223 901 1400 945 Epitaphio
1413 912 1546 938 ornatus
1557 929 1567 945 ‚
1594 906 1682 950 quod
1693 906 1816 952 linguae
1826 907 1890 940 suae
1912 918 2057 942 novacu-

1177 949 1240 984 lam
1255 974 1266 989 ,
1292 951 1546 993 inquitNicetas
1557 955 1751 1002 Paphlago,
1777 956 1819 991 ad
1839 957 1940 1001 usque
1951 957 2054 992 finem

1177 1000 1210 1032 in
1222 1000 1374 1034 Sanctum
1394 1000 1561 1046 Ignatium
1582 1007 1728 1041 acuiffet.
1756 1008 1960 1049 Syracusanae
1984 1007 2061 1041 sedi·

1177 1048 1347 1085 hominem
1358 1051 1490 1086 reddere
1501 1064 1569 1087 non
1582 1054 1646 1087 fuit
1658 1056 1751 1087 ausus
1761 1052 1903 1089 Photius
1918 1079 1930 1096 ‚
1954 1065 2059 1098 atque

1176 1100 1220 1133 ita
1232 1100 1417 1145 legitimum
1428 1102 1521 1135 fuiss'e
1543 1102 1650 1137 San-{ti
1663 1103 1787 1148 Ignatii
1810 1103 1852 1137 de
1876 1105 1948 1147 ipso
1971 1103 2056 1148 judi-

1176 1149 1265 1185 cium
1275 1150 1321 1184 est
1334 1150 1438 1194 palam
1450 1152 1610 1186 confessus
1619 1176 1627 1185 .

1226 1199 1268 1233 Et
1288 1211 1365 1234 ecce
1386 1201 1551 1246 Gregorio
1572 1203 1626 1237 sua
1637 1202 1909 1240 criminationum
1930 1216 2054 1241 venena

1175 1248 1299 1293 ubique
1311 1250 1544 1294 despumante,
1569 1251 1710 1289 Bardam
1734 1254 1912 1296 Caesarem,
1937 1255 2056 1290 Theo-

1175 1298 1259 1333 dorae
1269 1301 1426 1345 Augustae
1435 1301 1565 1336 fratrem
1575 1314 1766 1347 germanum
1775 1329 1786 1346 ‚
1811 1315 1849 1339 ac
1870 1304 2064 1339 adolescen-—·

1175 1349 1215 1382 tis
1236 1348 1380 1394 Augusti
1401 1350 1578 1390 Michaelis
1603 1353 1637 1388 δε
1658 1354 1761 1389 totius
1780 1354 1911 1397 Imperii
1935 1354 2057 1389 Recto-

1174 1409 1241 1435 rem
1262 1423 1272 1438 ,
1308 1412 1384 1434 cum
1407 1402 1535 1443 propria
1562 1413 1646 1436 nuru
1667 1404 1775 1446 palam
1796 1404 2053 1444 adulterantem,

1171 1448 1521 1490 graviterincrepavit,
1545 1450 1672 1485 asacris
1684 1451 1839 1485 altaribus
1864 1452 1981 1494 abjecit
1992 1452 2055 1486 Pa·-

1172 1494 1309 1529 triarcha
1323 1497 1470 1541 Ignatius
1479 1523 1490 1539 ,
1502 1507 1601 1542 atque
1611 1499 1657 1535 ita
1669 1502 1763 1535 novis
1777 1501 1813 1534 in
1827 1502 1859 1536 se
1870 1500 2055 1535 calumnio-

1171 1544 1208 1577 fis
1223 1545 1480 1582 infidiisaditum
1506 1549 1673 1590 patefecit.
1702 1551 1836 1585 Etenim
1859 1562 1935 1584 curn
1957 1550 2054 1585 schis-

1172 1595 1298 1628 maticis
1309 1595 1479 1639 Episcopis
1504 1598 1537 1630 δε
1547 1598 1672 1632 Photio
1683 1600 1872 1642 conspirans
1883 1600 2053 1635 incaestuo-

1169 1643 1220 1675 sus
1239 1644 1366 1680 adulter
1387 1655 1578 1690 germanam
1601 1647 1690 1682 suam
1700 1645 1916 1683 Theodoram
1933 1650 2050 1695 Augu-

1169 1692 1248 1727 stam
1263 1718 1274 1733 ,
1300 1694 1545 1738 ejusquefilias,
1571 1696 1764 1731 Patriarchae
1775 1697 1916 1732 addic'tas
1930 1723 1942 1739 ,
1963 1700 2051 1743 apud

1168 1740 1367 1779 Michaelem
1379 1745 1568 1788 Augustum
1579 1745 1621 1780 de
1632 1748 1744 1781 nescio
1754 1747 1874 1789 quibus
1884 1747 2052 1782 meditatis

1168 1792 1291 1834 nuptiis
1309 1817 1320 1833 ,
1346 1794 1380 1828 δε
1402 1793 1578 1828 evehendis
1603 1796 1639 1828 in
1658 1795 1831 1838 imperium
1853 1796 2052 1842 conjugibus

1166 1841 1327 1880 traducit,
1352 1841 1492 1885 ideoque
1522 1843 1689 1886 persuadet
1711 1845 1744 1878 in
1759 1846 1955 1880 monasterio
1977 1858 2054 1881 ton<

1166 1889 1288 1924 dendas
1314 1901 1411 1934 atque
1424 1891 1641 1927 claudendas:
1667 1895 1706 1929 ln
1729 1906 1827 1938 quam
1849 1896 2050 1940 optimarum

1167 1940 1533 1984 ReginaruminJuriam
1543 1942 1622 1977 dum
1633 1943 1743 1979 seduci
1764 1945 1953 1981 patriarcha
1978 1959 2049 1981 non

1164 1990 1272 2033 potuit
1292 2013 1305 2030 ‚
1340 1990 1426 2034 apud
1452 1991 1607 2033 Juv-enem
1634 2004 1671 2027 ac
1695 1992 1830 2029 stultum
1857 1995 2048 2040 Principem

1165 2039 1303 2074 venitin
1319 2051 1479 2076 novarum
1493 2050 1599 2076 rerum
1614 2042 1830 2087 suspicionem
1843 2069 1853 2085 ,
1880 2045 1984 2079 immo
2009 2046 2046 2080 ὃς

1164 2089 1236 2124 laesae
1254 2089 1450 2134 majestatis.
1477 2089 1647 2134 Ejusmodi
1669 2095 1809 2128 tonsurae
1835 2092 1949 2136 injuria
1977 2106 2049 2132 eran

1162 2149 1241 2174 tunc
1268 2142 1302 2176 in
1324 2139 1490 2186 Augustas
1512 2143 1662 2184 personas
1684 2143 1825 2177 nimium
1849 2145 2046 2185 familiaris,

1162 2201 1258 2234 quare
1271 2190 1361 2227 illam
1373 2191 1463 2225 nulla
1475 2202 1621 2235 unquam
1637 2202 1677 2227 ex
1689 2194 1783 2228 causa
1810 2203 1866 2228 aut
1886 2194 1918 2227 vi
1932 2197 2049 2238 praesu-1

1162 2251 1248 2274 mere
1275 2239 1483 2284 profitebatur
1518 2241 1623 2285 quivis
1649 2241 1684 2275 in
1711 2243 1767 2279 sua
1796 2244 2046 2280 consecratione

1162 2290 1340 2335 Episcopus
1370 2315 1381 2332 ,
1409 2292 1577 2336 fueratque
1601 2291 1701 2328 etiam
1727 2293 1859 2331 Sant‘stus
1894 2294 2047 2337 Ignatius¹

1160 2341 1315 2384 professus
1330 2365 1338 2375 0

1210 2391 1304 2425 Hinc
1315 2401 1368 2435 per
1379 2391 1481 2426 alium
1495 2393 1604 2427 nescio
1620 2403 1718 2437 quem
1745 2393 1943 2439 Episcopum
1967 2405 2045 2430 ton„

1159 2438 1227 2474 deri
1238 2451 1374 2475 matrem
1399 2443 1567 2479 &sorores
1590 2442 1673 2485 jussit
1697 2444 1839 2479 ebriosus
1861 2444 2011 2480 Michael
2025 2471 2041 2486 „

1158 2489 1388 2535 ignatiumque
1398 2503 1489 2528 reum
1503 2493 1571 2537 egit
1585 2494 1733 2528 faitionis
1746 2494 1950 2529 Gebonianae
1962 2520 1972 2534 ‚
1995 2496 2041 2530 dev

1157 2551 1219 2581 qua
1246 2539 1379 2575 Nicetas
1399 2541 1568 2586 Paphlago
1598 2555 1606 2575 :
1634 2544 1713 2576 Gebo
1735 2543 1783 2577 hic
1804 2554 1871 2577 erat
1891 2544 2037 2587 stolidus,

1156 2591 1288 2632 maleque
1294 2589 1389 2634 sanus
1399 2590 1481 2624 homo
1495 2617 1505 2632 ,
1530 2597 1582 2634 qur'
1588 2598 1737 2634 proximis
1761 2593 1863 2627 ‘liebus
1879 2595 2039 2632 Dyrrachio

1156 2650 1303 2680 venerat,
1330 2641 1522 2683 Ecclefiastica
1535 2643 1655 2683 quidem
1676 2643 1754 2682 velle
1769 2645 1894 2676 indutus
1907 2668 1916 2683 ‚
1938 2642 1972 2685 [ι’
1985 2655 2038 2677 vc·
2076 2670 2080 2678 ,

1154 2691 1186 2722 ro
1203 2698 1261 2731 pro
1279 2689 1335 2728 filio
1345 2690 1502 2726 Theodora
1525 2691 1657 2735 Augustae
1669 2704 1707 2726 ex
1733 2694 1792 2725 alia
1812 2699 1878 2725 viro
1881 2693 2005 2735 gerebat
2020 2718 2032 2732 ‚

1153 2745 1267 2774 cuinon
1281 2746 1370 2781 pauci
1389 2752 1427 2775 ex
1443 2741 1529 2783 plebe
1539 2742 1621 2774 velut
1634 2752 1791 2786 regnaturo
1819 2742 2030 2775 adhaerebant.

1153 2788 1260 2832 Ipsum
1281 2789 1433 2827 manibus
1456 2815 1468 2832 ,
1493 2791 1628 2835 pedihus
1650 2816 1661 2832 ‚
1687 2804 1724 2825 ac
1747 2792 1853 2826 oculis
1890 2792 2032 2826 truncari

1152 2840 1235 2881 juffit
1259 2839 1426 2885 Augustus
1439 2865 1450 2880 ‚
1475 2852 1512 2876 ac
1532 2852 1572 2874 ex
1600 2840 1764 2880 Ecclefia‚
1792 2839 1858 2884 quo
1879 2841 2005 2886 fugerat
2018 2866 2030 2882 ‚

1151 2891 1328 2924 extrastum
1351 2891 1386 2924 in
1414 2890 1551 2926 insulam
1578 2890 1739 2933 deportari
1761 2890 1928 2935 Ignatium
1951 2917 1962 2932 ,
1989 2892 2031 2928 do

1151 2950 1217 2982 quo
1242 2941 1274 2973 in
1297 2939 1426 2983 Synodi
1442 2940 1556 2974 nostrae
1569 2940 1752 2981 praefatione
1767 2941 1951 2974 Anastafius
1976 2941 2032 2975 Bi-

1151 2988 1407 3026 bliothecarius:
1435 2991 1704 3032 Dampellereeur,
1730 2990 1887 3031 Eccleffizm
1898 2992 2028 3034 ligavit,

1149 3050 1186 3072 ne
1197 3037 1350 3082 quisquam
1360 3037 1505 3082 absquefi’
1527 3046 1558 3072 in
1568 3051 1602 3071 ea
1621 3037 1712 3082 sacra
1734 3041 1878 3082 celebrare
1899 3048 2027 3076 tentaret

1149 3089 1254 3128 officia.
1280 3087 1375 3122 Hinc
1399 3090 1491 3122 illum
1511 3090 1612 3131 usque
1635 3090 1675 3124 ad
1698 3090 1847 3124 dentium
1872 3091 2026 3125 excussio-

1150 3149 1224 3172 nem
1236 3136 1431 3181 colaphizari
1443 3138 1528 3179 juffit
1546 3138 1686 3179 Bardas‚
1712 3140 1817 3175 donec
1842 3142 1873 3175 se
1897 3140 2024 3184 profite-

1150 3196 1233 3222 retur
1244 3183 1432 3222 renunciare
1447 3185 1704 3230 patriarchatui,
1731 3202 1771 3223 ex
1794 3202 1859 3234 quo
1880 3190 1946 3233 jam
1968 3200 2023 3234 per

1150 3238 1340 3271 violentiam
1359 3237 1462 3270 fuerat
1474 3236 1589 3279 eiectus
1603 3263 1610 3272 .
1637 3239 1932 3274 Renuntiationem
1953 3242 2024 3274 sua·

1149 3287 1255 3323 serunt
1294 3288 1328 3321 ὃς
1350 3286 1431 3319 varii
1451 3286 1671 3332 Metropolitae
1704 3301 1742 3324 ac
1761 3289 1816 3324 alii
1844 3289 2020 3333 Episcopi,

1149 3336 1313 3370 credentes
1327 3335 1472 3371 Ecclefiae
1484 3348 1593 3380 pacem
1611 3338 1818 3382 Episcopatui
1839 3348 2021 3382 praeponen-

1149 3385 1242 3425 dam,
1272 3386 1528 3430 imitandamque
1542 3387 1647 3421 Sandii
1671 3389 1823 3434 Gregorii
1844 3388 2022 3420 Nazianze-

1152 3435 1184 3469 ni
1195 3434 1438 3474 laudatiffimam
1452 3447 1585 3473 vocem:
1614 3440 1738 3479 Dejiczte
1748 3450 1793 3473 me
1811 3443 1842 3470 r'n
1855 3445 1936 3482 mare¹
1947 3458 1957 3474 2
1984 3443 2021 3475 ‚ut

1544 3487 1565 3523 S
1592 3487 1613 3520 s
1655 3499 1677 3525 2
1915 3494 1969 3521 vos
