2340 3762
648 198 717 248 oe
752 211 999 246 ser-trun
1031 196 1280 247 §mono
1313 189 1648 238 Gen-enarr.

227 281 481 332 &rines‘Episeopt
495 278 674 330 juberentur
697 283 737 319 ab
746 288 923 328 Imperatore
946 279 1113 321 Constanti-

227 341 361 383 nopolim
390 347 492 381 petere
513 362 524 379 ,
549 342 636 376 venit
654 337 692 370 6·
713 333 779 382 ,ipse
799 337 941 378 Georgius
958 356 970 372 ‚
996 333 1031 365 (5
1052 331 1118 364 cum

220 389 404 435 JamYarum
428 393 594 433 imaginum
604 387 810 420 adorationem
828 391 977 431 cogeretur
986 393 1112 426 negare,

221 436 224 439 ’
237 451 295 475 orec
303 440 486 487 offentiretur
495 461 507 478 ‚
524 436 594 480 fuit
603 441 637 470 in
644 438 766 471 exilium
774 435 875 482 miffus
888 460 896 468 .

276 489 548 529 Acclamationes
567 487 625 521 has
645 487 679 521 δε
693 484 994 521 Anathematismos
1008 483 1115 518 fausta

224 539 552 586 synodusopposuit
574 538 685 583 impiis
696 537 783 572 hisce
793 535 980 580 Cayphaici
994 534 1116 570 Conci-

224 591 268 627 lii
279 587 573 631 acclamationibus
587 590 622 632 δε
632 587 929 630 Anathematismis
941 612 949 619 .
976 589 1116 619 AEterna

227 647 371 676 memoria
393 639 585 683 Constantino
612 639 832 683 Copronyrno
854 662 866 678 ‚
890 638 925 671 ὅ(
947 637 1016 681 ejus
1042 634 1114 669 filio

220 695 327 727 ,Leoni
339 689 534 729 Chazareno
543 715 552 731 ,
581 694 639 725 Vos
650 691 814 731 luminaria
822 687 1011 730 orthodoxia
1024 685 1091 726 estis
1102 709 1109 716 .

224 746 354 782 omnem
372 741 570 780 idololatriam
592 752 653 774 vox
676 738 897 780 exterminastis
918 764 926 772 .
956 735 1111 781 Magistros

223 798 335 827 erroris
345 803 403 826 vos
408 791 581 835 publicastis
593 816 601 823 .
628 794 797 831 Germani,
809 793 947 834 Georgii,
976 789 1010 828 j&
1023 788 1112 818 Man-

217 853 305 885 ζαν,
329 842 419 885 rnalae
428 847 576 883 opinionis
597 849 756 881 virorum,
774 837 895 883 sensum
907 850 961 872 vos
984 837 1111 879 dtffolvi-

219 893 278 936 stis
302 916 310 924 .
338 895 488 933 Germano
513 891 623 932 duplici
649 887 738 932 sensu
758 913 771 929 ,
795 890 831 923 ό·
858 890 936 931 ligni
955 889 1108 920 adoratori

221 940 394 981 Anathemae
417 965 426 972 .
452 943 576 984 Georgio
598 937 790 987 consentaneo
810 940 876 979 ejus
889 960 899 975 ,
925 939 959 971 Θ
974 935 1108 980 falsario

218 998 420 1035 paternorum
454 989 684 1036 magisteriorum
704 1011 717 1029 ‚
745 988 916 1029 Anatbema
942 1013 950 1020 .
978 991 1110 1021 Manzur

217 1051 352 1084 aequam
363 1046 493 1083 nominis
502 1064 515 1081 ‚
542 1037 690 1080 &similia
702 1041 860 1073 SaracenIs
866 1037 1013 1082 sentienti
1025 1041 1107 1071 Ana-

218 1089 343 1133 ebema‚
370 1095 540 1136 Imaginum
544 1088 686 1134 servitori
699 1114 710 1130 ,
734 1086 1109 1133 &falsascribentiMan-

219 1151 276 1174 aar
287 1140 477 1182 anathema.
503 1138 759 1183 Contumeliosoin
774 1138 944 1182 Christum,
970 1141 1005 1173 er
1017 1143 1109 1180 impe-

219 1197 261 1224 rii
277 1190 443 1234 infidiatori
468 1195 600 1224 Manzur
609 1189 779 1225 Anatbema
790 1215 797 1221 .
822 1193 993 1236 Impietatis
1006 1188 1106 1227 Doelo-

215 1245 251 1276 vi
272 1265 284 1282 ,
304 1239 345 1275 ’δ’
363 1242 442 1282 malo
464 1243 588 1285 Divina?
607 1243 770 1283 Scrt'pturae
791 1245 954 1285 interpreti
975 1242 1106 1282 Manzur

219 1289 406 1335 anathema!
431 1295 568 1335 Trinitas
589 1301 651 1326 tres
663 1290 730 1330 istos
754 1289 904 1334 deposuit‚
933 1291 1020 1339 Qis
1034 1301 1104 1325 non

217 1338 349 1377 horreat
371 1353 499 1379 tantam
518 1343 555 1377 in
567 1342 736 1388 Episcopis
757 1342 879 1383 mentis
900 1342 1107 1386 caecitatern‚>

215 1390 348 1427 Merito
355 1392 442 1435 dixit
463 1394 630 1437 poenitens
640 1392 823 1436 Gregorius
835 1391 1109 1435 Neo-Caesareenv

215 1442 257 1476 fis
269 1455 282 1475 .-
306 1440 510 1484 Obscuratum
522 1441 590 1485 ficit
611 1439 748 1483 infipiens
760 1451 807 1472 cor
831 1440 974 1478 nostrum.
1000 1439 1105 1480 Porro

216 1493 351 1533 manzur
361 1491 407 1534 est
420 1502 487 1525 vox
499 1489 631 1534 Syriaca
644 1514 655 1530 ,
682 1489 867 1535 significans
880 1490 1081 1530 Redemptum
1095 1512 1108 1529 ,

216 1553 258 1577 ac
268 1542 371 1586 ipsam
390 1541 484 1585 suisio
494 1539 702 1592 gentilitium
710 1540 818 1576 sancti
834 1540 972 1584 Joannis
982 1538 1106 1573 Dama—

215 1589 307 1626 sceni
331 1602 522 1642 cognomen
553 1591 687 1631 testatur
724 1589 951 1635 Theophanes
977 1603 989 1630 „-
1016 1590 1105 1625 Eum

216 1640 460 1677 Constantinus
473 1642 711 1684 Coptonymus
723 1650 857 1683 vocarat
869 1644 1034 1682 manzeron
1044 1664 1056 1682 ‚
1069 1638 1104 1680 id

215 1691 264 1727 est
274 1716 286 1733 ,
305 1691 455 1726 Ecclefiae
467 1692 671 1733 Novatorem
684 1715 695 1731 ‚
722 1691 756 1725 &
766 1691 944 1734 quotannis
956 1687 1105 1724 Anathe·

215 1741 298 1780 mati
308 1740 466 1776 subdebat
479 1767 487 1774 .
515 1741 603 1775 Eum
627 1739 818 1785 Cayphaica
828 1741 981 1784 Synodus
1001 1740 1107 1775 imita-

215 1801 272 1828 tur
293 1812 303 1832 ·,
328 1791 435 1838 Qod
462 1791 518 1826 ille
540 1791 624 1825 inter
650 1791 828 1833 Saracenos
853 1791 975 1835 degens
1002 1787 1105 1824 sacras

213 1841 379 1886 imagines
390 1840 491 1875 libere
499 1840 687 1876 defenderet
698 1865 709 1882 ‚
736 1842 771 1875 δε
786 1841 1009 1875 Ecclefiastica
1020 1839 1100 1884 dog-

215 1887 306 1932 mata
316 1890 357 1926 ad
368 1890 471 1933 laicos
482 1891 653 1935 Principes
674 1902 745 1925 non
756 1892 895 1935 spectare
917 1890 1025 1934 palam
1042 1890 1106 1924 cla-

215 1950 345 1983 maret,
369 1951 505 1976 vocatur
525 1941 660 1985 imperii
680 1939 847 1975 insidiator
859 1965 870 1981 ,
895 1941 931 1975 &
952 1939 1104 1975 adversus

215 1992 415 2035 Romanurn
433 1992 609 2038 imperium
632 1990 749 2028 eadem
760 1991 902 2027 sentiens
925 2002 1003 2026 cum
1015 1991 1105 2034 Sara-

216 2053 308 2084 cenis
323 2067 330 2075 .

267 2091 403 2132 Exinde
413 2092 528 2127 omnia
546 2093 599 2128 sua
621 2092 706 2129 Aeta
719 2092 878 2139 Augustis
889 2091 1104 2136 Principibus

214 2153 254 2178 ac
266 2140 417 2177 Adriano
429 2142 590 2178 Pontifici
602 2144 715 2179 retulit
730 2145 837 2178 sanda
846 2141 1000 2187 synodus
1012 2161 1033 2183 ,·
1050 2142 1102 2176 sex

213 2191 338 2236 priores
360 2192 527 2238 generales
537 2193 693 2239 synodos
703 2192 896 2239 amplissime
905 2193 1105 2230 confirmans

212 2253 254 2276 ac
265 2242 421 2286 profitens
435 2267 446 2284 ‚
471 2243 716 2288 adjungensque
726 2244 760 2276 in
776 2243 891 2278 litteris
901 2243 942 2278 ad
954 2242 1077 2286 Papam
1092 2254 1102 2281 :g

213 2294 269 2326 Ex
281 2293 389 2336 quibus
399 2316 411 2334 ‚
429 2295 545 2339 utique
557 2294 789 2333 Ecclefiasticis
800 2293 1034 2331 traditionibus
1044 2304 1100 2337 per

211 2343 268 2376 sex
277 2341 447 2387 generales
458 2344 612 2388 Synodos
635 2344 779 2388 probatis
790 2368 801 2384 ‚
827 2350 920 2380 etiam
931 2350 1099 2387 imaginum

205 2390 304 2434 fae‘lt'o
314 2393 372 2438 est,
398 2402 477 2436 quas'
489 2393 666 2429 honoranter
686 2396 847 2431 adoramus
874 2396 908 2429 eb·
913 2392 1100 2440 salutamus.

211 2441 374 2485 speciales
394 2455 436 2483 ex
446 2444 585 2486 nomine
604 2446 663 2479 suo
685 2446 809 2487 litteras
831 2445 981 2485 addidit,
1007 2442 1102 2480 stabi-

212 2492 278 2525 lem
291 2493 339 2526 sui
351 2492 569 2538 Episcopatus
589 2496 879 2531 confirmationem
890 2493 1076 2539 supplicans
1090 2518 1101 2534 ‚

211 2542 348 2575 Sanetus
359 2542 559 2583 Tharafius‚
584 2556 722 2588 quarum
742 2545 788 2580 est
811 2546 911 2580 finis.-
935 2544 1102 2584 orthodoxi,

213 2590 402 2633 &fortiffimi
415 2597 611 2635 Imperatores
632 2595 718 2635 nostri
729 2601 761 2628 in
772 2602 850 2629 omni
861 2597 918 2629 loco
944 2594 1098 2629 venerabi-

212 2642 258 2678 les
282 2648 426 2687 imagines
437 2654 617 2684 erexerunt,
641 2654 706 2678 tam
722 2643 832 2687 scilicet
853 2652 885 2678 in
905 2645 1096 2678 celeberrimis

212 2693 356 2734 templis,
383 2705 475 2736 quam
497 2699 528 2727 in
540 2694 699 2738 Regalibus
718 2696 868 2737 palatiis.
896 2695 928 2729 A
941 2693 1101 2739 Principi-

212 2740 273 2775 bus
284 2743 393 2786 itaque
404 2744 594 2784 discedendi
605 2745 774 2783 licentiam
784 2769 796 2785 ‚
822 2744 1011 2779 a'Romano
1025 2745 1100 2789 Epi-

210 2790 312 2835 scopo
324 2792 486 2833 Actorum
498 2795 631 2834 suorum
654 2806 795 2834 examen
808 2819 820 2841 ,
847 2793 1073 2844 probationem
1088 2819 1099 2841 2

209 2851 255 2880 ac
269 2841 455 2880 firmitatem
466 2844 621 2889 Synodus
634 2846 762 2890 rogavit
773 2869 781 2876 .

266 2889 411 2938 Qando
436 2893 471 2932 ἀ
497 2896 668 2938 quomodo
694 2890 769 2929 'fint
805 2893 886 2929 editi
921 2895 1097 2936 Canones,

212 2939 407 2985 ignoramus
432 2966 441 2979 ε
486 2943 699 2988 Apostolicos
733 2946 876 2990 Legatos
906 2945 998 2984 fuisse
1031 2946 1100 2990 qui-

209 2989 352 3029 busdam
373 3000 564 3037 cooperatos
588 3019 599 3035 ,
634 2994 737 3038 liquet
757 3006 798 3028 ex
820 2995 960 3036 Canone
986 3007 1098 3039 nono,

212 3051 272 3084 per
297 3040 381 3084 ipsos
407 3064 419 3080 ‚
455 3051 493 3075 ut
519 3042 610 3085 supra
636 3044 800 3079 ostensum
825 3069 836 3086 ‚
871 3044 1098 3088 expostulato.

216 3088 321 3138 Qod
334 3091 412 3124 item
437 3091 607 3136 profanum
626 3093 804 3137 universalis
815 3094 956 3139 Epifiopi
976 3107 1098 3136 nornen

215 3139 259 3179 ab
272 3140 433 3184 Episcopo
447 3141 823 3186 Constantinopolitano
844 3145 1076 3192 deponendum
1090 3172 1100 3191 ,

212 3189 250 3225 ἀ
262 3190 458 3233 patrimonia
481 3202 518 3225 ac
529 3203 633 3235 raptas
643 3193 808 3229 Dioeceses
819 3195 980 3234 Romanae
992 3197 1102 3231 Eccle÷

214 3240 265 3280 {iae
275 3239 488 3279 restituendas
498 3241 655 3283 urserint,
680 3244 870 3278 &exauditi
893 3257 961 3280 non
979 3247 1101 3280 fuerint

216 3288 318 3331 iidem
344 3290 462 3336 Legati
485 3314 497 3331 ,
531 3292 663 3330 testatur
691 3292 855 3334 Adrianus
881 3294 1039 3330 Pontifex
1065 3299 1100 3336 in

46 3337 106 3377 2⁰¹--
128 3345 202 3373 c·²5r
219 3338 392 3384 Responso
412 3341 452 3375 ad
476 3339 572 3382 dubia
598 3343 816 3378 Francorum.
845 3347 891 3381 Et
910 3350 944 3381 in
954 3344 1024 3384 boc,
1049 3346 1099 3381 in-

221 3390 294 3432 quit
306 3413 318 3430 ‚
340 3391 500 3437 ostenditur
514 3417 525 3433 ‚
551 3399 623 3437 quia
634 3396 731 3427 Graeci
745 3399 777 3426 in
787 3405 843 3427 uno
864 3396 996 3436 capitulo
1006 3395 1045 3429 ab
1056 3408 1101 3431 er-

220 3449 283 3472 rore
293 3441 404 3483 reversi
411 3467 422 3487 2
448 3453 487 3482 ex
497 3444 565 3480 aliis
576 3442 687 3477 duobus
709 3450 741 3482 in
753 3446 852 3478 eodem
865 3454 1006 3483 maneant
1026 3457 1102 3479 erro-

218 3497 252 3528 re
265 3511 274 3521 .
298 3490 421 3525 sienim
442 3493 546 3542 ubique
556 3493 789 3536 Christianorum
809 3495 944 3538 Ecclefiae
967 3496 1100 3535 intad'as

1176 277 1398 323 suaspoffident
1420 273 1575 319 diceesss',
1603 275 1717 317 quarte&
1734 277 1862 319 amplius
1870 280 1982 313 santra
2003 289 2064 317 ca.

1181 329 1288 362 tholica
1309 330 1343 362 ό*
1354 325 1659 369 apostolica-Romana
1669 325 1796 366 Ecclefia
1804 327 1875 369 suas
1898 329 2036 373 dioeceses
2050 356 2066 374 ‚

1181 382 1270 412 immo
1291 379 1521 420 &patrimonia
1533 402 1544 418 ,
1567 383 1625 422 pro
1635 377 1832 410 luminarium
1843 387 2062 417 concinnatione

1179 439 1271 474 atque
1280 430 1429 468 alimoniis
1444 435 1613 470 pauperum
1627 450 1638 466 ,
1661 425 1864 471 irrefragabili
1881 430 1954 469 jure
1977 433 2011 464 er
2022 432 2066 465 t'e-

1179 492 1249 515 nere
1272 479 1449 522 &possidere
1468 479 1564 522 modis
1585 477 1721 515 omnibus
1731 477 1820 520 debet
1830 477 1847 509 ἒ
1872 481 1933 512 Sed
1943 480 1981 511 de
1994 480 2069 514 dioe-

1177 529 1351 575 cefisanevae
1360 527 1462 570 nistra
1475 527 1767 569 RomanaeEcclefiae
1779 554 1789 569 ,
1809 526 1864 578 seu
1874 529 1912 567 de
1921 535 2069 571 patrimo-

1178 588 1237 616 niis
1251 582 1359 616 iterum
1381 585 1568 620 increpantes
1579 588 1792 611 commonemus
1806 579 2068 619 Constantinum

1179 631 1367 677 Augustum
1379 655 1390 671 ,
1415 637 1448 663 ut
1451 628 1483 672 fi
1497 629 1624 662 noluerit
1645 637 1682 660 ea
1704 627 1849 666 restituere
1861 651 1872 668 ‚
1896 628 2068 666 baeretioum

1177 694 1244 716 eum
1251 691 1309 725 pro
1318 677 1485 723 huJ'usmodi
1494 685 1602 715 erroris
1618 675 1847 720 perseverantia
1871 680 1921 721 effe
1931 682 2066 714 decerne-

1175 744 1242 770 mus
1263 758 1270 765 .
1298 733 1372 765 Plus
1391 737 1472 764 enim
1491 735 1626 772 cupimus
1645 725 1773 772 salutem
1797 734 1964 762 animarum
1992 755 2003 770 ‚
2028 731 2065 765 ό·

1175 783 1263 815 reitae
1270 780 1550 824 fideistabilitatem
1559 777 1735 822 conservare
1746 802 1758 818 ,
1784 789 1874 821 quam
1894 778 2062 822 hujusmodi

1175 831 1313 864 habitum
1331 828 1581 880 mundipoffidere
1592 854 1601 872 ,
1626 828 1676 863 At
1695 839 1803 878 neque
1814 827 1973 865 Pontifex
1995 829 2062 866 fuit

1175 880 1363 918 exauditus.

1322 1170 1615 1226 ,Αετιο
1681 1167 1916 1229 VIM,

1268 1340 1377 1376 Ctava
1398 1340 1500 1384 Actio
1521 1341 1655 1378 decimo
1674 1340 1828 1378 calendas
1856 1339 2067 1380 Novembres

1186 1419 1192 1424 ,
1290 1392 1373 1426 faita
1395 1393 1441 1426 est
1464 1392 1761 1435 Constantinopoli
1783 1393 1817 1425 in
1839 1393 1964 1435 palatio
1994 1391 2070 1426 Ma·

1169 1449 1311 1482 gnaura.
1339 1440 1473 1475 Etenim
1498 1441 1712 1486 Apostolicos
1723 1442 1868 1486 Legatos
1879 1452 1917 1475 ac
1943 1450 2061 1476 omnes

1171 1488 1354 1533 Episcopos
1375 1490 1416 1524 ad
1428 1490 1572 1536 Regiam
1583 1491 1697 1533 urbem
1708 1501 1930 1534 evocaverunt
1950 1490 2067 1536 Augu-

1171 1538 1209 1572 sti
1231 1538 1422 1584 Principes,
1448 1541 1577 1587 ,singula
1600 1542 1721 1576 Nicaeae
1734 1543 1818 1583 Asta
1843 1554 1885 1576 ex
1910 1541 1982 1584 ipso
1995 1541 2066 1575 illo-

1171 1599 1243 1630 rum
1251 1600 1306 1624 ore
1317 1590 1466 1632 volentes
1481 1592 1612 1625 audire.
1640 1592 1756 1625 EreeJa
1767 1588 1828 1631 eff,
1849 1592 1959 1634 inquit
1971 1591 2067 1636 lgna-

1171 1639 1235 1677 tius
1245 1639 1467 1685 Metropolira
1492 1640 1674 1683 Nicaenus,
1701 1641 1844 1675 cathedra
1866 1639 1995 1684 ipsorum
2004 1645 2065 1674 Im-

1165 1696 1337 1731 peratorum
1347 1712 1359 1731 ‚
1384 1691 1420 1729 5&
1431 1696 1523 1729 totius
1533 1692 1554 1723 ἃ
1566 1694 1628 1726 Deo
1639 1691 1738 1725 eleo‘lae
1752 1693 1857 1730 synodi
1871 1696 1904 1728 in
1917 1694 2063 1736 Magnan-

1169 1750 1213 1772 rae
1223 1738 1327 1786 infigni
1342 1741 1409 1779 aede
1418 1765 1426 1772 .
1454 1739 1581 1781 irenem
1593 1740 1783 1786 Augustam
1796 1751 1872 1775 cum
1885 1740 1957 1774 filio
1971 1740 2066 1775 Con·

1169 1790 1314 1823 stantino
1325 1787 1501 1832 praesediffe
1513 1814 1523 1829 ‚
1551 1801 1589 1823 ac
1613 1789 1678 1831 illis
1694 1790 1742 1836 ab·
1759 1789 1950 1833 Epiphanio
1965 1791 2065 1825 Cata-

1168 1839 1272 1873 nenfis
1294 1838 1442 1872 Ecclefiae
1464 1838 1624 1875 Diacono
1637 1864 1649 1882 ‚
1675 1851 1713 1875 ac
1723 1838 1869 1874 Thomae
1881 1841 2064 1876 Calaritani

1169 1888 1393 1932 Metropolitae
1403 1888 1547 1924 Vicario
1572 1903 1610 1925 ac
1647 1890 1776 1936 Legato
1798 1915 1809 1932 ,
1837 1902 1879 1925 ex
1900 1902 1993 1926 more
2018 1892 2066 1926 di-

1168 1939 1258 1973 etum
1278 1939 1371 1973 fuisse
1395 1939 1578 1975 sermonem
1592 1940 1916 1984 prosphoneticum,
1943 1942 2065 1976 testan-

1168 2000 1219 2025 tur
1232 1989 1316 2023 Αᾶα
1328 1988 1499 2032 synodalia
1515 2014 1522 2022 .
1550 1991 1595 2023 Et
1621 1988 1699 2024 hinc
1712 1991 1912 2024 Francorum
1927 1991 2063 2034 Episco-

1167 2038 1201 2087 pi
1226 2040 1302 2077 sunt
1322 2038 1516 2079 calumniati
1543 2037 1737 2084 synodum:
1765 2043 1852 2084 ,Quia
1873 2040 1979 2074 mulier
2004 2053 2061 2077 non

1167 2087 1254 2125 debet
1265 2094 1298 2122 in
1307 2089 1416 2128 synodo
1432 2090 1532 2126 docere
1545 2114 1555 2131 ‚
1571 2088 1573 2090 ’
1573 2087 1647 2132 ficut
1669 2094 1753 2124 Irene
1767 2096 1800 2122 in
1811 2089 1865 2130 ista
1867 2090 1969 2134 feciffe
1995 2093 2064 2135 legi-

1167 2148 1236 2173 tur.
1263 2138 1456 2183 Respondet
1482 2138 1559 2175 vero
1582 2138 1750 2177 Adrianus
1774 2139 1934 2174 Pontifex
1960 2143 2061 2176 etiam

1168 2188 1432 2225 Chalcedonenfi
1457 2189 1599 2235 Synodo
1626 2187 1839 2232 Pulcheriam
1869 2189 2059 2236 Augustam

1167 2239 1320 2275 adfuisse:
1347 2240 1573 2285 Nequaquam
1600 2241 1642 2276 ad
1664 2240 1876 2282 docendum,
1903 2240 1983 2283 sed,
2009 2242 2060 2277 uti

1166 2291 1301 2334 praesens
1323 2291 1479 2335 Synodus
1500 2290 1621 2327 affidue
1632 2291 1714 2327 dicit
1725 2290 1766 2326 de
1778 2291 2060 2336 magnificentiffi-

1166 2341 1229 2375 mis
1248 2340 1414 2384 judicibus
1428 2367 1439 2384 ,
1465 2343 1511 2376 ad
1528 2343 1712 2377 audiendum
1733 2367 1741 2374 .
1768 2341 1851 2376 Vox
1863 2368 1874 2384 ,
1898 2340 2036 2385 Presedit
2047 2346 2062 2384 ,'

1165 2402 1235 2425 non
1244 2391 1290 2426 est
1306 2392 1365 2426 nifi
1377 2403 1518 2427 vacuum
1531 2391 1729 2429 vocabulum
1742 2391 1888 2438 Augusti
1899 2391 2038 2427 honoris
2049 2418 2058 2427 .

1166 2441 1209 2477 Et
1226 2439 1295 2475 haec
1318 2443 1431 2478 octava
1444 2441 1542 2479 Actio
1564 2455 1634 2479 non
1657 2443 1702 2478 est
1715 2442 1844 2488 proprie
1866 2443 2034 2486 synodalis
2045 2467 2059 2485 ,

1166 2503 1225 2526 nec
1246 2502 1320 2526 vera
1332 2491 1462 2536 Synodi
1477 2505 1568 2541 pars:
1598 2495 1641 2531 Et
1654 2494 1756 2529 Graeci
1779 2494 1814 2528 ἀ
1828 2493 1944 2528 Latini
1971 2493 2060 2529 solas

1165 2543 1286 2586 septem
1300 2539 1457 2581 Astiones
1467 2545 1653 2589 agnoscunt
1666 2569 1677 2586 ‚
1703 2545 1737 2585 ἀ
1749 2542 1798 2577 illi
1813 2542 1916 2578 finem
1929 2544 2059 2587 Synodi

1164 2591 1205 2629 ad
1215 2591 1305 2627 diem
1316 2591 1545 2629 duodecimam
1556 2594 1711 2630 Ostobris
1719 2593 1838 2635 colunt
1850 2619 1861 2636 ‚
1889 2594 1938 2628 uti
1950 2595 2057 2638 liquet

1162 2654 1205 2676 ex
1220 2642 1422 2689 Menologio
1446 2655 1500 2688 per
1513 2645 1668 2679 Basilium
1682 2642 1873 2689 Augustum
1885 2643 2034 2678 restituto
2045 2668 2056 2676 .

1164 2692 1279 2737 Pergit
1299 2693 1448 2738 Ignatius
1460 2694 1616 2729 Nicaenus
1641 2696 1682 2729 de
1696 2693 1917 2729 Constantino
1940 2705 1978 2727 ac
1992 2693 2057 2729 Ire-

1165 2754 1224 2776 ne:
1255 2744 1363 2776 Penna
1386 2745 1420 2779 6*
1434 2757 1527 2778 manu
1544 2750 1745 2788 Imperatoria
1757 2746 1792 2778 N
1796 2746 1878 2778 icaeae
1890 2741 1973 2778 Asta
1984 2755 2058 2781 com,-

1157 2792 1291 2835 probant
1313 2794 1347 2827 cb·
1369 2794 1568 2841 confirmant,
1595 2798 1631 2831 ό*
1652 2808 1710 2830 non
1731 2795 1841 2828 vilibus
1864 2795 1950 2826 donis
1970 2794 2052 2831 syno-

1161 2844 1231 2875 dum
1238 2842 1406 2889 prosecuti,
1433 2858 1669 2892 unumquemque
1691 2851 1815 2880 mittunt
1827 2850 1860 2885 in
1880 2840 1968 2887 suam
1977 2849 2056 2890 cipi:

1160 2901 1253 2927 tatem
1263 2917 1274 2934 ,
1299 2895 1334 2929 δ’
1344 2896 1390 2927 ad
1391 2907 1496 2941 greges
1508 2903 1634 2935 rationis
1646 2900 1814 2939 participes
1824 2919 1836 2934 .,
1889 2894 1891 2896 ’

1211 2942 1317 2985 Addit
1342 2944 1618 2985 patriarchalium
1633 2946 1761 2986 sedium>
1775 2944 1919 2991 Legatos
1938 2944 2052 2988 aquuo

1160 3003 1307 3038 tempore
1329 2994 1444 3032 haefiffe
1455 2996 1776 3039 Constantinopoli,
1795 3006 1938 3040 quorum
1949 2995 2050 3030 confi-

1162 3045 1213 3077 liis
1226 3044 1259 3077 ἀ
1271 3044 1457 3084 adfistentia
1469 3047 1568 3081 fultus
1578 3044 1902 3087 SanetusTharafius
1915 3045 2052 3091 coeperit

1161 3094 1343 3137 Episcopos
1369 3095 1404 3129 &
1426 3097 1575 3130 Clericos
1606 3094 1828 3134 Iconoclastas
1848 3121 1859 3139 ,
1886 3097 1986 3131 etiam
2012 3096 2050 3129 in

1160 3144 1265 3178 haerefi
1284 3154 1338 3187 per
1350 3146 1524 3187 limoniam
1544 3145 1738 3187 ordinatos,
1764 3147 1805 3181 ad
1823 3147 2050 3191 poenitentiam

1158 3194 1309 3243 pellicere
1323 3217 1334 3235 ,
1361 3195 1397 3230 in
1420 3198 1698 3237 communionem
1717 3196 1905 3242 &gradum
1926 3198 2049 3241 recipe-

1158 3257 1212 3286 re,
1239 3254 1336 3288 atque
1357 3243 1400 3279 ita
1422 3246 1518 3293 plene
1539 3243 1712 3283 restaurare
1738 3246 1889 3283 Ecclefiae
1913 3258 2046 3294 pacem-

1159 3295 1203 3329 Et
1220 3293 1281 3332 hac
1296 3294 1473 3337 clementia
1483 3295 1626 3339 offensus
1640 3297 1761 3334 Sabbas
1772 3298 1924 3340 Studiani
1935 3306 2046 3333 mona-

1159 3345 1246 3379 sterii
1261 3345 1481 3389 Hegumenus
1492 3349 1557 3387 sese
1567 3349 1609 3383 ab
1624 3348 1712 3389 illius
1723 3348 1963 3389 communione
1974 3343 2044 3379 sub·

1159 3395 1278 3436 traxit,
1303 3396 1338 3430 &
1350 3407 1419 3431 non
1434 3399 1574 3438 modicis
1594 3398 1705 3437 denuo
1727 3399 1831 3437 turbis
1841 3396 1980 3440 Regiam
1990 3403 2042 3426 ur-

1161 3446 1236 3485 bem
1256 3446 1383 3488 movit,
1409 3448 1546 3484 nimiam
1568 3448 1660 3484 illam
1683 3451 1719 3483 in
1742 3448 1894 3482 homines
1921 3443 2043 3486 impios

1159 3506 1275 3535 contra
1289 3495 1445 3534 Canones
1459 3499 1701 3545 Indulgentiam
1715 3494 1888 3536 adfirmans
1899 3488 2045 3535 Aposto-

1920 3542 1992 3580 iicae
