2340 3762
72 2607 172 2638 secret.
183 2614 210 2641 4.

700 206 762 238 ne
796 204 973 238 sexi-A
1007 188 1250 235 SYNono
1284 201 1603 233 Genauam.

242 281 318 319 dem
336 279 467 317 testatur
486 279 521 314 dc
539 277 725 314 Anastasius
745 275 1036 316 Bibliothecarius,
1061 284 1115 308 ne-

239 342 305 377 que
324 332 436 378 ‘plures
462 330 655 373 subscriptos
676 325 797 363 habent
818 325 900 361 Acta
928 324 1113 370 synodalia.

239 383 326 417 Eam
342 380 519 425 *synodum
540 380 674 414 Sanctus
692 379 857 413 Martinus
876 377 910 410 in
933 374 1049 411 litteris
1073 371 1114 408 ad

238 433 395 468 Sanctum
420 428 610 466 Amandum
644 428 884 473 Trajeuensem
920 425 1116 469 Episcopum

237 492 336 517 vocat
346 480 496 527 generale
505 479 696 514 Concilium
706 503 718 520 ‚
743 477 856 521 utpote
866 474 968 510 totius
992 474 1092 510 Italiae
1103 487 1115 507 .-

236 530 388 568 Aderant
398 530 486 566 enim
495 529 561 573 ipse
579 530 746 564 Dominus
757 527 845 571 Papa
858 550 869 567 ,
893 535 955 560 tres
976 525 1035 560 a'lii
1055 524 1115 559 Ita-

237 581 347 616 lorum
378 579 603 624 Metropolitae
622 604 636 621 ,
670 576 885 624 Aquileiensis
907 601 918 617 ‚
953 573 1116 609 Mediola-

237 631 362 671 nenfis,
388 629 565 665 Ravennas
588 640 644 674 per
674 627 864 668 vicarium,
888 626 922 661 &
941 625 1115 660 Sardorum

238 679 461 716 calaritanus.
487 680 570 715 Non
579 678 719 723 amplius
727 678 884 722 patientia
895 687 932 711 ac
943 674 1091 719 precibus
1102 698 1114 715 ‚

237 729 513 774 sedexpotestate
536 729 701 775 agendum
724 726 806 763 vidit
827 724 1004 765 Pontifex,
1030 722 1115 758 ideo-

237 790 304 822 que
313 791 392 814 mox
402 781 438 815 in
450 781 520 824 ipso
530 779 669 824 Papatus
687 778 824 813 exordio
839 775 924 811 hanc
943 773 1115 819 Synodum

237 829 418 865 adunavit.
446 828 584 863 Nullam
594 829 627 863 in
649 829 716 873 ipsa
737 827 848 863 San-sti*
865 825 1034 865 Maximi,
1059 824 1114 867 qui

239 878 383 919 ,omnino
393 878 519 918 adfuit,
545 876 925 915 habemusmemoriam,
949 874 1038 919 quod
1058 874 1117 917 Sy-

238 928 374 968 nodus,
397 927 447 962 uti
468 925 561 971 supra
581 927 623 962 ab
643 926 813 971 Episcopis
834 922 1055 960 Orientalibus
1080 924 1116 957 in

238 975 380 1022 synodo
391 975 652 1012 Chalcedonenfi
662 976 863 1018 audivimus,
891 985 959 1009 non
972 973 1118 1008 Clerico-

237 1037 331 1070 rum,
356 1026 459 1073 longe
468 1026 578 1061 minus
599 1025 845 1063 Monachorum
865 1025 904 1060 sit
916 1049 929 1067 ‚
954 1023 1010 1059 sed
1033 1023 1117 1059 solo-

236 1086 311 1113 rum
323 1077 559 1122 Episcoporum
570 1100 578 1110 .

288 1127 416 1163 Omnia
436 1127 564 1172 Sergii,
600 1126 684 1171 Cyri
698 1151 710 1168 ,
737 1125 878 1171 Pyrrhi,
903 1125 1025 1166 Pauli,
1049 1125 1118 1159 He-

235 1176 351 1219 raclii,
376 1177 410 1212 δε
445 1176 638 1213 Constantis
670 1176 751 1211 Aeta
776 1176 919 1213 diseuffit
940 1174 1117 1220 Synodus,

234 1225 472 1272 damnavitque
491 1226 640 1272 singula,
665 1226 800 1272 impiam
810 1226 982 1271 praesertim
1004 1223 1118 1259 Esthe-

234 1275 283 1311 fin
291 1288 332 1312 ac
342 1276 485 1322 Typum
495 1277 721 1322 impiiffimum
730 1301 743 1319 ‚
767 1276 928 1312 diuorum
939 1275 1118 1320 Episcopo-

232 1336 311 1361 tum
323 1327 473 1371 personas
483 1352 499 1367 r
519 1337 558 1362 ac
569 1327 606 1360 in
626 1328 734 1368 capite
745 1326 966 1359 Theodorum
983 1324 1117 1365 Episco-

233 1384 318 1419 pum
336 1374 599 1410 Pharanitanum
611 1398 620 1406 .
646 1373 796 1408 Esthesin
815 1373 850 1407 δε
867 1371 1010 1414 Typum
1028 1371 1116 1405 dam-

234 1422 330 1455 navit
353 1423 400 1453 oh
418 1433 484 1455 tres
509 1420 709 1461 potissimum
729 1420 890 1455 rationes,
914 1417 1074 1460 expressas
1097 1418 1116 1450 a

231 1466 403 1504 Pontifice
431 1465 468 1501 in
496 1465 613 1502 litteris
635 1465 848 1510 synodalibus
866 1464 908 1500 ad
931 1465 1115 1500 universam

232 1517 432 1556 Ecclesiam.
457 1514 571 1552 Prima
582 1515 649 1558 est,
673 1515 763 1559 quod
772 1515 894 1560 Typus
913 1515 949 1549 δε
966 1526 1067 1550 unam
1081 1516 1116 1549 δε

234 1567 408 1615 geminam
425 1567 461 1602 in
482 1566 634 1603 Domino
653 1566 880 1612 operationem
905 1577 944 1600 ac
965 1565 1115 1600 volunta-

237 1626 310 1654 tem
325 1615 393 1652 dici
402 1626 509 1659 vetet,
533 1616 684 1661 adeoque
703 1627 781 1652 cum
812 1614 970 1651 scelerosis
992 1614 1117 1650 haereti·

236 1678 356 1703 comm
361 1667 496 1702 vocibus
504 1668 603 1702 etiam
615 1665 767 1711 probatas
776 1667 964 1701 Sanctorum
982 1664 1116 1700 Patrum

238 1728 361 1762 voca,
386 1728 425 1752 ac
445 1717 539 1761 pium
561 1726 638 1752 cum
663 1716 768 1760 impio
794 1715 988 1761 proscribat.
1014 1715 1117 1762 Qd-

237 1764 322 1813 ¹Quid
330 1766 421 1800 enim
438 1766 584 1810 garriant
601 1765 743 1801 Esthesis
762 1767 798 1801 ὅ(
814 1766 934 1810 Typus
945 1789 956 1806 ,
982 1767 1120 1811 geminae

240 1813 424 1851 voluntatis
432 1826 471 1850 ac
481 1815 681 1860 operationis
691 1827 756 1851 vox
776 1816 822 1850 est
843 1814 983 1851 omnino
1006 1814 1119 1850 usitata

240 1876 282 1901 ac
300 1865 469 1910 predicata
485 1864 504 1899 a
524 1865 648 1901 Sanctis
662 1864 809 1900 Ecclesia:
823 1864 973 1900 Patribus
984 1889 996 1906 ,
1022 1866 1118 1901 unica

241 1923 351 1950 autem
376 1915 523 1960 operatio
549 1915 569 1949 a
594 1915 669 1950 solis
694 1914 827 1950 Arianis
845 1940 857 1957 ,
884 1914 1120 1956 Eunomianis,

239 1964 510 2009 Apollinaristis,
535 1964 754 2010 Eutychianis
775 1990 788 2007 ,
810 1966 995 2010 caeterisque
1027 1966 1121 2000 Erro-

241 2014 342 2051 nibus
374 2015 442 2051 Dei
469 2016 629 2050 Hominis
665 2015 862 2060 Mystes-ium
894 2015 1122 2050 mutuantibus

239 2074 300 2101 tut
314 2063 612 2101 confundentibus.
639 2064 845 2101 Alteraratio
857 2065 922 2108 est,
947 2065 1040 2111 quod
1050 2065 1122 2109 Ty.

240 2125 304 2158 pus
328 2114 362 2148 ὃ(
379 2115 485 2149 unicae
505 2115 540 2149 δε
556 2115 693 2161 geminae
716 2115 916 2162 operationis
940 2115 1123 2160 praedicato-

239 2163 333 2198 ribus
344 2163 464 2198 tribuat
475 2175 583 2208 parem
594 2166 798 2210 impunitatis
809 2166 992 2202 libertatern
1002 2178 1010 2198 :
1020 2165 1123 2213 Qod

241 2213 289 2248 est
303 2212 481 2249 Ecclesiam
492 2214 529 2248 in
540 2214 758 2252 Academiam
768 2225 889 2253 vertere
900 2241 912 2257 ‚
937 2216 972 2251 ἀ
993 2216 1124 2251 reduce-

243 2273 281 2297 re
301 2263 460 2307 gentilem
478 2263 646 2301 licentiam
666 2265 838 2311 quodlibet
848 2267 1012 2312 nugandi.
1041 2266 1125 2302 Ter-

242 2312 292 2346 tia
302 2312 465 2352 ratioest‚
489 2313 579 2357 quod
589 2314 709 2358 Typus
723 2316 895 2357 Ec'ihesin,
923 2317 957 2351 ὅ(
983 2315 1124 2351 Εέὶῑιείὶς

242 2360 386 2396 destruat
407 2361 567 2406 Typum.
595 2363 738 2398 Esthefis
763 2367 853 2400 enim
873 2366 1027 2408 unicam,
1050 2366 1125 2411 Ty-

242 2421 304 2455 pus
326 2421 388 2446 nec
404 2411 538 2447 unicam
560 2424 620 2447 nec
638 2414 805 2458 geminam
827 2415 898 2450 vult
910 2416 945 2451 in
971 2417 1125 2452 Domino

1175 272 1225 305 sus
1235 279 1343 306 manet
1353 271 1437 306 inter
1457 268 1663 306 orthodoxos
1681 271 1830 308 Ecclefiae
1851 272 1964 309 Patres
1976 297 1984 304 .
2010 273 2052 307 In

1175 321 1242 364 pari
1256 322 1334 356 item
1356 321 1532 357 locutionis
1546 322 1640 356 causa
1663 321 1766 366 longe
1786 323 1978 359 diffimiliter
1990 322 2053 355 Ec-

1174 370 1264 405 clesia
1285 372 1432 407 tradiavit
1457 372 1610 406 Sanstum
1637 371 1836 415 Dionysium
1859 371 2055 408 Alexandri-

1176 432 1254 456 num
1264 433 1301 455 ac
1313 421 1451 465 impium
1463 421 1582 456 Arium
1592 447 1603 463 ,
1627 421 1780 456 sanctum
1788 421 1973 456 Eustatium
1984 420 2057 455 Art-¹

1174 470 1365 505 tiochenum
1377 472 1577 515 Episcopum
1598 483 1636 506 ac
1657 470 1879 508 Theodorum
1900 472 2055 515 Mopsue-

1174 521 1324 555 stiensem
1335 545 1347 561 ‚
1371 521 1517 564 aliosque
1529 522 1635 564 plures
1646 521 1764 556 relatos
1779 523 1798 557 a
1810 522 1968 557 Facundo
1978 519 2056 564 Epi-

1175 571 1272 614 scopo
1284 570 1531 604 Hermianensi.
1561 570 1605 604 Et
1616 571 1764 606 laudatus
1785 571 1919 607 Basilius
1935 571 1972 606 in
1993 571 2056 605 set-

1177 630 1274 654 mone
1287 621 1434 665 populari
1450 620 1568 655 sacram
1580 619 1855 664 glorificationem
1864 619 1925 657 hac
1935 622 2059 657 form&

2072 346 2153 378 [010⁰
2167 354 2209 375 11.

1177 670 1205 703 la
1215 670 1435 710 concludens,
1463 673 1566 704 Gloria
1578 672 1666 703 Patri
1680 678 1736 712 per
1750 671 1866 703 Filium
1887 677 1920 705 in
1941 673 2058 714 spirim

1175 721 1280 753 sanae
1291 744 1301 761 ‚
1327 719 1368 755 de
1381 717 1558 755 Catholico
1571 719 1708 754 nomine
1727 719 1760 753 &
1778 721 1860 755 Sede
1868 720 2058 765 Episcopali

1177 769 1373 813 periclitatus
1382 771 1428 804 est
1440 795 1453 811 ,
1477 770 1599 804 eisdem
1621 768 1756 804 vocibus
1774 769 1964 814 glorificans
1983 773 2063 805 San.-

1176 821 1243 854 etus
1253 821 1323 855 Leo
1334 820 1480 865 Magnus
1492 821 1527 854 in
1551 819 1681 854 nullum
1693 819 1874 864 periculum
1895 829 1951 854 aut
1963 819 2062 863 suspi-

1177 870 1308 904 cionem
1319 869 1437 904 incidit
1449 894 1460 910 ,
1480 868 1597 904 'Ariani
1607 879 1716 905 autem
1726 867 1864 905 eandem
1873 869 1918 905 ob
1929 879 1989 903 cau
1995 870 2060 903 sam

1177 918 1218 954 ab
1228 920 1321 954 omni
1344 919 1486 955 Ecclesia
1505 922 1594 956 fuere
1616 919 1764 955 damnati
1777 945 1786 953 .
1812 920 1858 956 Et
1879 919 1915 954 in
1940 920 2062 956 Sansto

1178 967 1366 1016 Augustino
1376 965 1505 1005 adsidue
1516 970 1632 1005 obvias
1651 969 1751 1005 habes
1771 968 1868 1006 hasce
1887 969 1931 1005 de
1942 969 2065 1005 Domi·

1177 1031 1222 1054 no
1233 1030 1352 1061 voces,
1376 1022 1584 1061 Homo-Deus,
1610 1020 1652 1055 de
1661 1019 1778 1066 quibus
1787 1029 1898 1056 tamen
1910 1019 2062 1056 adversus

1177 1069 1311 1105 Petrum
1340 1069 1517 1106 Fullonem
1547 1069 1915 1106 Pseudo-patriarcham
1940 1067 2064 1104 Antio·

1177 1116 1321 1155 chenum
1347 1120 1457 1156 scribit
1491 1122 1624 1157 Sanetus
1648 1120 1855 1169 Qintianus
1881 1120 2064 1163 Episcopus

1178 1170 1377 1206 Esculanus:
1412 1173 1446 1205 si
1469 1178 1537 1214 quis
1560 1169 1970 1209 DEUM-HOMINEM
1993 1192 2005 1210 ,
2029 1169 2064 1202 6

1177 1231 1236 1255 non
1269 1227 1366 1267 magis
1404 1220 1548 1256 DEUM
1594 1221 1665 1256 ET
1701 1218 1944 1257 HOMINEM
1971 1219 2064 1257 dicit,

1177 1271 1354 1306 damnetur.
1382 1271 1513 1317 Nempe
1536 1271 1604 1307 alio
1624 1271 1840 1316 *Dionysinn
1875 1267 2067 1308 Eustatius,

1177 1320 1335 1361 Basilius,
1361 1321 1592 1364 Augustinus,
1617 1321 1687 1355 alio
1711 1317 1806 1355 setiffi
1841 1317 1966 1360 Arius,
1992 1317 2062 1352 Ne-

1179 1366 1313 1407 storius,
1338 1369 1461 1410 Fullo,
1486 1367 1690 1405 Theodorus
1716 1367 1819 1404 locuti
1846 1368 1943 1408 sunt,
1969 1377 2067 1409 atque

1178 1415 1222 1447 ita
1232 1417 1267 1448 in
1279 1417 1347 1457 pari
1370 1416 1552 1450 locutionis
1567 1419 1660 1450 causa
1684 1416 1739 1450 isti
1760 1416 1916 1460 probari,
1942 1415 1977 1449 hi
2003 1425 2072 1449 me-

1179 1472 1314 1497 ruerunt
1322 1462 1469 1498 damnari
1481 1489 1489 1496 .
1516 1463 1692 1514 Qoniam
1702 1466 1786 1500 fasta
1797 1466 1833 1501 ἀ
1844 1464 1941 1500 verba
1954 1463 2068 1499 vident

1179 1511 1351 1552 homines,
1377 1513 1522 1549 intentio
1535 1515 1662 1558 judicat
1682 1526 1816 1551 omnes.
1842 1515 1936 1551 idem
1956 1514 2070 1550 evenit

1178 1562 1308 1598 decreto
1320 1563 1468 1599 Honorii
1482 1564 1680 1607 Pontificis,
1714 1577 1754 1601 ac
1775 1564 1900 1600 Edistis
1922 1565 2071 1599 Heraclii

1178 1613 1435 1648 &Constantis.
1463 1612 1552 1658 Quia
1575 1625 1684 1650 tamen
1708 1615 1876 1650 decretum
1899 1614 2006 1654 istud,
2031 1615 2070 1648 li-

1178 1661 1229 1697 cet
1240 1664 1438 1703 innoxium,
1463 1663 1588 1699 Ediffis
1601 1665 1667 1699 illis
1685 1665 1836 1700 fomenta
1853 1673 1952 1709 atque
1973 1675 2070 1699 occa-

1179 1713 1304 1748 sionem
1314 1713 1450 1758 praebuit
1462 1738 1474 1755 ,
1484 1713 1503 1748 a
1515 1714 1610 1749 nullo
1622 1715 1799 1750 successore
1812 1714 1885 1749 Pon
1891 1715 1981 1748 tifice
1991 1726 2069 1750 con-

1180 1763 1346 1798 firmatum
1369 1762 1452 1805 fuit,
1477 1764 1532 1799 sed
1550 1764 1679 1800 silentio
1700 1765 1857 1800 traditum
1885 1773 1982 1809 atque
2010 1766 2069 1798 cir-

1180 1813 1418 1857 cumscriptum
1431 1839 1437 1846 .

1229 1863 1274 1896 Et
1294 1863 1339 1898 ob
1370 1862 1437 1899 haec
1459 1865 1570 1901 omnia
1592 1866 1627 1900 in
1651 1866 1770 1902 rabiem
1793 1867 1881 1901 astus
1902 1866 2068 1901 Constans

1182 1912 1352 1958 Augustus
1363 1913 1442 1949 fecit
1451 1939 1462 1956 ‚
1489 1915 1578 1960 quod
1589 1916 1623 1951 in
1638 1916 1702 1952 vita
1713 1916 1820 1952 Sansti
1832 1916 1973 1952 Martini
1995 1917 2071 1951 scri-

1181 1963 1230 1998 bit
1252 1963 1445 1999 Anastafius
1467 1966 1655 2001 Cardinalis
1676 1965 1968 2002 Bibliothecarius.
1994 1965 2070 2009 Ipsis

1182 2014 1286 2048 diebus
1299 2015 1412 2048 dtrexit
1425 2020 1587 2058 Imperator
1598 2023 1631 2050 in
1651 2021 1773 2051 Italiam
1791 2018 1955 2059 olympium
1976 2016 2071 2050 Cubi-

1181 2064 1325 2099 culmum
1336 2066 1371 2099 Θ
1382 2066 1558 2100 Exarchum
1567 2068 1612 2101 ad
1620 2069 1779 2112 regendam
1795 2079 1908 2101 omnem
1919 2067 2043 2115 Italiam
2057 2091 2068 2107 ,

1178 2120 1355 2158 praecipiens
1375 2116 1411 2149 Θ·
1431 2117 1551 2151 ddcens:
1577 2122 1704 2160 oportet
1724 2120 1859 2151 Glortam
1873 2126 1978 2159 tuam,
1995 2116 2070 2159 ficut

1153 2191 1155 2193 -
1184 2162 1268 2199 nobis
1276 2163 1406 2209 suggefflt
1425 2168 1540 2200 Paulus
1554 2167 1758 2209 patriarcba,
1780 2176 1939 2212 peragere.
1970 2167 2070 2201 Dolis

242 2461 467 2504 operationem
477 2485 490 2503 ,
514 2471 551 2496 ut
562 2474 630 2497 non
642 2459 786 2501 humana
798 2466 1026 2501 tantummodo
1037 2491 1050 2511 ,
1070 2467 1124 2503 sed
1153 2476 1155 2479 ⁴

242 2510 277 2544 &
288 2510 412 2546 Divina
423 2521 538 2546 natura
554 2511 594 2547 fit
612 2523 726 2558 expers
749 2515 929 2551 voluntatis
953 2527 992 2551 ac
1014 2528 1126 2560 opera-

243 2559 366 2594 tionis.
403 2559 635 2597 Monothelitae
670 2565 781 2604 enim,
812 2565 922 2608 inquit
949 2566 1125 2610 synodus,

244 2607 390 2653 Nesciunt
399 2612 476 2653 quid
490 2612 612 2645 credant
635 2622 688 2646 aut
707 2615 899 2657 confiteantur
906 2624 965 2658 per
981 2617 1126 2660 inceffabl·

243 2661 300 2694 lem
321 2660 527 2694 creberrimam
541 2660 659 2704 suorum
677 2665 848 2707 dogmatum
872 2670 1106 2701 immutationem
1117 2690 1128 2707 ,

241 2714 415 2754 pariterque
418 2717 668 2753 peremptionem.
697 2713 838 2749 Addidit
848 2715 1001 2758 Synodus
1020 2716 1127 2762 vigin-

244 2760 272 2794 ti
296 2758 484 2806 dogmatica
505 2761 679 2805 Capitula,
705 2775 842 2808 quorum
864 2765 1016 2809 quintum
1042 2767 1125 2802 deci·

243 2820 360 2894 gum,
391 2811 582 2847 cunaorum
606 2813 805 2857 principale,
840 2815 930 2859 supra
955 2815 1002 2851 est
1027 2816 1126 2852 addu-

275 2871 331 2894 um
345 2885 353 2892 .
864 2890 866 2892 v

283 2910 441 2964 -Qaestio
465 2911 534 2952 est,
560 2911 672 2958 Quare
688 2914 842 2958 Synodus
867 2926 935 2951 non
961 2915 1124 2953 damnarit

247 2966 345 2992 etiam
364 2959 514 2995 Honor-ii
536 2960 709 2997 Pontifieis
734 2964 920 3007 decretum,
949 2963 1124 3003 Euheseos

247 3018 287 3061 ac
307 3006 398 3053 Typi
415 3010 689 3047 fundamentum?
713 3014 840 3050 Omnia
858 3016 950 3051 enim
968 3017 1030 3051 tria
1050 3018 1123 3053 sunt

247 3055 387 3098 ejusdem
408 3061 551 3102 tenoris,
575 3062 610 3096 &
634 3071 701 3098 tam
723 3063 844 3109 Typus
862 3066 958 3110 quam
983 3066 1124 3102 Esthefis

247 3103 412 3140 decretum
422 3108 504 3144 istud
515 3110 684 3146 dumtaxat
694 3115 945 3150 confirmarunt.
975 3115 1121 3161 Respon-

246 3155 313 3190 deo
333 3166 408 3200 erga
419 3158 484 3192 tria
497 3159 555 3194 illa
571 3163 749 3204 proceffiffe
768 3163 853 3199 hanc
872 3166 1120 3201 Lateranensem

247 3203 440 3248 Synodum,
465 3208 633 3250 quomodo
651 3222 726 3257 erga
746 3215 899 3250 Sanetum
912 3215 1066 3250 Basilium
1084 3227 1122 3252 ac

248 3255 426 3299 profanum
437 3255 624 3291 Nestorium
646 3264 860 3303 processerunt
879 3265 914 3297 in
925 3266 990 3299 suis
1000 3266 1121 3302 duode-

248 3304 317 3339 cim
329 3303 492 3347 Capitulis
502 3306 632 3341 Sanetus
642 3309 787 3351 Cyl-illus
807 3315 843 3348 δε
860 3314 1053 3350 ἰκτοίέιηᾶι
1064 3318 1122 3360 Sy-

248 3353 358 3388 nodus
369 3351 544 3397 Ephesina.
572 3357 617 3391 Et
628 3357 763 3394 Basilius
781 3362 815 3395 &
835 3363 1006 3398 Nestorius
1027 3366 1121 3400 Chri·

248 3402 334 3436 stum
343 3403 531 3439 Dominum
546 3404 654 3441 dixere
664 3412 815 3443 Hominem
836 3411 988 3453 Dezferum
998 3438 1008 3454 ,
1033 3416 1068 3449 ἀ
1078 3426 1119 3450 ta·

250 3462 327 3490 men
340 3450 394 3486 hic
403 3453 488 3489 inter
498 3452 663 3491 haereticos
672 3459 827 3501 projectus
837 3461 882 3498 est
893 3485 904 3503 ‚
931 3462 986 3497 ille
1003 3463 1120 3509 glorio-

313 3524 317 3529 ·
348 3500 454 3545 Cbrss.
467 3507 792 3549 Laptoper.rom.111;

1130 2840 1174 3564 s!

1183 2217 1218 2250 &
1238 2214 1427 2258 armisjuffit
1449 2227 1586 2252 omnem
1606 2218 1735 2253 Italiam
1758 2217 1797 2252 ad
1823 2218 1965 2261 Typum
1991 2218 2070 2252 reci-

1185 2265 1339 2310 piendum
1352 2265 1484 2308 seduci,
1508 2267 1754 2304 &Pontificem
1777 2268 1953 2303 transmitti
1978 2267 2071 2301 Con-

1186 2316 1449 2360 stantinopolim.
1476 2316 1525 2352 At
1538 2317 1616 2352 vero
1631 2318 1758 2354 Divina
1772 2317 1918 2363 potentia
1933 2317 2072 2352 miracu-

1186 2367 1226 2401 lis
1252 2367 1396 2411 protexit
1423 2367 1629 2410 Martinam,
1659 2367 1858 2412 Olympium
1884 2366 1964 2402 vero
1989 2379 2068 2402 cum

1185 2418 1276 2452 omni
1297 2417 1442 2451 exercitu
1472 2418 1622 2453 Saraceni
1647 2417 1682 2452 in
1707 2418 1818 2453 Sicilia
1845 2417 2069 2452 trucidarunt.

1186 2467 1320 2502 Etenim
1332 2466 1482 2502 adversus
1492 2467 1603 2503 Deum
1616 2478 1785 2513 pugnante
1807 2467 1966 2504 Romano
1978 2466 2071 2502 Prin-

1185 2518 1282 2562 cipe,
1309 2517 1458 2552 Saraceni
1497 2517 1713 2563 AEgyptum‚
1747 2519 1948 2560 orientem,
1984 2517 2074 2554 Afri-

1185 2577 1279 2609 cam,
1305 2567 1477 2612 Cyprum,
1503 2568 1674 2610 Siciliam,
1699 2568 2073 2614 acomnefermeimpe-

1185 2618 1487 2653 riuminvaserunt.
1513 2617 1618 2653 Porro
1640 2618 1799 2655 Pontifex
1809 2631 1878 2654 non
1901 2619 2073 2654 intermisit

1186 2668 1352 2703 officium:
1380 2666 1436 2702 Ad
1456 2667 1644 2714 Principem
1665 2670 1788 2715 scripsit
1808 2669 1962 2715 piiffimas
1984 2669 2072 2704 litte·

1186 2729 1256 2759 ras,
1282 2716 1458 2754 Africanos
1479 2719 1658 2764 Episcopos
1690 2721 1725 2755 in
1750 2720 1817 2756 fide
1839 2719 2069 2760 confirmavit,

1188 2766 1405 2803 Antiocheno
1420 2769 1454 2803 δι
1466 2769 1775 2814 Hierosolymitano
1796 2768 2070 2808 patriarchatibus

1187 2829 1243 2863 per
1251 2820 1427 2854 Saracenos
1434 2818 1606 2855 devastatis
1618 2819 1708 2855 dedit
1721 2820 1955 2865 Apostolicum
1970 2819 2071 2854 Vica-

1186 2870 1271 2903 rium
1297 2869 1457 2912 Ioannem
1485 2869 1688 2915 Episcopum
1714 2868 2037 2914 philadelphiensem
2056 2893 2068 2910 ,

1186 2918 1281 2954 Pauli
1301 2917 1599 2955 Thessalonicensis
1625 2921 1777 2965 Episcopi
1809 2916 2068 2958 Monothelitae,

1185 2970 1241 3012 qui
1265 2967 1473 3012 Apostolicas
1493 2981 1548 3013 per
1572 2970 1738 3011 Illyricum
1761 2968 1847 3004 vices
1868 2979 2003 3014 verterat
2030 2971 2064 3004 in

1186 3018 1366 3053 Primatum
1401 3019 1604 3054 ordinarium
1625 3043 1636 3059 ,
1662 3019 1760 3065 fregit
1795 3021 2037 3054 contumaciam
2053 3044 2064 3059 ‚

1185 3068 1380 3113 tandemque
1416 3068 1435 3103 a
1469 3069 1656 3104 Theodoro
1696 3069 1860 3113 Calliopa'
1885 3069 2040 3104 Exarcho
2053 3094 2066 3112 ‚

1185 3118 1544 3163 Olympiisucceffore‚
1569 3119 1782 3163 eaptusestin
1810 3118 1945 3155 Basilica
1971 3120 2066 3155 Late-

1186 3169 1330 3209 ranensi,
1356 3177 1501 3211 portatus
1513 3167 1856 3212 Constantinopolim,
1882 3181 1920 3205 ac
1945 3170 2065 3205 &Con-

1184 3218 1287 3257 stante
1299 3217 1625 3262 Augustorelegatus
1639 3217 1877 3254 Chersonesum
1900 3220 1969 3263 post
1995 3221 2065 3264 plu-

1184 3269 1279 3302 rimas
1289 3267 1506 3308 calamitates,
1531 3267 1572 3302 de
1592 3269 1710 3312 quibus
1733 3269 1854 3304 Paulus
1877 3269 2063 3305 patriarcha

1184 3315 1415 3357 moribundus,
1441 3316 1628 3362 ingemiscens
1655 3320 1895 3361 &adparietem
1906 3319 2062 3364 conversiu-

1183 3368 1263 3399 dixu
1275 3369 1427 3408 Princlpl:
1455 3371 1511 3400 Hei
1530 3367 1625 3410 mibi,
1652 3369 1686 3403 ό·
1706 3368 1757 3402 hoc
1776 3371 1821 3403 ad
1840 3370 2062 3406 abundantiam

1176 3417 1354 3456 judiciorum
1364 3427 1490 3450 meorum
1500 3417 1599 3451 aetum
1610 3418 1666 3459 est.
1694 3421 1848 3462 Nunquid
1855 3431 1924 3453 nam
1937 3423 2061 3455 Domine
2080 3424 2212 3464 Epist->1:¹-

1184 3463 1454 3510 nonestmfirrabile
1462 3468 1539 3503 talia
1554 3474 1626 3512 pati
1649 3469 1838 3510 Pontificem?
1864 3472 1944 3502 Tunc
1966 3475 2060 3502 atten-

1628 3518 1664 3555 D
1714 3528 1737 3555 2
1952 3519 2011 3560 rigis
