<?xml version="1.0" encoding="UTF-8"?>
<!DOCTYPE html PUBLIC "-//W3C//DTD XHTML 1.0 Transitional//EN"
    "http://www.w3.org/TR/xhtml1/DTD/xhtml1-transitional.dtd">
<html xmlns="http://www.w3.org/1999/xhtml" xml:lang="en" lang="en">
 <head>
  <title>
</title>
<meta http-equiv="Content-Type" content="text/html;charset=utf-8" />
  <meta name='ocr-system' content='tesseract 3.04.00' />
  <meta name='ocr-capabilities' content='ocr_page ocr_carea ocr_par ocr_line ocrx_word'/>
</head>
<body>
  <div class='ocr_page' id='page_1' title='image "./operaomniastudio03lupuuoft/operaomniastudio03lupuuoft_0189.png"; bbox 0 0 2340 3762; ppageno 0'>
   <div class='ocr_carea' id='block_1_1' title="bbox 73 603 234 636">
    <p class='ocr_par' dir='ltr' id='par_1_1' title="bbox 73 603 234 636">
     <span class='ocr_line' id='line_1_1' title="bbox 73 603 234 636; baseline -0.012 -3"><span class='ocrx_word' id='word_1_1' title='bbox 73 603 234 636; x_wconf 62' lang='lat' dir='ltr'>Lar-em..</span> 
     </span>
    </p>
   </div>
   <div class='ocr_carea' id='block_1_2' title="bbox 66 1693 186 1727">
    <p class='ocr_par' dir='ltr' id='par_1_2' title="bbox 66 1693 186 1727">
     <span class='ocr_line' id='line_1_2' title="bbox 66 1693 186 1727; baseline -0.025 -4"><span class='ocrx_word' id='word_1_2' title='bbox 66 1693 186 1727; x_wconf 41' lang='grc' dir='ltr'>μύει.</span> 
     </span>
    </p>
   </div>
   <div class='ocr_carea' id='block_1_3' title="bbox 64 1961 182 1994">
    <p class='ocr_par' dir='ltr' id='par_1_3' title="bbox 64 1961 182 1994">
     <span class='ocr_line' id='line_1_3' title="bbox 64 1961 182 1994; baseline 0.025 -7"><span class='ocrx_word' id='word_1_3' title='bbox 64 1961 102 1990; x_wconf 71' lang='lat' dir='ltr'>A..</span> <span class='ocrx_word' id='word_1_4' title='bbox 112 1962 182 1994; x_wconf 68' lang='lat'>69²-</span> 
     </span>
    </p>
   </div>
   <div class='ocr_carea' id='block_1_4' title="bbox 61 2530 220 2568">
    <p class='ocr_par' dir='ltr' id='par_1_4' title="bbox 61 2530 220 2568">
     <span class='ocr_line' id='line_1_4' title="bbox 61 2530 220 2568; baseline 0.013 -9"><span class='ocrx_word' id='word_1_5' title='bbox 61 2530 142 2568; x_wconf 79' lang='lat' dir='ltr'>cap.</span> <span class='ocrx_word' id='word_1_6' title='bbox 155 2537 220 2566; x_wconf 81' lang='lat'>135·</span> 
     </span>
    </p>
   </div>
   <div class='ocr_carea' id='block_1_5' title="bbox 799 131 1528 182">
    <p class='ocr_par' dir='ltr' id='par_1_5' title="bbox 799 131 1528 182">
     <span class='ocr_line' id='line_1_5' title="bbox 799 131 1528 182; baseline -0.003 -1"><span class='ocrx_word' id='word_1_7' title='bbox 799 152 864 181; x_wconf 68' lang='lat' dir='ltr'>nn</span> <span class='ocrx_word' id='word_1_8' title='bbox 895 137 1145 182; x_wconf 65' lang='lat' dir='ltr'>swono</span> <span class='ocrx_word' id='word_1_9' title='bbox 1180 131 1528 181; x_wconf 74' lang='lat' dir='ltr'>TRULLANA.</span> 
     </span>
    </p>
   </div>
   <div class='ocr_carea' id='block_1_6' title="bbox 227 218 1133 3504">
    <p class='ocr_par' dir='ltr' id='par_1_6' title="bbox 240 218 1133 1564">
     <span class='ocr_line' id='line_1_6' title="bbox 256 218 1133 263; baseline -0.001 -8"><span class='ocrx_word' id='word_1_10' title='bbox 256 220 489 263; x_wconf 77' lang='lat' dir='ltr'>subscriptioni·</span> <span class='ocrx_word' id='word_1_11' title='bbox 510 221 684 258; x_wconf 80' lang='lat' dir='ltr'>Pontificis</span> <span class='ocrx_word' id='word_1_12' title='bbox 709 220 857 256; x_wconf 85' lang='lat' dir='ltr'>Romani</span> <span class='ocrx_word' id='word_1_13' title='bbox 876 246 883 252; x_wconf 94' lang='lat'>.</span> <span class='ocrx_word' id='word_1_14' title='bbox 917 218 1050 255; x_wconf 69' lang='lat' dir='ltr'>Deinde</span> <span class='ocrx_word' id='word_1_15' title='bbox 1071 220 1133 254; x_wconf 88' lang='lat' dir='ltr'>Pa·</span> 
     </span>
     <span class='ocr_line' id='line_1_7' title="bbox 254 265 1133 317; baseline 0.002 -15"><span class='ocrx_word' id='word_1_16' title='bbox 254 269 392 314; x_wconf 65' lang='lat' dir='ltr'>tgiarcha</span> <span class='ocrx_word' id='word_1_17' title='bbox 402 265 728 317; x_wconf 75' lang='lat' dir='ltr'>Hierosolymitan&#39;us</span> <span class='ocrx_word' id='word_1_18' title='bbox 739 271 905 306; x_wconf 78' lang='lat' dir='ltr'>subscribit</span> <span class='ocrx_word' id='word_1_19' title='bbox 929 280 1004 306; x_wconf 89' lang='lat' dir='ltr'>ante</span> <span class='ocrx_word' id='word_1_20' title='bbox 1016 271 1133 305; x_wconf 87' lang='lat' dir='ltr'>Antio—</span> 
     </span>
     <span class='ocr_line' id='line_1_8' title="bbox 251 317 1132 368; baseline 0.003 -16"><span class='ocrx_word' id='word_1_21' title='bbox 251 317 413 356; x_wconf 84' lang='lat' dir='ltr'>chenum:</span> <span class='ocrx_word' id='word_1_22' title='bbox 443 322 627 368; x_wconf 78' lang='lat' dir='ltr'>Utiqueex</span> <span class='ocrx_word' id='word_1_23' title='bbox 642 322 829 355; x_wconf 83' lang='lat' dir='ltr'>vanitatein</span> <span class='ocrx_word' id='word_1_24' title='bbox 843 320 1004 365; x_wconf 84' lang='lat' dir='ltr'>Ephesina</span> <span class='ocrx_word' id='word_1_25' title='bbox 1028 322 1132 364; x_wconf 87' lang='lat' dir='ltr'>Syno-</span> 
     </span>
     <span class='ocr_line' id='line_1_9' title="bbox 249 365 1131 414; baseline 0.005 -11"><span class='ocrx_word' id='word_1_26' title='bbox 249 365 297 403; x_wconf 82' lang='lat' dir='ltr'>do</span> <span class='ocrx_word' id='word_1_27' title='bbox 319 368 497 413; x_wconf 70' lang='lat' dir='ltr'>aJuvenali</span> <span class='ocrx_word' id='word_1_28' title='bbox 517 371 761 414; x_wconf 75' lang='lat' dir='ltr'>Hierosolymae</span> <span class='ocrx_word' id='word_1_29' title='bbox 774 372 936 414; x_wconf 88' lang='lat' dir='ltr'>Episcopo</span> <span class='ocrx_word' id='word_1_30' title='bbox 961 372 1131 414; x_wconf 67' lang='lat' dir='ltr'>praetensa,</span> 
     </span>
     <span class='ocr_line' id='line_1_10' title="bbox 251 419 1130 467; baseline 0 -13"><span class='ocrx_word' id='word_1_31' title='bbox 251 419 390 455; x_wconf 79' lang='lat' dir='ltr'>refutata</span> <span class='ocrx_word' id='word_1_32' title='bbox 399 431 507 458; x_wconf 87' lang='lat' dir='ltr'>autern</span> <span class='ocrx_word' id='word_1_33' title='bbox 518 423 536 457; x_wconf 75' lang='grc' dir='ltr'>ἐι</span> <span class='ocrx_word' id='word_1_34' title='bbox 547 425 664 458; x_wconf 67' lang='grc' dir='ltr'>δαηᾶο</span> <span class='ocrx_word' id='word_1_35' title='bbox 676 421 839 456; x_wconf 88' lang='lat' dir='ltr'>Pontifice</span> <span class='ocrx_word' id='word_1_36' title='bbox 851 421 966 456; x_wconf 86' lang='lat' dir='ltr'>Leone</span> <span class='ocrx_word' id='word_1_37' title='bbox 978 422 1107 467; x_wconf 86' lang='lat' dir='ltr'>Magno</span> <span class='ocrx_word' id='word_1_38' title='bbox 1124 446 1130 453; x_wconf 89' lang='lat'>.</span> 
     </span>
     <span class='ocr_line' id='line_1_11' title="bbox 252 467 1131 515; baseline 0.001 -11"><span class='ocrx_word' id='word_1_39' title='bbox 252 467 383 504; x_wconf 78' lang='lat' dir='ltr'>sebasta</span> <span class='ocrx_word' id='word_1_40' title='bbox 394 473 503 514; x_wconf 85' lang='lat' dir='ltr'>primae</span> <span class='ocrx_word' id='word_1_41' title='bbox 522 473 685 507; x_wconf 77' lang='lat' dir='ltr'>Armeniae</span> <span class='ocrx_word' id='word_1_42' title='bbox 706 472 904 515; x_wconf 83' lang='lat' dir='ltr'>Metropolis</span> <span class='ocrx_word' id='word_1_43' title='bbox 926 473 1048 514; x_wconf 81' lang='lat' dir='ltr'>semper</span> <span class='ocrx_word' id='word_1_44' title='bbox 1069 471 1131 505; x_wconf 87' lang='lat' dir='ltr'>fuit</span> 
     </span>
     <span class='ocr_line' id='line_1_12' title="bbox 250 518 1132 565; baseline 0.006 -14"><span class='ocrx_word' id='word_1_45' title='bbox 250 518 289 552; x_wconf 89' lang='lat' dir='ltr'>in</span> <span class='ocrx_word' id='word_1_46' title='bbox 300 522 443 564; x_wconf 85' lang='lat' dir='ltr'>negotiis</span> <span class='ocrx_word' id='word_1_47' title='bbox 453 523 704 557; x_wconf 85' lang='lat' dir='ltr'>Ecclefiasticis:</span> <span class='ocrx_word' id='word_1_48' title='bbox 734 523 776 557; x_wconf 90' lang='lat' dir='ltr'>Et</span> <span class='ocrx_word' id='word_1_49' title='bbox 789 533 897 556; x_wconf 89' lang='lat' dir='ltr'>tamen</span> <span class='ocrx_word' id='word_1_50' title='bbox 921 520 987 563; x_wconf 71' lang='lat' dir='ltr'>ojus</span> <span class='ocrx_word' id='word_1_51' title='bbox 1001 522 1132 565; x_wconf 87' lang='lat' dir='ltr'>Episco-</span> 
     </span>
     <span class='ocr_line' id='line_1_13' title="bbox 249 570 1133 612; baseline 0.006 -11"><span class='ocrx_word' id='word_1_52' title='bbox 249 579 311 612; x_wconf 81' lang='lat' dir='ltr'>pus</span> <span class='ocrx_word' id='word_1_53' title='bbox 322 570 483 606; x_wconf 82' lang='lat' dir='ltr'>Leontius</span> <span class='ocrx_word' id='word_1_54' title='bbox 493 574 603 608; x_wconf 85' lang='lat' dir='ltr'>scribit</span> <span class='ocrx_word' id='word_1_55' title='bbox 613 575 646 608; x_wconf 89' lang='lat' dir='ltr'>se</span> <span class='ocrx_word' id='word_1_56' title='bbox 658 572 801 607; x_wconf 81' lang='lat' dir='ltr'>secundae</span> <span class='ocrx_word' id='word_1_57' title='bbox 811 572 976 606; x_wconf 84' lang='lat' dir='ltr'>Armeniae</span> <span class='ocrx_word' id='word_1_58' title='bbox 1005 572 1133 606; x_wconf 55' lang='lat' dir='ltr'>Metro:</span> 
     </span>
     <span class='ocr_line' id='line_1_14' title="bbox 250 621 1131 668; baseline -0.002 -10"><span class='ocrx_word' id='word_1_59' title='bbox 250 621 405 661; x_wconf 67' lang='lat' dir='ltr'>politam·</span> <span class='ocrx_word' id='word_1_60' title='bbox 435 622 570 668; x_wconf 81' lang='lat' dir='ltr'>Utique</span> <span class='ocrx_word' id='word_1_61' title='bbox 582 636 622 658; x_wconf 86' lang='lat' dir='ltr'>ex</span> <span class='ocrx_word' id='word_1_62' title='bbox 637 623 766 657; x_wconf 87' lang='lat' dir='ltr'>novella</span> <span class='ocrx_word' id='word_1_63' title='bbox 779 622 849 667; x_wconf 87' lang='lat' dir='ltr'>lege</span> <span class='ocrx_word' id='word_1_64' title='bbox 865 621 1038 664; x_wconf 80' lang='lat' dir='ltr'>Iustiniani</span> <span class='ocrx_word' id='word_1_65' title='bbox 1062 622 1131 656; x_wconf 88' lang='lat' dir='ltr'>Au-</span> 
     </span>
     <span class='ocr_line' id='line_1_15' title="bbox 248 669 1131 715; baseline -0.007 -4"><span class='ocrx_word' id='word_1_66' title='bbox 248 669 337 713; x_wconf 72' lang='lat' dir='ltr'>8¹²sti</span> <span class='ocrx_word' id='word_1_67' title='bbox 348 694 359 710; x_wconf 72' lang='lat'>³</span> <span class='ocrx_word' id='word_1_68' title='bbox 385 672 582 709; x_wconf 79' lang='lat' dir='ltr'>Armeniam</span> <span class='ocrx_word' id='word_1_69' title='bbox 592 675 674 708; x_wconf 87' lang='lat' dir='ltr'>olim</span> <span class='ocrx_word' id='word_1_70' title='bbox 686 672 854 707; x_wconf 81' lang='lat' dir='ltr'>dumtaxat</span> <span class='ocrx_word' id='word_1_71' title='bbox 866 672 1031 715; x_wconf 89' lang='lat' dir='ltr'>duplicem</span> <span class='ocrx_word' id='word_1_72' title='bbox 1050 672 1131 705; x_wconf 90' lang='lat' dir='ltr'>divi-</span> 
     </span>
     <span class='ocr_line' id='line_1_16' title="bbox 249 717 1131 766; baseline 0.003 -14"><span class='ocrx_word' id='word_1_73' title='bbox 249 717 359 754; x_wconf 85' lang='lat' dir='ltr'>dentis</span> <span class='ocrx_word' id='word_1_74' title='bbox 382 721 418 756; x_wconf 87' lang='lat' dir='ltr'>in</span> <span class='ocrx_word' id='word_1_75' title='bbox 437 732 599 765; x_wconf 83' lang='lat' dir='ltr'>quatuor,</span> <span class='ocrx_word' id='word_1_76' title='bbox 625 725 659 758; x_wconf 80' lang='grc' dir='ltr'>δε</span> <span class='ocrx_word' id='word_1_77' title='bbox 679 723 818 766; x_wconf 86' lang='lat' dir='ltr'>primam</span> <span class='ocrx_word' id='word_1_78' title='bbox 838 722 980 766; x_wconf 80' lang='lat' dir='ltr'>jubentis</span> <span class='ocrx_word' id='word_1_79' title='bbox 1004 723 1067 758; x_wconf 78' lang='lat' dir='ltr'>esse</span> <span class='ocrx_word' id='word_1_80' title='bbox 1087 723 1131 756; x_wconf 90' lang='lat' dir='ltr'>se-</span> 
     </span>
     <span class='ocr_line' id='line_1_17' title="bbox 248 768 1130 814; baseline 0.001 -12"><span class='ocrx_word' id='word_1_81' title='bbox 248 768 411 805; x_wconf 83' lang='lat' dir='ltr'>cundam.</span> <span class='ocrx_word' id='word_1_82' title='bbox 440 773 565 808; x_wconf 72' lang='lat' dir='ltr'>Verum</span> <span class='ocrx_word' id='word_1_83' title='bbox 586 775 676 808; x_wconf 90' lang='lat' dir='ltr'>enim</span> <span class='ocrx_word' id='word_1_84' title='bbox 702 773 781 807; x_wconf 78' lang='lat' dir='ltr'>vero</span> <span class='ocrx_word' id='word_1_85' title='bbox 801 771 927 807; x_wconf 81' lang='lat' dir='ltr'>addidit</span> <span class='ocrx_word' id='word_1_86' title='bbox 949 772 1001 805; x_wconf 83' lang='lat' dir='ltr'>lex</span> <span class='ocrx_word' id='word_1_87' title='bbox 1014 797 1021 804; x_wconf 91' lang='lat'>.</span> <span class='ocrx_word' id='word_1_88' title='bbox 1050 773 1130 814; x_wconf 57' lang='grc' dir='ltr'>,ραι</span> 
     </span>
     <span class='ocr_line' id='line_1_18' title="bbox 250 820 1131 866; baseline 0.001 -15"><span class='ocrx_word' id='word_1_89' title='bbox 250 820 294 852; x_wconf 72' lang='lat' dir='ltr'>ad</span> <span class='ocrx_word' id='word_1_90' title='bbox 305 822 472 856; x_wconf 77' lang='lat' dir='ltr'>sacerdotia</span> <span class='ocrx_word' id='word_1_91' title='bbox 486 822 623 866; x_wconf 58' lang='lat' dir='ltr'>speffant</span> <span class='ocrx_word' id='word_1_92' title='bbox 636 846 647 862; x_wconf 94' lang='lat'>,</span> <span class='ocrx_word' id='word_1_93' title='bbox 672 835 709 856; x_wconf 85' lang='lat' dir='ltr'>ea</span> <span class='ocrx_word' id='word_1_94' title='bbox 731 824 864 856; x_wconf 81' lang='lat' dir='ltr'>volumus</span> <span class='ocrx_word' id='word_1_95' title='bbox 886 828 917 854; x_wconf 87' lang='lat' dir='ltr'>in</span> <span class='ocrx_word' id='word_1_96' title='bbox 933 820 1063 864; x_wconf 83' lang='lat' dir='ltr'>pristina</span> <span class='ocrx_word' id='word_1_97' title='bbox 1084 832 1131 853; x_wconf 88' lang='lat' dir='ltr'>re-</span> 
     </span>
     <span class='ocr_line' id='line_1_19' title="bbox 248 871 1130 914; baseline 0 -12"><span class='ocrx_word' id='word_1_98' title='bbox 248 871 495 910; x_wconf 80' lang='lat' dir='ltr'>manerefhrma,</span> <span class='ocrx_word' id='word_1_99' title='bbox 521 877 632 914; x_wconf 84' lang='lat' dir='ltr'>negotio</span> <span class='ocrx_word' id='word_1_100' title='bbox 642 871 705 914; x_wconf 70' lang='lat' dir='ltr'>ipsit</span> <span class='ocrx_word' id='word_1_101' title='bbox 715 883 808 914; x_wconf 85' lang='lat' dir='ltr'>neque</span> <span class='ocrx_word' id='word_1_102' title='bbox 817 878 892 906; x_wconf 83' lang='lat' dir='ltr'>circa</span> <span class='ocrx_word' id='word_1_103' title='bbox 909 873 967 912; x_wconf 83' lang='lat' dir='ltr'>jus</span> <span class='ocrx_word' id='word_1_104' title='bbox 990 877 1130 911; x_wconf 86' lang='lat' dir='ltr'>metropo-</span> 
     </span>
     <span class='ocr_line' id='line_1_20' title="bbox 249 920 1130 962; baseline 0.002 -12"><span class='ocrx_word' id='word_1_105' title='bbox 249 920 384 958; x_wconf 80' lang='lat' dir='ltr'>liticum,</span> <span class='ocrx_word' id='word_1_106' title='bbox 410 931 500 962; x_wconf 86' lang='lat' dir='ltr'>neque</span> <span class='ocrx_word' id='word_1_107' title='bbox 509 927 586 954; x_wconf 86' lang='lat' dir='ltr'>circa</span> <span class='ocrx_word' id='word_1_108' title='bbox 607 923 843 961; x_wconf 84' lang='lat' dir='ltr'>ordinationes,</span> <span class='ocrx_word' id='word_1_109' title='bbox 869 922 921 955; x_wconf 77' lang='lat' dir='ltr'>vei</span> <span class='ocrx_word' id='word_1_110' title='bbox 935 926 1130 954; x_wconf 75' lang='lat' dir='ltr'>mutationem</span> 
     </span>
     <span class='ocr_line' id='line_1_21' title="bbox 248 968 1129 1014; baseline 0.005 -14"><span class='ocrx_word' id='word_1_111' title='bbox 248 968 304 1001; x_wconf 79' lang='lat' dir='ltr'>vel</span> <span class='ocrx_word' id='word_1_112' title='bbox 315 975 504 1004; x_wconf 81' lang='lat' dir='ltr'><em>novationem</em></span> <span class='ocrx_word' id='word_1_113' title='bbox 510 969 707 1014; x_wconf 68' lang='lat' dir='ltr'>suscipiente-5</span> <span class='ocrx_word' id='word_1_114' title='bbox 727 968 786 1013; x_wconf 88' lang='lat' dir='ltr'>sed</span> <span class='ocrx_word' id='word_1_115' title='bbox 794 971 881 1013; x_wconf 74' lang='lat' dir='ltr'>prius</span> <span class='ocrx_word' id='word_1_116' title='bbox 893 972 1041 1003; x_wconf 85' lang='lat' dir='ltr'>ordinatis</span> <span class='ocrx_word' id='word_1_117' title='bbox 1052 981 1129 1004; x_wconf 88' lang='lat' dir='ltr'>nunc</span> 
     </span>
     <span class='ocr_line' id='line_1_22' title="bbox 245 1019 1129 1063; baseline 0.006 -13"><span class='ocrx_word' id='word_1_118' title='bbox 245 1028 360 1059; x_wconf 81' lang='lat' dir='ltr'>quoque</span> <span class='ocrx_word' id='word_1_119' title='bbox 368 1019 578 1055; x_wconf 82' lang='lat' dir='ltr'>authoritatem</span> <span class='ocrx_word' id='word_1_120' title='bbox 588 1020 785 1055; x_wconf 79' lang='lat' dir='ltr'>obtinentibus</span> <span class='ocrx_word' id='word_1_121' title='bbox 798 1045 810 1060; x_wconf 93' lang='lat'>,</span> <span class='ocrx_word' id='word_1_122' title='bbox 837 1023 872 1055; x_wconf 60' lang='grc' dir='ltr'>(ν</span> <span class='ocrx_word' id='word_1_123' title='bbox 886 1019 1036 1063; x_wconf 76' lang='lat' dir='ltr'>prioribus</span> <span class='ocrx_word' id='word_1_124' title='bbox 1059 1026 1129 1055; x_wconf 87' lang='lat' dir='ltr'>item</span> 
     </span>
     <span class='ocr_line' id='line_1_23' title="bbox 245 1070 1130 1115; baseline 0.006 -16"><span class='ocrx_word' id='word_1_125' title='bbox 245 1070 486 1110; x_wconf 81' lang='lat' dir='ltr'>Metropolitanis</span> <span class='ocrx_word' id='word_1_126' title='bbox 511 1076 544 1105; x_wconf 86' lang='lat' dir='ltr'>in</span> <span class='ocrx_word' id='word_1_127' title='bbox 566 1071 618 1115; x_wconf 90' lang='lat' dir='ltr'>suo</span> <span class='ocrx_word' id='word_1_128' title='bbox 638 1071 886 1114; x_wconf 81' lang='lat' dir='ltr'>permanentibus</span> <span class='ocrx_word' id='word_1_129' title='bbox 912 1074 1014 1104; x_wconf 83' lang='lat' dir='ltr'>ordine</span> <span class='ocrx_word' id='word_1_130' title='bbox 1040 1096 1050 1112; x_wconf 91' lang='lat'>‚</span> <span class='ocrx_word' id='word_1_131' title='bbox 1096 1081 1130 1104; x_wconf 91' lang='lat' dir='ltr'>ut</span> 
     </span>
     <span class='ocr_line' id='line_1_24' title="bbox 246 1119 1128 1165; baseline 0.007 -16"><span class='ocrx_word' id='word_1_132' title='bbox 246 1119 395 1159; x_wconf 72' lang='lat' dir='ltr'>quantum</span> <span class='ocrx_word' id='word_1_133' title='bbox 405 1121 449 1153; x_wconf 86' lang='lat' dir='ltr'>ad</span> <span class='ocrx_word' id='word_1_134' title='bbox 456 1119 523 1164; x_wconf 83' lang='lat' dir='ltr'>ipsa</span> <span class='ocrx_word' id='word_1_135' title='bbox 534 1122 613 1157; x_wconf 84' lang='lat' dir='ltr'>nibil</span> <span class='ocrx_word' id='word_1_136' title='bbox 614 1124 739 1165; x_wconf 76' lang='lat' dir='ltr'>penitus</span> <span class='ocrx_word' id='word_1_137' title='bbox 761 1127 922 1155; x_wconf 83' lang='lat' dir='ltr'>innovetur</span> <span class='ocrx_word' id='word_1_138' title='bbox 932 1147 939 1153; x_wconf 96' lang='lat'>.</span> <span class='ocrx_word' id='word_1_139' title='bbox 967 1121 1128 1155; x_wconf 87' lang='lat' dir='ltr'>Leontius</span> 
     </span>
     <span class='ocr_line' id='line_1_25' title="bbox 247 1168 1129 1215; baseline 0.007 -16"><span class='ocrx_word' id='word_1_140' title='bbox 247 1168 360 1209; x_wconf 86' lang='lat' dir='ltr'>itaque</span> <span class='ocrx_word' id='word_1_141' title='bbox 386 1169 519 1207; x_wconf 88' lang='lat' dir='ltr'>scribere</span> <span class='ocrx_word' id='word_1_142' title='bbox 551 1173 583 1206; x_wconf 86' lang='lat' dir='ltr'>se</span> <span class='ocrx_word' id='word_1_143' title='bbox 603 1171 717 1207; x_wconf 87' lang='lat' dir='ltr'>debuit</span> <span class='ocrx_word' id='word_1_144' title='bbox 748 1171 1001 1215; x_wconf 84' lang='lat' dir='ltr'>Metropolitam</span> <span class='ocrx_word' id='word_1_145' title='bbox 1023 1172 1129 1215; x_wconf 80' lang='lat' dir='ltr'>primae</span> 
     </span>
     <span class='ocr_line' id='line_1_26' title="bbox 245 1215 1128 1264; baseline 0.006 -14"><span class='ocrx_word' id='word_1_146' title='bbox 245 1215 434 1260; x_wconf 66' lang='lat' dir='ltr'>Armeniae,</span> <span class='ocrx_word' id='word_1_147' title='bbox 462 1222 632 1262; x_wconf 79' lang='lat' dir='ltr'>quomodo</span> <span class='ocrx_word' id='word_1_148' title='bbox 645 1223 738 1256; x_wconf 83' lang='lat' dir='ltr'>sexta:</span> <span class='ocrx_word' id='word_1_149' title='bbox 749 1221 885 1264; x_wconf 89' lang='lat' dir='ltr'>Synodo</span> <span class='ocrx_word' id='word_1_150' title='bbox 907 1223 971 1255; x_wconf 91' lang='lat' dir='ltr'>sese</span> <span class='ocrx_word' id='word_1_151' title='bbox 999 1221 1128 1256; x_wconf 87' lang='lat' dir='ltr'>subscri-</span> 
     </span>
     <span class='ocr_line' id='line_1_27' title="bbox 245 1267 1129 1315; baseline 0.007 -15"><span class='ocrx_word' id='word_1_152' title='bbox 245 1267 352 1310; x_wconf 79' lang='lat' dir='ltr'>pserat</span> <span class='ocrx_word' id='word_1_153' title='bbox 364 1268 433 1313; x_wconf 84' lang='lat' dir='ltr'>ejus</span> <span class='ocrx_word' id='word_1_154' title='bbox 444 1273 623 1306; x_wconf 72' lang='lat' dir='ltr'>antecessor</span> <span class='ocrx_word' id='word_1_155' title='bbox 643 1270 862 1306; x_wconf 81' lang='lat' dir='ltr'>Theodorus,</span> <span class='ocrx_word' id='word_1_156' title='bbox 889 1272 978 1306; x_wconf 88' lang='lat' dir='ltr'>Nam</span> <span class='ocrx_word' id='word_1_157' title='bbox 1005 1272 1039 1305; x_wconf 71' lang='grc' dir='ltr'>ἀ</span> <span class='ocrx_word' id='word_1_158' title='bbox 1062 1272 1129 1315; x_wconf 90' lang='lat' dir='ltr'>Cy-</span> 
     </span>
     <span class='ocr_line' id='line_1_28' title="bbox 244 1316 1127 1366; baseline 0.007 -17"><span class='ocrx_word' id='word_1_159' title='bbox 244 1316 380 1359; x_wconf 76' lang='lat' dir='ltr'>prianus</span> <span class='ocrx_word' id='word_1_160' title='bbox 390 1319 699 1364; x_wconf 79' lang='lat' dir='ltr'>claudiopolitanus</span> <span class='ocrx_word' id='word_1_161' title='bbox 711 1321 892 1366; x_wconf 87' lang='lat' dir='ltr'>Episcopus</span> <span class='ocrx_word' id='word_1_162' title='bbox 916 1323 981 1356; x_wconf 90' lang='lat' dir='ltr'>sese</span> <span class='ocrx_word' id='word_1_163' title='bbox 1003 1321 1127 1356; x_wconf 88' lang='lat' dir='ltr'>ibidem</span> 
     </span>
     <span class='ocr_line' id='line_1_29' title="bbox 245 1365 1126 1418; baseline 0.006 -19"><span class='ocrx_word' id='word_1_164' title='bbox 245 1365 357 1401; x_wconf 84' lang='lat' dir='ltr'>scribit</span> <span class='ocrx_word' id='word_1_165' title='bbox 367 1368 573 1404; x_wconf 85' lang='lat' dir='ltr'>Honoriadis</span> <span class='ocrx_word' id='word_1_166' title='bbox 583 1372 855 1415; x_wconf 64' lang='lat' dir='ltr'>Metropolitum:</span> <span class='ocrx_word' id='word_1_167' title='bbox 883 1371 984 1418; x_wconf 85' lang='lat' dir='ltr'>Qod</span> <span class='ocrx_word' id='word_1_168' title='bbox 1009 1382 1126 1413; x_wconf 85' lang='lat' dir='ltr'>nempe</span> 
     </span>
     <span class='ocr_line' id='line_1_30' title="bbox 244 1414 1126 1462; baseline 0.005 -14"><span class='ocrx_word' id='word_1_169' title='bbox 244 1414 346 1449; x_wconf 85' lang='lat' dir='ltr'>etiam</span> <span class='ocrx_word' id='word_1_170' title='bbox 360 1416 529 1452; x_wconf 77' lang='lat' dir='ltr'>Honorias</span> <span class='ocrx_word' id='word_1_171' title='bbox 541 1419 715 1453; x_wconf 79' lang='lat' dir='ltr'>Provincia</span> <span class='ocrx_word' id='word_1_172' title='bbox 726 1420 836 1462; x_wconf 90' lang='lat' dir='ltr'>quoad</span> <span class='ocrx_word' id='word_1_173' title='bbox 851 1420 933 1453; x_wconf 86' lang='lat' dir='ltr'>solas</span> <span class='ocrx_word' id='word_1_174' title='bbox 953 1431 1002 1453; x_wconf 89' lang='lat' dir='ltr'>res</span> <span class='ocrx_word' id='word_1_175' title='bbox 1012 1420 1126 1453; x_wconf 90' lang='lat' dir='ltr'>civiles</span> 
     </span>
     <span class='ocr_line' id='line_1_31' title="bbox 243 1465 1124 1510; baseline 0.007 -14"><span class='ocrx_word' id='word_1_176' title='bbox 243 1465 461 1507; x_wconf 81' lang='lat' dir='ltr'>pereumdem</span> <span class='ocrx_word' id='word_1_177' title='bbox 485 1467 705 1510; x_wconf 71' lang='lat' dir='ltr'>justinianum</span> <span class='ocrx_word' id='word_1_178' title='bbox 735 1469 813 1503; x_wconf 73' lang='lat' dir='ltr'>esset</span> <span class='ocrx_word' id='word_1_179' title='bbox 832 1468 1012 1508; x_wconf 62' lang='lat' dir='ltr'>destructa,</span> <span class='ocrx_word' id='word_1_180' title='bbox 1039 1469 1124 1503; x_wconf 88' lang='lat' dir='ltr'>acin</span> 
     </span>
     <span class='ocr_line' id='line_1_32' title="bbox 240 1514 1097 1564; baseline 0.004 -16"><span class='ocrx_word' id='word_1_181' title='bbox 240 1514 332 1548; x_wconf 79' lang='lat' dir='ltr'>avita</span> <span class='ocrx_word' id='word_1_182' title='bbox 343 1514 507 1557; x_wconf 84' lang='lat' dir='ltr'>Bythiniae</span> <span class='ocrx_word' id='word_1_183' title='bbox 532 1517 813 1564; x_wconf 69' lang='lat' dir='ltr'>&amp;Paphlagoniae</span> <span class='ocrx_word' id='word_1_184' title='bbox 835 1528 938 1562; x_wconf 86' lang='lat' dir='ltr'>partes</span> <span class='ocrx_word' id='word_1_185' title='bbox 959 1518 1097 1552; x_wconf 63' lang='lat' dir='ltr'>redaRa.</span> 
     </span>
    </p>

    <p class='ocr_par' dir='ltr' id='par_1_7' title="bbox 230 1564 1125 2902">
     <span class='ocr_line' id='line_1_33' title="bbox 296 1564 1124 1613; baseline 0.008 -17"><span class='ocrx_word' id='word_1_186' title='bbox 296 1564 393 1599; x_wconf 83' lang='lat' dir='ltr'>Sexta</span> <span class='ocrx_word' id='word_1_187' title='bbox 407 1567 540 1610; x_wconf 83' lang='lat' dir='ltr'>quaestio</span> <span class='ocrx_word' id='word_1_188' title='bbox 552 1568 596 1602; x_wconf 86' lang='lat' dir='ltr'>est</span> <span class='ocrx_word' id='word_1_189' title='bbox 606 1593 617 1609; x_wconf 93' lang='lat'>,</span> <span class='ocrx_word' id='word_1_190' title='bbox 643 1568 701 1602; x_wconf 89' lang='lat' dir='ltr'>An</span> <span class='ocrx_word' id='word_1_191' title='bbox 715 1569 843 1613; x_wconf 87' lang='lat' dir='ltr'>Sergius</span> <span class='ocrx_word' id='word_1_192' title='bbox 861 1568 1016 1603; x_wconf 85' lang='lat' dir='ltr'>Pontifex</span> <span class='ocrx_word' id='word_1_193' title='bbox 1039 1568 1124 1603; x_wconf 87' lang='lat' dir='ltr'>hanc</span> 
     </span>
     <span class='ocr_line' id='line_1_34' title="bbox 241 1613 1125 1662; baseline 0.007 -16"><span class='ocrx_word' id='word_1_194' title='bbox 241 1613 418 1654; x_wconf 81' lang='lat' dir='ltr'>synodum</span> <span class='ocrx_word' id='word_1_195' title='bbox 438 1616 637 1651; x_wconf 84' lang='lat' dir='ltr'>confirmarit</span> <span class='ocrx_word' id='word_1_196' title='bbox 660 1619 673 1651; x_wconf 90' lang='lat'>.&gt;</span> <span class='ocrx_word' id='word_1_197' title='bbox 709 1619 855 1652; x_wconf 86' lang='lat' dir='ltr'>Breviter</span> <span class='ocrx_word' id='word_1_198' title='bbox 891 1630 929 1652; x_wconf 88' lang='lat' dir='ltr'>ac</span> <span class='ocrx_word' id='word_1_199' title='bbox 961 1619 1125 1662; x_wconf 79' lang='lat' dir='ltr'>eleganter</span> 
     </span>
     <span class='ocr_line' id='line_1_35' title="bbox 239 1663 1124 1713; baseline 0.009 -17"><span class='ocrx_word' id='word_1_200' title='bbox 239 1663 418 1706; x_wconf 73' lang='lat' dir='ltr'>:espondet</span> <span class='ocrx_word' id='word_1_201' title='bbox 438 1664 573 1710; x_wconf 86' lang='lat' dir='ltr'>Regino</span> <span class='ocrx_word' id='word_1_202' title='bbox 597 1667 710 1702; x_wconf 82' lang='lat' dir='ltr'>Abbas</span> <span class='ocrx_word' id='word_1_203' title='bbox 735 1668 954 1702; x_wconf 84' lang='lat' dir='ltr'>Prumienfis.</span> <span class='ocrx_word' id='word_1_204' title='bbox 974 1668 1124 1713; x_wconf 82' lang='lat' dir='ltr'>Justinia-</span> 
     </span>
     <span class='ocr_line' id='line_1_36' title="bbox 238 1714 1124 1761; baseline 0.007 -16"><span class='ocrx_word' id='word_1_205' title='bbox 238 1723 300 1746; x_wconf 74' lang='lat' dir='ltr'>ms</span> <span class='ocrx_word' id='word_1_206' title='bbox 317 1714 458 1757; x_wconf 83' lang='lat' dir='ltr'>Augustus</span> <span class='ocrx_word' id='word_1_207' title='bbox 481 1718 611 1760; x_wconf 81' lang='lat' dir='ltr'>Sergium</span> <span class='ocrx_word' id='word_1_208' title='bbox 638 1718 809 1759; x_wconf 87' lang='lat' dir='ltr'>Pontificem</span> <span class='ocrx_word' id='word_1_209' title='bbox 821 1742 831 1757; x_wconf 91' lang='lat'>,</span> <span class='ocrx_word' id='word_1_210' title='bbox 860 1724 932 1761; x_wconf 85' lang='lat' dir='ltr'>quia</span> <span class='ocrx_word' id='word_1_211' title='bbox 951 1723 984 1751; x_wconf 85' lang='lat' dir='ltr'>in</span> <span class='ocrx_word' id='word_1_212' title='bbox 1001 1730 1124 1752; x_wconf 83' lang='lat' dir='ltr'>errorem</span> 
     </span>
     <span class='ocr_line' id='line_1_37' title="bbox 238 1761 1124 1810; baseline 0.008 -15"><span class='ocrx_word' id='word_1_213' title='bbox 238 1761 326 1795; x_wconf 73' lang='lat' dir='ltr'>illius</span> <span class='ocrx_word' id='word_1_214' title='bbox 337 1764 463 1804; x_wconf 79' lang='lat' dir='ltr'>synodi,</span> <span class='ocrx_word' id='word_1_215' title='bbox 489 1777 579 1807; x_wconf 82' lang='lat' dir='ltr'>quam</span> <span class='ocrx_word' id='word_1_216' title='bbox 591 1766 836 1810; x_wconf 85' lang='lat' dir='ltr'>Constantinopoli</span> <span class='ocrx_word' id='word_1_217' title='bbox 854 1764 992 1810; x_wconf 71' lang='lat' dir='ltr'>fecerat,</span> <span class='ocrx_word' id='word_1_218' title='bbox 1010 1769 1124 1809; x_wconf 84' lang='lat' dir='ltr'>favere</span> 
     </span>
     <span class='ocr_line' id='line_1_38' title="bbox 242 1809 1123 1860; baseline 0.008 -16"><span class='ocrx_word' id='word_1_219' title='bbox 242 1809 461 1856; x_wconf 67' lang='lat' dir='ltr'>&amp;subscribere</span> <span class='ocrx_word' id='word_1_220' title='bbox 471 1817 585 1855; x_wconf 82' lang='lat' dir='ltr'>noluit,</span> <span class='ocrx_word' id='word_1_221' title='bbox 611 1817 689 1859; x_wconf 78' lang='lat' dir='ltr'>miffo</span> <span class='ocrx_word' id='word_1_222' title='bbox 706 1817 863 1859; x_wconf 78' lang='lat' dir='ltr'>&#39;Zacharia</span> <span class='ocrx_word' id='word_1_223' title='bbox 886 1820 974 1851; x_wconf 89' lang='lat' dir='ltr'>Proto</span> <span class='ocrx_word' id='word_1_224' title='bbox 987 1820 1123 1860; x_wconf 77' lang='lat' dir='ltr'>spatario</span> 
     </span>
     <span class='ocr_line' id='line_1_39' title="bbox 236 1859 1120 1911; baseline 0.009 -18"><span class='ocrx_word' id='word_1_225' title='bbox 236 1859 293 1904; x_wconf 78' lang='lat' dir='ltr'>suo</span> <span class='ocrx_word' id='word_1_226' title='bbox 304 1886 315 1902; x_wconf 90' lang='lat'>,</span> <span class='ocrx_word' id='word_1_227' title='bbox 340 1863 617 1908; x_wconf 83' lang='lat' dir='ltr'>Constantinopolim</span> <span class='ocrx_word' id='word_1_228' title='bbox 627 1868 778 1908; x_wconf 85' lang='lat' dir='ltr'>deportari</span> <span class='ocrx_word' id='word_1_229' title='bbox 782 1869 864 1909; x_wconf 83' lang='lat' dir='ltr'>juffit</span> <span class='ocrx_word' id='word_1_230' title='bbox 876 1892 887 1908; x_wconf 92' lang='lat'>,</span> <span class='ocrx_word' id='word_1_231' title='bbox 907 1867 965 1911; x_wconf 87' lang='lat' dir='ltr'>sed</span> <span class='ocrx_word' id='word_1_232' title='bbox 977 1869 1120 1901; x_wconf 79' lang='lat' dir='ltr'>militibus</span> 
     </span>
     <span class='ocr_line' id='line_1_40' title="bbox 241 1914 1121 1960; baseline 0.007 -16"><span class='ocrx_word' id='word_1_233' title='bbox 241 1914 473 1955; x_wconf 75' lang='lat' dir='ltr'>repugnantibus</span> <span class='ocrx_word' id='word_1_234' title='bbox 487 1917 569 1959; x_wconf 84' lang='lat' dir='ltr'>juffa</span> <span class='ocrx_word' id='word_1_235' title='bbox 593 1918 744 1959; x_wconf 86' lang='lat' dir='ltr'>Principis</span> <span class='ocrx_word' id='word_1_236' title='bbox 763 1917 899 1959; x_wconf 77' lang='lat' dir='ltr'>perficer‘e</span> <span class='ocrx_word' id='word_1_237' title='bbox 924 1929 982 1950; x_wconf 90' lang='lat' dir='ltr'>non</span> <span class='ocrx_word' id='word_1_238' title='bbox 1003 1924 1121 1960; x_wconf 87' lang='lat' dir='ltr'>potuit.</span> 
     </span>
     <span class='ocr_line' id='line_1_41' title="bbox 246 1960 1122 2014; baseline 0.009 -20"><span class='ocrx_word' id='word_1_239' title='bbox 246 1960 355 1997; x_wconf 80' lang='lat' dir='ltr'>Addit</span> <span class='ocrx_word' id='word_1_240' title='bbox 366 1963 537 1999; x_wconf 86' lang='lat' dir='ltr'>Marianus</span> <span class='ocrx_word' id='word_1_241' title='bbox 559 1967 675 2001; x_wconf 88' lang='lat' dir='ltr'>Scotus</span> <span class='ocrx_word' id='word_1_242' title='bbox 687 1967 880 2003; x_wconf 78' lang='lat' dir='ltr'>Zachariam</span> <span class='ocrx_word' id='word_1_243' title='bbox 899 1968 1122 2014; x_wconf 70' lang='lat' dir='ltr'>ignominiose</span> 
     </span>
     <span class='ocr_line' id='line_1_42' title="bbox 238 2012 1121 2062; baseline 0.006 -16"><span class='ocrx_word' id='word_1_244' title='bbox 238 2012 337 2046; x_wconf 74' lang='lat' dir='ltr'>fuisse</span> <span class='ocrx_word' id='word_1_245' title='bbox 363 2013 444 2048; x_wconf 88' lang='lat' dir='ltr'>urbe</span> <span class='ocrx_word' id='word_1_246' title='bbox 463 2014 598 2057; x_wconf 69' lang='lat' dir='ltr'>ejectum</span> <span class='ocrx_word' id='word_1_247' title='bbox 622 2041 628 2047; x_wconf 93' lang='lat'>.</span> <span class='ocrx_word' id='word_1_248' title='bbox 655 2017 810 2053; x_wconf 64' lang='lat' dir='ltr'>Tractare</span> <span class='ocrx_word' id='word_1_249' title='bbox 822 2018 969 2062; x_wconf 83' lang='lat' dir='ltr'>Sergium</span> <span class='ocrx_word' id='word_1_250' title='bbox 994 2018 1121 2061; x_wconf 84' lang='lat' dir='ltr'>parabat</span> 
     </span>
     <span class='ocr_line' id='line_1_43' title="bbox 240 2060 1123 2111; baseline 0.011 -19"><span class='ocrx_word' id='word_1_251' title='bbox 240 2060 441 2103; x_wconf 84' lang='lat' dir='ltr'>Justinianus</span> <span class='ocrx_word' id='word_1_252' title='bbox 452 2065 634 2105; x_wconf 84' lang='lat' dir='ltr'>secundus,</span> <span class='ocrx_word' id='word_1_253' title='bbox 660 2067 828 2109; x_wconf 77' lang='lat' dir='ltr'>quomodo</span> <span class='ocrx_word' id='word_1_254' title='bbox 852 2068 1017 2111; x_wconf 90' lang='lat' dir='ltr'>Vigilium</span> <span class='ocrx_word' id='word_1_255' title='bbox 1037 2068 1123 2102; x_wconf 82' lang='lat' dir='ltr'>Pon-</span> 
     </span>
     <span class='ocr_line' id='line_1_44' title="bbox 241 2110 1121 2160; baseline 0.01 -17"><span class='ocrx_word' id='word_1_256' title='bbox 241 2110 365 2145; x_wconf 86' lang='lat' dir='ltr'>tificem</span> <span class='ocrx_word' id='word_1_257' title='bbox 378 2111 395 2144; x_wconf 66' lang='lat' dir='ltr'>a</span> <span class='ocrx_word' id='word_1_258' title='bbox 405 2113 511 2156; x_wconf 87' lang='lat' dir='ltr'>primo</span> <span class='ocrx_word' id='word_1_259' title='bbox 525 2114 710 2156; x_wconf 84' lang='lat' dir='ltr'>Iustiniano</span> <span class='ocrx_word' id='word_1_260' title='bbox 728 2119 894 2151; x_wconf 63' lang='lat' dir='ltr'>traaatum</span> <span class='ocrx_word' id='word_1_261' title='bbox 915 2117 1006 2160; x_wconf 76' lang='lat' dir='ltr'>supra</span> <span class='ocrx_word' id='word_1_262' title='bbox 1017 2119 1121 2152; x_wconf 81' lang='lat' dir='ltr'>osten-</span> 
     </span>
     <span class='ocr_line' id='line_1_45' title="bbox 239 2159 1120 2210; baseline 0.01 -17"><span class='ocrx_word' id='word_1_263' title='bbox 239 2159 351 2194; x_wconf 87' lang='lat' dir='ltr'>dimus</span> <span class='ocrx_word' id='word_1_264' title='bbox 367 2186 374 2192; x_wconf 90' lang='lat'>.</span> <span class='ocrx_word' id='word_1_265' title='bbox 414 2163 478 2198; x_wconf 88' lang='lat' dir='ltr'>Rei</span> <span class='ocrx_word' id='word_1_266' title='bbox 499 2164 632 2205; x_wconf 89' lang='lat' dir='ltr'>seriem,</span> <span class='ocrx_word' id='word_1_267' title='bbox 659 2164 958 2210; x_wconf 79' lang='lat' dir='ltr'>Proto-spatharii</span> <span class='ocrx_word' id='word_1_268' title='bbox 982 2168 1017 2202; x_wconf 86' lang='lat' dir='ltr'>in</span> <span class='ocrx_word' id='word_1_269' title='bbox 1042 2168 1120 2202; x_wconf 88' lang='lat' dir='ltr'>urbe</span> 
     </span>
     <span class='ocr_line' id='line_1_46' title="bbox 240 2210 1120 2260; baseline 0.011 -18"><span class='ocrx_word' id='word_1_270' title='bbox 240 2210 438 2254; x_wconf 84' lang='lat' dir='ltr'>violentias,</span> <span class='ocrx_word' id='word_1_271' title='bbox 464 2225 502 2248; x_wconf 89' lang='lat' dir='ltr'>ac</span> <span class='ocrx_word' id='word_1_272' title='bbox 515 2213 661 2249; x_wconf 87' lang='lat' dir='ltr'>Romani</span> <span class='ocrx_word' id='word_1_273' title='bbox 683 2217 795 2260; x_wconf 85' lang='lat' dir='ltr'>populi</span> <span class='ocrx_word' id='word_1_274' title='bbox 814 2228 873 2260; x_wconf 87' lang='lat' dir='ltr'>pro</span> <span class='ocrx_word' id='word_1_275' title='bbox 885 2217 1049 2252; x_wconf 86' lang='lat' dir='ltr'>Pontifice</span> <span class='ocrx_word' id='word_1_276' title='bbox 1073 2229 1120 2252; x_wconf 90' lang='lat' dir='ltr'>ze-</span> 
     </span>
     <span class='ocr_line' id='line_1_47' title="bbox 239 2260 1118 2311; baseline 0.011 -19"><span class='ocrx_word' id='word_1_277' title='bbox 239 2260 310 2293; x_wconf 89' lang='lat' dir='ltr'>lum</span> <span class='ocrx_word' id='word_1_278' title='bbox 332 2260 396 2296; x_wconf 71' lang='lat' dir='ltr'>late</span> <span class='ocrx_word' id='word_1_279' title='bbox 417 2263 452 2297; x_wconf 86' lang='lat' dir='ltr'>in</span> <span class='ocrx_word' id='word_1_280' title='bbox 477 2263 560 2298; x_wconf 87' lang='lat' dir='ltr'>libro</span> <span class='ocrx_word' id='word_1_281' title='bbox 571 2264 761 2302; x_wconf 84' lang='lat' dir='ltr'>Pontificali</span> <span class='ocrx_word' id='word_1_282' title='bbox 783 2267 919 2311; x_wconf 85' lang='lat' dir='ltr'>exponit</span> <span class='ocrx_word' id='word_1_283' title='bbox 930 2266 1118 2303; x_wconf 86' lang='lat' dir='ltr'>Anastasius</span> 
     </span>
     <span class='ocr_line' id='line_1_48' title="bbox 237 2307 1118 2361; baseline 0.014 -20"><span class='ocrx_word' id='word_1_284' title='bbox 237 2307 514 2347; x_wconf 74' lang='lat' dir='ltr'>Bibliothecarius</span> <span class='ocrx_word' id='word_1_285' title='bbox 534 2340 540 2347; x_wconf 92' lang='lat'>.</span> <span class='ocrx_word' id='word_1_286' title='bbox 570 2313 695 2349; x_wconf 71' lang='lat' dir='ltr'>Verum</span> <span class='ocrx_word' id='word_1_287' title='bbox 732 2316 868 2351; x_wconf 85' lang='lat' dir='ltr'>Divinae</span> <span class='ocrx_word' id='word_1_288' title='bbox 904 2318 1118 2361; x_wconf 86' lang='lat' dir='ltr'>providentiae</span> 
     </span>
     <span class='ocr_line' id='line_1_49' title="bbox 238 2358 1119 2412; baseline 0.012 -20"><span class='ocrx_word' id='word_1_289' title='bbox 238 2358 412 2402; x_wconf 86' lang='lat' dir='ltr'>justioculi</span> <span class='ocrx_word' id='word_1_290' title='bbox 425 2374 493 2397; x_wconf 91' lang='lat' dir='ltr'>non</span> <span class='ocrx_word' id='word_1_291' title='bbox 505 2364 676 2399; x_wconf 88' lang='lat' dir='ltr'>dormiunt</span> <span class='ocrx_word' id='word_1_292' title='bbox 688 2392 695 2398; x_wconf 96' lang='lat'>.</span> <span class='ocrx_word' id='word_1_293' title='bbox 724 2365 836 2412; x_wconf 86' lang='lat' dir='ltr'>Pergit</span> <span class='ocrx_word' id='word_1_294' title='bbox 855 2367 944 2401; x_wconf 88' lang='lat' dir='ltr'>enim</span> <span class='ocrx_word' id='word_1_295' title='bbox 970 2367 1119 2403; x_wconf 86' lang='lat' dir='ltr'>laudatus</span> 
     </span>
     <span class='ocr_line' id='line_1_50' title="bbox 239 2408 1119 2462; baseline 0.011 -20"><span class='ocrx_word' id='word_1_296' title='bbox 239 2408 431 2445; x_wconf 82' lang='lat' dir='ltr'>Marianus:</span> <span class='ocrx_word' id='word_1_297' title='bbox 463 2413 651 2455; x_wconf 71' lang='lat' dir='ltr'>lastinianus</span> <span class='ocrx_word' id='word_1_298' title='bbox 678 2416 712 2448; x_wconf 92' lang='lat' dir='ltr'>ob</span> <span class='ocrx_word' id='word_1_299' title='bbox 738 2418 853 2459; x_wconf 78' lang='lat' dir='ltr'>culpam</span> <span class='ocrx_word' id='word_1_300' title='bbox 873 2417 1012 2459; x_wconf 84' lang='lat' dir='ltr'>perfidiae</span> <span class='ocrx_word' id='word_1_301' title='bbox 1037 2424 1119 2462; x_wconf 82' lang='lat' dir='ltr'>regni</span> 
     </span>
     <span class='ocr_line' id='line_1_51' title="bbox 234 2459 1119 2512; baseline 0.015 -23"><span class='ocrx_word' id='word_1_302' title='bbox 234 2459 333 2501; x_wconf 84' lang='lat' dir='ltr'>gloria</span> <span class='ocrx_word' id='word_1_303' title='bbox 340 2468 506 2502; x_wconf 80' lang='lat' dir='ltr'>privatus,</span> <span class='ocrx_word' id='word_1_304' title='bbox 530 2465 603 2497; x_wconf 85' lang='lat' dir='ltr'>exul</span> <span class='ocrx_word' id='word_1_305' title='bbox 619 2464 726 2508; x_wconf 85' lang='lat' dir='ltr'>seceffit</span> <span class='ocrx_word' id='word_1_306' title='bbox 747 2472 780 2500; x_wconf 85' lang='lat' dir='ltr'>in</span> <span class='ocrx_word' id='word_1_307' title='bbox 795 2470 922 2501; x_wconf 89' lang='lat' dir='ltr'>Pontum</span> <span class='ocrx_word' id='word_1_308' title='bbox 935 2493 943 2500; x_wconf 92' lang='lat'>.</span> <span class='ocrx_word' id='word_1_309' title='bbox 970 2469 1119 2512; x_wconf 83' lang='lat' dir='ltr'>Exponit</span> 
     </span>
     <span class='ocr_line' id='line_1_52' title="bbox 236 2508 1119 2559; baseline 0.014 -19"><span class='ocrx_word' id='word_1_310' title='bbox 236 2508 330 2551; x_wconf 72' lang='lat' dir='ltr'>supra</span> <span class='ocrx_word' id='word_1_311' title='bbox 342 2522 540 2556; x_wconf 66' lang='lat' dir='ltr'>memoratus</span> <span class='ocrx_word' id='word_1_312' title='bbox 552 2514 678 2548; x_wconf 87' lang='lat' dir='ltr'>libellus</span> <span class='ocrx_word' id='word_1_313' title='bbox 688 2516 865 2559; x_wconf 87' lang='lat' dir='ltr'>synodicus</span> <span class='ocrx_word' id='word_1_314' title='bbox 879 2530 886 2549; x_wconf 88' lang='lat'>:</span> <span class='ocrx_word' id='word_1_315' title='bbox 912 2521 1054 2552; x_wconf 79' lang='lat' dir='ltr'>Leontius</span> <span class='ocrx_word' id='word_1_316' title='bbox 1065 2525 1119 2551; x_wconf 79' lang='lat' dir='ltr'>im-</span> 
     </span>
     <span class='ocr_line' id='line_1_53' title="bbox 231 2561 1116 2610; baseline 0.014 -20"><span class='ocrx_word' id='word_1_317' title='bbox 231 2565 354 2600; x_wconf 77' lang='lat' dir='ltr'>perium</span> <span class='ocrx_word' id='word_1_318' title='bbox 379 2561 488 2603; x_wconf 80' lang='lat' dir='ltr'>invafit</span> <span class='ocrx_word' id='word_1_319' title='bbox 516 2587 527 2603; x_wconf 93' lang='lat'>,</span> <span class='ocrx_word' id='word_1_320' title='bbox 553 2565 587 2597; x_wconf 66' lang='grc'>(9</span> <span class='ocrx_word' id='word_1_321' title='bbox 605 2565 812 2607; x_wconf 87' lang='lat' dir='ltr'>Justinianum</span> <span class='ocrx_word' id='word_1_322' title='bbox 846 2567 967 2610; x_wconf 85' lang='lat' dir='ltr'>absciffis</span> <span class='ocrx_word' id='word_1_323' title='bbox 993 2569 1116 2602; x_wconf 89' lang='lat' dir='ltr'>naribus</span> 
     </span>
     <span class='ocr_line' id='line_1_54' title="bbox 238 2607 620 2656; baseline 0.016 -16"><span class='ocrx_word' id='word_1_324' title='bbox 238 2607 419 2652; x_wconf 71' lang='lat' dir='ltr'>chersonem</span> <span class='ocrx_word' id='word_1_325' title='bbox 443 2612 587 2656; x_wconf 83' lang='lat' dir='ltr'>relegavit</span> <span class='ocrx_word' id='word_1_326' title='bbox 613 2639 620 2646; x_wconf 91' lang='lat'>.</span> 
     </span>
     <span class='ocr_line' id='line_1_55' title="bbox 236 2658 1117 2710; baseline 0.012 -19"><span class='ocrx_word' id='word_1_327' title='bbox 236 2658 364 2701; x_wconf 67' lang='lat' dir='ltr'>Ecclesia</span> <span class='ocrx_word' id='word_1_328' title='bbox 374 2662 431 2695; x_wconf 87' lang='lat' dir='ltr'>Dei</span> <span class='ocrx_word' id='word_1_329' title='bbox 441 2663 660 2704; x_wconf 84' lang='lat' dir='ltr'>imperturbata</span> <span class='ocrx_word' id='word_1_330' title='bbox 668 2676 732 2697; x_wconf 91' lang='lat' dir='ltr'>cum</span> <span class='ocrx_word' id='word_1_331' title='bbox 745 2664 799 2708; x_wconf 92' lang='lat' dir='ltr'>suo</span> <span class='ocrx_word' id='word_1_332' title='bbox 822 2666 977 2710; x_wconf 80' lang='lat' dir='ltr'>Praesule,</span> <span class='ocrx_word' id='word_1_333' title='bbox 1003 2668 1117 2709; x_wconf 74' lang='lat' dir='ltr'>christo</span> 
     </span>
     <span class='ocr_line' id='line_1_56' title="bbox 230 2708 1116 2761; baseline 0.014 -20"><span class='ocrx_word' id='word_1_334' title='bbox 230 2708 383 2750; x_wconf 80' lang='lat' dir='ltr'>favente,</span> <span class='ocrx_word' id='word_1_335' title='bbox 405 2710 596 2754; x_wconf 72' lang='lat' dir='ltr'>servataesl.</span> <span class='ocrx_word' id='word_1_336' title='bbox 624 2714 744 2749; x_wconf 88' lang='lat' dir='ltr'>Nullus</span> <span class='ocrx_word' id='word_1_337' title='bbox 755 2716 843 2750; x_wconf 90' lang='lat' dir='ltr'>enim</span> <span class='ocrx_word' id='word_1_338' title='bbox 857 2727 1010 2761; x_wconf 89' lang='lat' dir='ltr'>umquam</span> <span class='ocrx_word' id='word_1_339' title='bbox 1025 2716 1116 2753; x_wconf 90' lang='lat' dir='ltr'>Chri-</span> 
     </span>
     <span class='ocr_line' id='line_1_57' title="bbox 236 2759 1117 2813; baseline 0.012 -21"><span class='ocrx_word' id='word_1_340' title='bbox 236 2759 359 2794; x_wconf 80' lang='lat' dir='ltr'>stianus</span> <span class='ocrx_word' id='word_1_341' title='bbox 368 2760 566 2805; x_wconf 88' lang='lat' dir='ltr'>Princepsin</span> <span class='ocrx_word' id='word_1_342' title='bbox 588 2764 774 2799; x_wconf 84' lang='lat' dir='ltr'>Romanam</span> <span class='ocrx_word' id='word_1_343' title='bbox 790 2766 966 2801; x_wconf 76' lang='lat' dir='ltr'>Ecclesiam</span> <span class='ocrx_word' id='word_1_344' title='bbox 981 2778 1036 2803; x_wconf 91' lang='lat' dir='ltr'>aut</span> <span class='ocrx_word' id='word_1_345' title='bbox 1047 2769 1117 2813; x_wconf 84' lang='lat' dir='ltr'>ejus</span> 
     </span>
     <span class='ocr_line' id='line_1_58' title="bbox 236 2807 1115 2864; baseline 0.015 -23"><span class='ocrx_word' id='word_1_346' title='bbox 236 2807 436 2855; x_wconf 83' lang='lat' dir='ltr'>Episcopum</span> <span class='ocrx_word' id='word_1_347' title='bbox 463 2814 612 2855; x_wconf 77' lang='lat' dir='ltr'>excellit,</span> <span class='ocrx_word' id='word_1_348' title='bbox 640 2815 720 2858; x_wconf 89' lang='lat' dir='ltr'>quin</span> <span class='ocrx_word' id='word_1_349' title='bbox 744 2816 916 2851; x_wconf 60' lang='lat' dir='ltr'>Divinitas</span> <span class='ocrx_word' id='word_1_350' title='bbox 939 2817 1035 2853; x_wconf 85' lang='lat' dir='ltr'>luerit</span> <span class='ocrx_word' id='word_1_351' title='bbox 1061 2831 1115 2864; x_wconf 86' lang='lat' dir='ltr'>per</span> 
     </span>
     <span class='ocr_line' id='line_1_59' title="bbox 237 2860 667 2902; baseline 0.019 -12"><span class='ocrx_word' id='word_1_352' title='bbox 237 2860 434 2902; x_wconf 76' lang='lat' dir='ltr'>gravissimas</span> <span class='ocrx_word' id='word_1_353' title='bbox 451 2862 667 2898; x_wconf 85' lang='lat' dir='ltr'>calamitates.</span> 
     </span>
    </p>

    <p class='ocr_par' dir='ltr' id='par_1_8' title="bbox 227 2908 1113 3461">
     <span class='ocr_line' id='line_1_60' title="bbox 288 2908 1113 2962; baseline 0.016 -20"><span class='ocrx_word' id='word_1_354' title='bbox 288 2908 399 2943; x_wconf 87' lang='lat' dir='ltr'>Etiam</span> <span class='ocrx_word' id='word_1_355' title='bbox 411 2911 570 2956; x_wconf 77' lang='lat' dir='ltr'>relegatus</span> <span class='ocrx_word' id='word_1_356' title='bbox 594 2926 632 2948; x_wconf 90' lang='lat' dir='ltr'>ac</span> <span class='ocrx_word' id='word_1_357' title='bbox 653 2925 818 2952; x_wconf 88' lang='lat' dir='ltr'>truncatus</span> <span class='ocrx_word' id='word_1_358' title='bbox 833 2917 1032 2962; x_wconf 86' lang='lat' dir='ltr'>Justinianus</span> <span class='ocrx_word' id='word_1_359' title='bbox 1057 2919 1113 2954; x_wconf 89' lang='lat' dir='ltr'>du-</span> 
     </span>
     <span class='ocr_line' id='line_1_61' title="bbox 231 2957 1111 3013; baseline 0.016 -23"><span class='ocrx_word' id='word_1_360' title='bbox 231 2957 376 3008; x_wconf 63' lang='lat' dir='ltr'>rissima,</span> <span class='ocrx_word' id='word_1_361' title='bbox 401 2970 435 2994; x_wconf 86' lang='lat' dir='ltr'>at</span> <span class='ocrx_word' id='word_1_362' title='bbox 456 2973 522 2996; x_wconf 90' lang='lat' dir='ltr'>non</span> <span class='ocrx_word' id='word_1_363' title='bbox 536 2965 665 3006; x_wconf 73' lang='lat' dir='ltr'>penitus</span> <span class='ocrx_word' id='word_1_364' title='bbox 675 2965 892 3008; x_wconf 58' lang='lat' dir='ltr'>infrudtuose,</span> <span class='ocrx_word' id='word_1_365' title='bbox 918 2970 963 3003; x_wconf 86' lang='lat' dir='ltr'>est</span> <span class='ocrx_word' id='word_1_366' title='bbox 989 2971 1111 3013; x_wconf 66' lang='lat' dir='ltr'>passus.</span> 
     </span>
     <span class='ocr_line' id='line_1_62' title="bbox 233 3008 1109 3063; baseline 0.016 -23"><span class='ocrx_word' id='word_1_367' title='bbox 233 3008 374 3042; x_wconf 84' lang='lat' dir='ltr'>Etenim</span> <span class='ocrx_word' id='word_1_368' title='bbox 401 3020 530 3054; x_wconf 87' lang='lat' dir='ltr'>recepto</span> <span class='ocrx_word' id='word_1_369' title='bbox 548 3014 755 3056; x_wconf 76' lang='lat' dir='ltr'>postmodum</span> <span class='ocrx_word' id='word_1_370' title='bbox 781 3017 923 3061; x_wconf 72' lang='lat' dir='ltr'>gloriose</span> <span class='ocrx_word' id='word_1_371' title='bbox 951 3019 1109 3063; x_wconf 79' lang='lat' dir='ltr'>imperio,</span> 
     </span>
     <span class='ocr_line' id='line_1_63' title="bbox 232 3058 1111 3110; baseline 0.014 -18"><span class='ocrx_word' id='word_1_372' title='bbox 232 3058 315 3094; x_wconf 75' lang='lat' dir='ltr'>fecit</span> <span class='ocrx_word' id='word_1_373' title='bbox 326 3059 413 3100; x_wconf 92' lang='lat' dir='ltr'>quod</span> <span class='ocrx_word' id='word_1_374' title='bbox 426 3059 459 3092; x_wconf 90' lang='lat' dir='ltr'>in</span> <span class='ocrx_word' id='word_1_375' title='bbox 474 3061 538 3094; x_wconf 76' lang='lat' dir='ltr'>vica</span> <span class='ocrx_word' id='word_1_376' title='bbox 560 3063 694 3105; x_wconf 86' lang='lat' dir='ltr'>Joannis</span> <span class='ocrx_word' id='word_1_377' title='bbox 706 3067 832 3110; x_wconf 89' lang='lat' dir='ltr'>septimi</span> <span class='ocrx_word' id='word_1_378' title='bbox 854 3068 1026 3104; x_wconf 84' lang='lat' dir='ltr'>Pontificis</span> <span class='ocrx_word' id='word_1_379' title='bbox 1039 3070 1111 3103; x_wconf 82' lang='lat' dir='ltr'>scri-</span> 
     </span>
     <span class='ocr_line' id='line_1_64' title="bbox 234 3108 1109 3163; baseline 0.011 -20"><span class='ocrx_word' id='word_1_380' title='bbox 234 3108 287 3145; x_wconf 77' lang='lat' dir='ltr'>bit</span> <span class='ocrx_word' id='word_1_381' title='bbox 301 3108 448 3143; x_wconf 82' lang='lat' dir='ltr'>laudatus</span> <span class='ocrx_word' id='word_1_382' title='bbox 462 3108 660 3147; x_wconf 71' lang='lat' dir='ltr'>Anastasius.</span> <span class='ocrx_word' id='word_1_383' title='bbox 687 3116 764 3149; x_wconf 83' lang='lat' dir='ltr'>Illtco</span> <span class='ocrx_word' id='word_1_384' title='bbox 782 3126 816 3150; x_wconf 91' lang='lat' dir='ltr'>ut</span> <span class='ocrx_word' id='word_1_385' title='bbox 835 3119 984 3159; x_wconf 83' lang='lat' dir='ltr'>palatium</span> <span class='ocrx_word' id='word_1_386' title='bbox 1004 3119 1109 3163; x_wconf 73' lang='lat' dir='ltr'>ingres</span> 
     </span>
     <span class='ocr_line' id='line_1_65' title="bbox 227 3158 1109 3210; baseline 0.015 -21"><span class='ocrx_word' id='word_1_387' title='bbox 227 3158 286 3205; x_wconf 76' lang='lat' dir='ltr'>sus</span> <span class='ocrx_word' id='word_1_388' title='bbox 311 3158 348 3199; x_wconf 85' lang='lat' dir='ltr'>est</span> <span class='ocrx_word' id='word_1_389' title='bbox 374 3183 385 3198; x_wconf 97' lang='lat'><em>‚</em></span> <span class='ocrx_word' id='word_1_390' title='bbox 407 3166 618 3204; x_wconf 85' lang='lat' dir='ltr'>propriumque</span> <span class='ocrx_word' id='word_1_391' title='bbox 643 3165 770 3206; x_wconf 87' lang='lat' dir='ltr'>adeptus</span> <span class='ocrx_word' id='word_1_392' title='bbox 796 3173 968 3210; x_wconf 84' lang='lat' dir='ltr'>imperium,</span> <span class='ocrx_word' id='word_1_393' title='bbox 995 3179 1085 3203; x_wconf 82' lang='lat' dir='ltr'>tomos</span> <span class='ocrx_word' id='word_1_394' title='bbox 1099 3194 1109 3210; x_wconf 88' lang='lat'>‚</span> 
     </span>
     <span class='ocr_line' id='line_1_66' title="bbox 230 3208 1110 3257; baseline 0.014 -17"><span class='ocrx_word' id='word_1_395' title='bbox 230 3219 306 3253; x_wconf 76' lang='lat' dir='ltr'>quos</span> <span class='ocrx_word' id='word_1_396' title='bbox 330 3210 422 3242; x_wconf 68' lang='lat' dir='ltr'>antea</span> <span class='ocrx_word' id='word_1_397' title='bbox 441 3208 498 3252; x_wconf 85' lang='lat' dir='ltr'>sub</span> <span class='ocrx_word' id='word_1_398' title='bbox 511 3213 635 3244; x_wconf 82' lang='lat' dir='ltr'>Domino</span> <span class='ocrx_word' id='word_1_399' title='bbox 660 3215 755 3257; x_wconf 77' lang='lat' dir='ltr'>Sergio</span> <span class='ocrx_word' id='word_1_400' title='bbox 774 3217 937 3257; x_wconf 80' lang='lat' dir='ltr'>Apostolicae</span> <span class='ocrx_word' id='word_1_401' title='bbox 962 3226 1110 3253; x_wconf 86' lang='lat' dir='ltr'>memoriae</span> 
     </span>
     <span class='ocr_line' id='line_1_67' title="bbox 234 3259 1110 3309; baseline 0.015 -20"><span class='ocrx_word' id='word_1_402' title='bbox 234 3259 377 3303; x_wconf 65' lang='lat' dir='ltr'>Pantifteae</span> <span class='ocrx_word' id='word_1_403' title='bbox 389 3263 514 3295; x_wconf 83' lang='lat' dir='ltr'>Romam</span> <span class='ocrx_word' id='word_1_404' title='bbox 536 3262 688 3295; x_wconf 85' lang='lat' dir='ltr'>direxerat</span> <span class='ocrx_word' id='word_1_405' title='bbox 700 3287 711 3302; x_wconf 90' lang='lat'>,</span> <span class='ocrx_word' id='word_1_406' title='bbox 736 3269 768 3296; x_wconf 84' lang='lat' dir='ltr'>in</span> <span class='ocrx_word' id='word_1_407' title='bbox 789 3266 895 3306; x_wconf 86' lang='lat' dir='ltr'>quibus</span> <span class='ocrx_word' id='word_1_408' title='bbox 916 3267 1038 3309; x_wconf 85' lang='lat' dir='ltr'>diversa</span> <span class='ocrx_word' id='word_1_409' title='bbox 1050 3273 1110 3302; x_wconf 85' lang='lat' dir='ltr'>Ca-</span> 
     </span>
     <span class='ocr_line' id='line_1_68' title="bbox 229 3310 1109 3358; baseline 0.013 -17"><span class='ocrx_word' id='word_1_410' title='bbox 229 3310 334 3352; x_wconf 80' lang='lat' dir='ltr'>pitula</span> <span class='ocrx_word' id='word_1_411' title='bbox 343 3333 355 3350; x_wconf 77' lang='lat'>‚</span> <span class='ocrx_word' id='word_1_412' title='bbox 381 3313 525 3344; x_wconf 80' lang='lat' dir='ltr'>Romanae</span> <span class='ocrx_word' id='word_1_413' title='bbox 539 3314 571 3343; x_wconf 87' lang='lat' dir='ltr'>E</span> <span class='ocrx_word' id='word_1_414' title='bbox 571 3310 669 3353; x_wconf 75' lang='lat' dir='ltr'>cclcfiae</span> <span class='ocrx_word' id='word_1_415' title='bbox 679 3319 829 3346; x_wconf 81' lang='lat' dir='ltr'>contraria</span> <span class='ocrx_word' id='word_1_416' title='bbox 837 3339 849 3354; x_wconf 89' lang='lat'>,.</span> <span class='ocrx_word' id='word_1_417' title='bbox 854 3314 967 3358; x_wconf 79' lang='lat' dir='ltr'>scripta</span> <span class='ocrx_word' id='word_1_418' title='bbox 979 3323 1109 3358; x_wconf 79' lang='lat' dir='ltr'>inerant,</span> 
     </span>
     <span class='ocr_line' id='line_1_69' title="bbox 232 3360 1108 3407; baseline 0.013 -17"><span class='ocrx_word' id='word_1_419' title='bbox 232 3365 290 3398; x_wconf 79' lang='lat' dir='ltr'>per</span> <span class='ocrx_word' id='word_1_420' title='bbox 303 3360 372 3393; x_wconf 81' lang='lat' dir='ltr'>duos</span> <span class='ocrx_word' id='word_1_421' title='bbox 384 3362 621 3403; x_wconf 78' lang='lat' dir='ltr'>Metropolitanos</span> <span class='ocrx_word' id='word_1_422' title='bbox 635 3361 795 3405; x_wconf 69' lang='lat' dir='ltr'>Epifiopos</span> <span class='ocrx_word' id='word_1_423' title='bbox 816 3366 1016 3399; x_wconf 81' lang='lat' dir='ltr'>demandavit</span> <span class='ocrx_word' id='word_1_424' title='bbox 1027 3391 1038 3407; x_wconf 94' lang='lat'>,</span> <span class='ocrx_word' id='word_1_425' title='bbox 1064 3371 1108 3401; x_wconf 91' lang='lat' dir='ltr'>di-</span> 
     </span>
     <span class='ocr_line' id='line_1_70' title="bbox 233 3411 1107 3461; baseline 0.011 -21"><span class='ocrx_word' id='word_1_426' title='bbox 233 3411 330 3454; x_wconf 73' lang='lat' dir='ltr'>rigens</span> <span class='ocrx_word' id='word_1_427' title='bbox 347 3417 403 3449; x_wconf 85' lang='lat' dir='ltr'>per</span> <span class='ocrx_word' id='word_1_428' title='bbox 416 3421 464 3443; x_wconf 88' lang='lat' dir='ltr'>eos</span> <span class='ocrx_word' id='word_1_429' title='bbox 490 3412 525 3448; x_wconf 63' lang='grc' dir='ltr'>(τ</span> <span class='ocrx_word' id='word_1_430' title='bbox 544 3413 686 3452; x_wconf 67' lang='lat' dir='ltr'>⁷fueram,</span> <span class='ocrx_word' id='word_1_431' title='bbox 707 3420 764 3454; x_wconf 87' lang='lat' dir='ltr'>per</span> <span class='ocrx_word' id='word_1_432' title='bbox 784 3425 875 3457; x_wconf 89' lang='lat' dir='ltr'>quam</span> <span class='ocrx_word' id='word_1_433' title='bbox 889 3418 922 3461; x_wconf 88' lang='lat' dir='ltr'><em>J</em></span> <span class='ocrx_word' id='word_1_434' title='bbox 923 3428 1048 3451; x_wconf 88' lang='lat' dir='ltr'>oannem</span> <span class='ocrx_word' id='word_1_435' title='bbox 1062 3417 1107 3460; x_wconf 74' lang='lat' dir='ltr'>fi·-</span> 
     </span>
    </p>

    <p class='ocr_par' dir='ltr' id='par_1_9' title="bbox 329 3457 778 3504">
     <span class='ocr_line' id='line_1_71' title="bbox 329 3457 778 3504; baseline 0.011 -13"><span class='ocrx_word' id='word_1_436' title='bbox 329 3457 436 3500; x_wconf 76' lang='lat' dir='ltr'>christ.</span> <span class='ocrx_word' id='word_1_437' title='bbox 451 3463 528 3504; x_wconf 83' lang='lat' dir='ltr'>Lupi</span> <span class='ocrx_word' id='word_1_438' title='bbox 539 3466 621 3504; x_wconf 82' lang='lat' dir='ltr'>oper.</span> <span class='ocrx_word' id='word_1_439' title='bbox 636 3465 712 3496; x_wconf 85' lang='lat' dir='ltr'>Tom.</span> <span class='ocrx_word' id='word_1_440' title='bbox 726 3466 778 3496; x_wconf 74' lang='lat'>111</span> 
     </span>
    </p>
   </div>
   <div class='ocr_carea' id='block_1_7' title="bbox 659 2614 1151 2661">
    <p class='ocr_par' dir='ltr' id='par_1_10' title="bbox 659 2614 1151 2661">
     <span class='ocr_line' id='line_1_72' title="bbox 659 2614 1151 2661; baseline 0.01 -13"><span class='ocrx_word' id='word_1_441' title='bbox 659 2614 823 2661; x_wconf 83' lang='lat' dir='ltr'>Adjungit</span> <span class='ocrx_word' id='word_1_442' title='bbox 846 2617 1046 2652; x_wconf 87' lang='lat' dir='ltr'>Anastasius.</span> <span class='ocrx_word' id='word_1_443' title='bbox 1072 2622 1118 2652; x_wconf 80' lang='lat' dir='ltr'>Sic</span> <span class='ocrx_word' id='word_1_444' title='bbox 1148 2633 1151 2636; x_wconf 40' lang='lat'><em>*</em></span> 
     </span>
    </p>
   </div>
   <div class='ocr_carea' id='block_1_8' title="bbox 1117 2684 1145 3495">
    <p class='ocr_par' dir='ltr' id='par_1_11' title="bbox 1117 2684 1145 3495">
     <span class='ocr_line' id='line_1_73' title="bbox 1117 2684 1145 3495; baseline 0 -655"><span class='ocrx_word' id='word_1_445' title='bbox 1117 2684 1145 3495; x_wconf 95' lang='lat' dir='ltr'>   </span> 
     </span>
    </p>
   </div>
   <div class='ocr_carea' id='block_1_9' title="bbox 1193 158 2080 565">
    <p class='ocr_par' dir='ltr' id='par_1_12' title="bbox 1911 158 1998 205">
     <span class='ocr_line' id='line_1_74' title="bbox 1911 158 1998 205; baseline 0 -15"><span class='ocrx_word' id='word_1_446' title='bbox 1911 160 1927 190; x_wconf 95' lang='lat'>1</span> <span class='ocrx_word' id='word_1_447' title='bbox 1942 158 1969 205; x_wconf 84' lang='lat'><em>7</em></span> <span class='ocrx_word' id='word_1_448' title='bbox 1983 162 1998 190; x_wconf 92' lang='lat'>1</span> 
     </span>
    </p>

    <p class='ocr_par' dir='ltr' id='par_1_13' title="bbox 1193 221 2080 565">
     <span class='ocr_line' id='line_1_75' title="bbox 1193 221 2077 268; baseline 0.01 -16"><span class='ocrx_word' id='word_1_449' title='bbox 1193 225 1323 261; x_wconf 86' lang='lat' dir='ltr'>ptimum</span> <span class='ocrx_word' id='word_1_450' title='bbox 1336 221 1506 263; x_wconf 76' lang='lat' dir='ltr'>Pontificem</span> <span class='ocrx_word' id='word_1_451' title='bbox 1518 222 1688 262; x_wconf 82' lang='lat' dir='ltr'>conjuravit</span> <span class='ocrx_word' id='word_1_452' title='bbox 1712 234 1749 257; x_wconf 74' lang='lat' dir='ltr'>ac</span> <span class='ocrx_word' id='word_1_453' title='bbox 1760 223 1936 259; x_wconf 74' lang='lat' dir='ltr'>adhortatus</span> <span class='ocrx_word' id='word_1_454' title='bbox 1954 227 2011 268; x_wconf 78' lang='lat' dir='ltr'>est,</span> <span class='ocrx_word' id='word_1_455' title='bbox 2041 234 2077 261; x_wconf 74' lang='lat' dir='ltr'>ut</span> 
     </span>
     <span class='ocr_line' id='line_1_76' title="bbox 1197 270 2076 319; baseline 0.009 -17"><span class='ocrx_word' id='word_1_456' title='bbox 1197 270 1359 312; x_wconf 79' lang='lat' dir='ltr'>Apostolicae</span> <span class='ocrx_word' id='word_1_457' title='bbox 1381 271 1515 312; x_wconf 85' lang='lat' dir='ltr'>Ecclefiae</span> <span class='ocrx_word' id='word_1_458' title='bbox 1532 273 1693 305; x_wconf 80' lang='lat' dir='ltr'>Concilium</span> <span class='ocrx_word' id='word_1_459' title='bbox 1715 284 1890 315; x_wconf 79' lang='lat' dir='ltr'>aggregaret</span> <span class='ocrx_word' id='word_1_460' title='bbox 1905 300 1916 315; x_wconf 90' lang='lat'>,</span> <span class='ocrx_word' id='word_1_461' title='bbox 1943 278 1977 310; x_wconf 60' lang='grc' dir='ltr'>(θ’</span> <span class='ocrx_word' id='word_1_462' title='bbox 1996 287 2076 319; x_wconf 78' lang='lat' dir='ltr'>quae·</span> 
     </span>
     <span class='ocr_line' id='line_1_77' title="bbox 1196 321 2076 368; baseline 0.009 -17"><span class='ocrx_word' id='word_1_463' title='bbox 1196 331 1249 362; x_wconf 83' lang='lat' dir='ltr'>que</span> <span class='ocrx_word' id='word_1_464' title='bbox 1272 326 1300 353; x_wconf 77' lang='lat' dir='ltr'>et</span> <span class='ocrx_word' id='word_1_465' title='bbox 1321 321 1389 364; x_wconf 69' lang='lat' dir='ltr'>visa</span> <span class='ocrx_word' id='word_1_466' title='bbox 1414 322 1502 364; x_wconf 82' lang='lat' dir='ltr'>essent</span> <span class='ocrx_word' id='word_1_467' title='bbox 1515 321 1683 363; x_wconf 86' lang='lat' dir='ltr'>stabiliret,</span> <span class='ocrx_word' id='word_1_468' title='bbox 1709 323 1743 356; x_wconf 66' lang='lat' dir='ltr'>&lt;u</span> <span class='ocrx_word' id='word_1_469' title='bbox 1757 333 1824 364; x_wconf 84' lang='lat' dir='ltr'>quae</span> <span class='ocrx_word' id='word_1_470' title='bbox 1850 324 1981 368; x_wconf 85' lang='lat' dir='ltr'>adversa</span> <span class='ocrx_word' id='word_1_471' title='bbox 1997 350 2007 366; x_wconf 94' lang='lat'>,</span> <span class='ocrx_word' id='word_1_472' title='bbox 2032 337 2076 359; x_wconf 80' lang='lat' dir='ltr'>re·</span> 
     </span>
     <span class='ocr_line' id='line_1_78' title="bbox 1196 370 2080 417; baseline 0.008 -15"><span class='ocrx_word' id='word_1_473' title='bbox 1196 372 1309 404; x_wconf 85' lang='lat' dir='ltr'>nuendo</span> <span class='ocrx_word' id='word_1_474' title='bbox 1334 372 1519 404; x_wconf 85' lang='lat' dir='ltr'>excluderet.</span> <span class='ocrx_word' id='word_1_475' title='bbox 1547 370 1688 406; x_wconf 80' lang='lat' dir='ltr'>Addidit</span> <span class='ocrx_word' id='word_1_476' title='bbox 1714 373 1748 406; x_wconf 84' lang='lat'>&amp;</span> <span class='ocrx_word' id='word_1_477' title='bbox 1767 372 1908 417; x_wconf 75' lang='lat' dir='ltr'>insignes</span> <span class='ocrx_word' id='word_1_478' title='bbox 1933 374 2003 409; x_wconf 83' lang='lat' dir='ltr'>illas</span> <span class='ocrx_word' id='word_1_479' title='bbox 2025 375 2080 409; x_wconf 86' lang='lat' dir='ltr'>lit-</span> 
     </span>
     <span class='ocr_line' id='line_1_79' title="bbox 1196 421 2080 465; baseline 0.005 -12"><span class='ocrx_word' id='word_1_480' title='bbox 1196 431 1296 460; x_wconf 87' lang='lat' dir='ltr'>teras,</span> <span class='ocrx_word' id='word_1_481' title='bbox 1323 421 1442 460; x_wconf 66' lang='lat' dir='ltr'>sextae,</span> <span class='ocrx_word' id='word_1_482' title='bbox 1469 421 1539 464; x_wconf 90' lang='lat' dir='ltr'>post</span> <span class='ocrx_word' id='word_1_483' title='bbox 1551 433 1649 465; x_wconf 88' lang='lat' dir='ltr'>quam</span> <span class='ocrx_word' id='word_1_484' title='bbox 1673 421 1823 463; x_wconf 83' lang='lat' dir='ltr'>exstant,</span> <span class='ocrx_word' id='word_1_485' title='bbox 1849 423 1975 464; x_wconf 89' lang='lat' dir='ltr'>Synodi</span> <span class='ocrx_word' id='word_1_486' title='bbox 2003 434 2080 457; x_wconf 90' lang='lat' dir='ltr'>con-</span> 
     </span>
     <span class='ocr_line' id='line_1_80' title="bbox 1196 470 2080 516; baseline 0.003 -15"><span class='ocrx_word' id='word_1_487' title='bbox 1196 470 1398 504; x_wconf 84' lang='lat' dir='ltr'>firmatrices.</span> <span class='ocrx_word' id='word_1_488' title='bbox 1426 472 1487 503; x_wconf 85' lang='lat' dir='ltr'>Sed</span> <span class='ocrx_word' id='word_1_489' title='bbox 1498 471 1639 512; x_wconf 74' lang='lat' dir='ltr'>Pontifex</span> <span class='ocrx_word' id='word_1_490' title='bbox 1651 471 1783 505; x_wconf 85' lang='lat' dir='ltr'>humana</span> <span class='ocrx_word' id='word_1_491' title='bbox 1802 471 1979 516; x_wconf 84' lang='lat' dir='ltr'>fragilitate</span> <span class='ocrx_word' id='word_1_492' title='bbox 2001 477 2080 505; x_wconf 81' lang='lat' dir='ltr'>timi-</span> 
     </span>
     <span class='ocr_line' id='line_1_81' title="bbox 1195 520 2078 565; baseline 0.006 -14"><span class='ocrx_word' id='word_1_493' title='bbox 1195 521 1250 552; x_wconf 81' lang='lat' dir='ltr'>dus</span> <span class='ocrx_word' id='word_1_494' title='bbox 1262 520 1313 552; x_wconf 88' lang='lat' dir='ltr'>hos</span> <span class='ocrx_word' id='word_1_495' title='bbox 1328 530 1516 562; x_wconf 84' lang='lat' dir='ltr'>nequaquam</span> <span class='ocrx_word' id='word_1_496' title='bbox 1543 529 1635 553; x_wconf 84' lang='lat' dir='ltr'>tomos</span> <span class='ocrx_word' id='word_1_497' title='bbox 1649 523 1806 555; x_wconf 84' lang='lat' dir='ltr'>emendans</span> <span class='ocrx_word' id='word_1_498' title='bbox 1821 530 1881 564; x_wconf 82' lang='lat' dir='ltr'>per</span> <span class='ocrx_word' id='word_1_499' title='bbox 1900 520 2078 565; x_wconf 84' lang='lat' dir='ltr'>suprafatos</span> 
     </span>
    </p>
   </div>
   <div class='ocr_carea' id='block_1_10' title="bbox 1197 570 2128 615">
    <p class='ocr_par' dir='ltr' id='par_1_14' title="bbox 1197 570 2128 615">
     <span class='ocr_line' id='line_1_82' title="bbox 1197 570 2128 615; baseline 0.006 -13"><span class='ocrx_word' id='word_1_500' title='bbox 1197 571 1397 612; x_wconf 71' lang='lat' dir='ltr'>Metropolitas</span> <span class='ocrx_word' id='word_1_501' title='bbox 1410 571 1523 603; x_wconf 78' lang='lat' dir='ltr'>direxit</span> <span class='ocrx_word' id='word_1_502' title='bbox 1533 570 1578 602; x_wconf 87' lang='lat' dir='ltr'>ad</span> <span class='ocrx_word' id='word_1_503' title='bbox 1590 573 1760 612; x_wconf 79' lang='lat' dir='ltr'>Principem</span> <span class='ocrx_word' id='word_1_504' title='bbox 1771 596 1782 612; x_wconf 92' lang='lat'>,</span> <span class='ocrx_word' id='word_1_505' title='bbox 1804 572 1866 614; x_wconf 68' lang='lat' dir='ltr'>post</span> <span class='ocrx_word' id='word_1_506' title='bbox 1878 584 1945 615; x_wconf 82' lang='lat' dir='ltr'>quae</span> <span class='ocrx_word' id='word_1_507' title='bbox 1957 585 2014 607; x_wconf 89' lang='lat' dir='ltr'>non</span> <span class='ocrx_word' id='word_1_508' title='bbox 2024 574 2078 607; x_wconf 80' lang='lat' dir='ltr'>diu</span> <span class='ocrx_word' id='word_1_509' title='bbox 2124 603 2128 609; x_wconf 87' lang='lat'>.</span> 
     </span>
    </p>
   </div>
   <div class='ocr_carea' id='block_1_11' title="bbox 1189 618 2080 1563">
    <p class='ocr_par' dir='ltr' id='par_1_15' title="bbox 1191 618 2080 1064">
     <span class='ocr_line' id='line_1_83' title="bbox 1194 618 2078 667; baseline 0.008 -16"><span class='ocrx_word' id='word_1_510' title='bbox 1194 626 1225 652; x_wconf 76' lang='lat' dir='ltr'>in</span> <span class='ocrx_word' id='word_1_511' title='bbox 1238 620 1293 654; x_wconf 86' lang='lat' dir='ltr'>bac</span> <span class='ocrx_word' id='word_1_512' title='bbox 1303 627 1372 654; x_wconf 84' lang='lat' dir='ltr'>vita</span> <span class='ocrx_word' id='word_1_513' title='bbox 1383 622 1524 654; x_wconf 87' lang='lat' dir='ltr'>duravit.</span> <span class='ocrx_word' id='word_1_514' title='bbox 1552 620 1638 653; x_wconf 86' lang='lat' dir='ltr'>Eum</span> <span class='ocrx_word' id='word_1_515' title='bbox 1654 618 1842 655; x_wconf 73' lang='lat' dir='ltr'>Anastasius</span> <span class='ocrx_word' id='word_1_516' title='bbox 1855 623 1976 667; x_wconf 86' lang='lat' dir='ltr'>arguit,</span> <span class='ocrx_word' id='word_1_517' title='bbox 1988 622 2078 667; x_wconf 84' lang='lat' dir='ltr'>quod</span> 
     </span>
     <span class='ocr_line' id='line_1_84' title="bbox 1198 670 2078 717; baseline 0.003 -13"><span class='ocrx_word' id='word_1_518' title='bbox 1198 672 1338 704; x_wconf 87' lang='lat' dir='ltr'>noluerit</span> <span class='ocrx_word' id='word_1_519' title='bbox 1364 670 1504 704; x_wconf 85' lang='lat' dir='ltr'>cribrare</span> <span class='ocrx_word' id='word_1_520' title='bbox 1517 670 1695 710; x_wconf 87' lang='lat' dir='ltr'>Canones‚</span> <span class='ocrx_word' id='word_1_521' title='bbox 1720 670 1915 705; x_wconf 87' lang='lat' dir='ltr'>&amp;triticum</span> <span class='ocrx_word' id='word_1_522' title='bbox 1942 672 1960 705; x_wconf 73' lang='grc' dir='ltr'>ὲ</span> <span class='ocrx_word' id='word_1_523' title='bbox 1987 674 2078 717; x_wconf 86' lang='lat' dir='ltr'>palea</span> 
     </span>
     <span class='ocr_line' id='line_1_85' title="bbox 1196 720 2079 763; baseline 0.005 -10"><span class='ocrx_word' id='word_1_524' title='bbox 1196 722 1355 763; x_wconf 86' lang='lat' dir='ltr'>separare.</span> <span class='ocrx_word' id='word_1_525' title='bbox 1383 720 1457 755; x_wconf 91' lang='lat' dir='ltr'>Nec</span> <span class='ocrx_word' id='word_1_526' title='bbox 1467 721 1533 754; x_wconf 86' lang='lat' dir='ltr'>fine</span> <span class='ocrx_word' id='word_1_527' title='bbox 1556 720 1773 754; x_wconf 71' lang='lat' dir='ltr'>fundamento</span> <span class='ocrx_word' id='word_1_528' title='bbox 1791 745 1798 752; x_wconf 90' lang='lat'>.</span> <span class='ocrx_word' id='word_1_529' title='bbox 1825 720 1911 756; x_wconf 74' lang='lat' dir='ltr'>Vere</span> <span class='ocrx_word' id='word_1_530' title='bbox 1926 724 2016 756; x_wconf 87' lang='lat' dir='ltr'>enim</span> <span class='ocrx_word' id='word_1_531' title='bbox 2037 723 2079 758; x_wconf 86' lang='lat' dir='ltr'>de</span> 
     </span>
     <span class='ocr_line' id='line_1_86' title="bbox 1196 768 2077 813; baseline 0.003 -10"><span class='ocrx_word' id='word_1_532' title='bbox 1196 770 1256 803; x_wconf 86' lang='lat' dir='ltr'>hac</span> <span class='ocrx_word' id='word_1_533' title='bbox 1283 769 1421 813; x_wconf 89' lang='lat' dir='ltr'>Synodo</span> <span class='ocrx_word' id='word_1_534' title='bbox 1447 771 1494 803; x_wconf 90' lang='lat' dir='ltr'>ait</span> <span class='ocrx_word' id='word_1_535' title='bbox 1520 768 1676 803; x_wconf 71' lang='lat' dir='ltr'>adduc‘ius</span> <span class='ocrx_word' id='word_1_536' title='bbox 1713 768 1843 803; x_wconf 85' lang='lat' dir='ltr'>libellus</span> <span class='ocrx_word' id='word_1_537' title='bbox 1878 772 2077 812; x_wconf 84' lang='lat' dir='ltr'>synodicus:</span> 
     </span>
     <span class='ocr_line' id='line_1_87' title="bbox 1194 818 2079 862; baseline 0.001 -10"><span class='ocrx_word' id='word_1_538' title='bbox 1194 820 1313 862; x_wconf 86' lang='lat' dir='ltr'>Omiffos</span> <span class='ocrx_word' id='word_1_539' title='bbox 1326 826 1359 852; x_wconf 87' lang='lat' dir='ltr'>in</span> <span class='ocrx_word' id='word_1_540' title='bbox 1369 826 1477 862; x_wconf 84' lang='lat' dir='ltr'>quinta</span> <span class='ocrx_word' id='word_1_541' title='bbox 1501 820 1535 852; x_wconf 55' lang='grc' dir='ltr'>(ν</span> <span class='ocrx_word' id='word_1_542' title='bbox 1554 818 1646 862; x_wconf 75' lang='lat' dir='ltr'>sexta</span> <span class='ocrx_word' id='word_1_543' title='bbox 1668 821 1775 859; x_wconf 72' lang='lat' dir='ltr'>synodo</span> <span class='ocrx_word' id='word_1_544' title='bbox 1797 824 1934 853; x_wconf 84' lang='lat' dir='ltr'>Canones</span> <span class='ocrx_word' id='word_1_545' title='bbox 1959 823 2052 853; x_wconf 82' lang='lat' dir='ltr'>edidit</span> <span class='ocrx_word' id='word_1_546' title='bbox 2067 847 2079 862; x_wconf 91' lang='lat'>,</span> 
     </span>
     <span class='ocr_line' id='line_1_88' title="bbox 1191 867 2080 915; baseline 0.002 -13"><span class='ocrx_word' id='word_1_547' title='bbox 1191 870 1225 902; x_wconf 60' lang='grc' dir='ltr'>Θ</span> <span class='ocrx_word' id='word_1_548' title='bbox 1242 868 1280 902; x_wconf 89' lang='lat' dir='ltr'>ab</span> <span class='ocrx_word' id='word_1_549' title='bbox 1291 875 1369 902; x_wconf 86' lang='lat' dir='ltr'>omni</span> <span class='ocrx_word' id='word_1_550' title='bbox 1382 873 1512 910; x_wconf 67' lang='lat' dir='ltr'>Gneca,</span> <span class='ocrx_word' id='word_1_551' title='bbox 1541 867 1574 903; x_wconf 89' lang='lat' dir='ltr'>id</span> <span class='ocrx_word' id='word_1_552' title='bbox 1599 870 1667 910; x_wconf 89' lang='lat' dir='ltr'>est,</span> <span class='ocrx_word' id='word_1_553' title='bbox 1694 870 1835 915; x_wconf 88' lang='lat' dir='ltr'>gentili,</span> <span class='ocrx_word' id='word_1_554' title='bbox 1862 878 1952 913; x_wconf 84' lang='lat' dir='ltr'>atque</span> <span class='ocrx_word' id='word_1_555' title='bbox 1969 872 2080 911; x_wconf 79' lang='lat' dir='ltr'>judai-</span> 
     </span>
     <span class='ocr_line' id='line_1_89' title="bbox 1193 919 2076 965; baseline 0.002 -14"><span class='ocrx_word' id='word_1_556' title='bbox 1193 930 1227 951; x_wconf 86' lang='lat' dir='ltr'>ca</span> <span class='ocrx_word' id='word_1_557' title='bbox 1240 944 1251 959; x_wconf 87' lang='lat'>,</span> <span class='ocrx_word' id='word_1_558' title='bbox 1276 925 1347 961; x_wconf 86' lang='lat' dir='ltr'>quin</span> <span class='ocrx_word' id='word_1_559' title='bbox 1372 921 1406 953; x_wconf 68' lang='grc' dir='ltr'>(ε’</span> <span class='ocrx_word' id='word_1_560' title='bbox 1421 919 1562 953; x_wconf 84' lang='lat' dir='ltr'>haeretica</span> <span class='ocrx_word' id='word_1_561' title='bbox 1572 922 1731 954; x_wconf 82' lang='lat' dir='ltr'>traditione</span> <span class='ocrx_word' id='word_1_562' title='bbox 1742 919 1887 961; x_wconf 82' lang='lat' dir='ltr'>Ecclefias</span> <span class='ocrx_word' id='word_1_563' title='bbox 1911 927 2076 965; x_wconf 84' lang='lat' dir='ltr'>purgavit.</span> 
     </span>
     <span class='ocr_line' id='line_1_90' title="bbox 1193 968 2078 1006; baseline 0.005 -4"><span class='ocrx_word' id='word_1_564' title='bbox 1193 968 1303 1002; x_wconf 86' lang='lat' dir='ltr'>Habet</span> <span class='ocrx_word' id='word_1_565' title='bbox 1315 970 1401 1003; x_wconf 89' lang='lat' dir='ltr'>bona</span> <span class='ocrx_word' id='word_1_566' title='bbox 1412 970 1515 1004; x_wconf 84' lang='lat' dir='ltr'>mixta</span> <span class='ocrx_word' id='word_1_567' title='bbox 1529 970 1624 1004; x_wconf 87' lang='lat' dir='ltr'>malis</span> <span class='ocrx_word' id='word_1_568' title='bbox 1638 985 1649 1004; x_wconf 93' lang='lat'>.·</span> <span class='ocrx_word' id='word_1_569' title='bbox 1676 971 1720 1004; x_wconf 88' lang='lat' dir='ltr'>Et</span> <span class='ocrx_word' id='word_1_570' title='bbox 1733 970 1814 1005; x_wconf 91' lang='lat' dir='ltr'>utile</span> <span class='ocrx_word' id='word_1_571' title='bbox 1823 970 1865 1005; x_wconf 91' lang='lat' dir='ltr'>ab</span> <span class='ocrx_word' id='word_1_572' title='bbox 1882 970 1993 1005; x_wconf 88' lang='lat' dir='ltr'>inutili</span> <span class='ocrx_word' id='word_1_573' title='bbox 2008 984 2078 1006; x_wconf 85' lang='lat' dir='ltr'>non</span> 
     </span>
     <span class='ocr_line' id='line_1_91' title="bbox 1193 1018 1692 1064; baseline 0.002 -13"><span class='ocrx_word' id='word_1_574' title='bbox 1193 1020 1341 1053; x_wconf 84' lang='lat' dir='ltr'>vitiatur.</span> <span class='ocrx_word' id='word_1_575' title='bbox 1368 1018 1671 1064; x_wconf 67' lang='lat' dir='ltr'>Potuera1‚separari</span> <span class='ocrx_word' id='word_1_576' title='bbox 1686 1045 1692 1052; x_wconf 88' lang='lat'>.</span> 
     </span>
    </p>

    <p class='ocr_par' dir='ltr' id='par_1_16' title="bbox 1189 1067 2077 1563">
     <span class='ocr_line' id='line_1_92' title="bbox 1243 1067 2077 1115; baseline 0.004 -12"><span class='ocrx_word' id='word_1_577' title='bbox 1243 1070 1384 1113; x_wconf 81' lang='lat' dir='ltr'>Septima</span> <span class='ocrx_word' id='word_1_578' title='bbox 1398 1067 1532 1114; x_wconf 82' lang='lat' dir='ltr'>quaestio</span> <span class='ocrx_word' id='word_1_579' title='bbox 1545 1070 1589 1104; x_wconf 86' lang='lat' dir='ltr'>est</span> <span class='ocrx_word' id='word_1_580' title='bbox 1603 1095 1613 1110; x_wconf 90' lang='lat'><em>‚</em></span> <span class='ocrx_word' id='word_1_581' title='bbox 1642 1070 1699 1105; x_wconf 84' lang='lat' dir='ltr'>An</span> <span class='ocrx_word' id='word_1_582' title='bbox 1727 1070 1821 1105; x_wconf 83' lang='lat' dir='ltr'>istam</span> <span class='ocrx_word' id='word_1_583' title='bbox 1842 1073 2077 1115; x_wconf 88' lang='lat' dir='ltr'>separationem</span> 
     </span>
     <span class='ocr_line' id='line_1_93' title="bbox 1194 1119 2077 1166; baseline 0.002 -13"><span class='ocrx_word' id='word_1_584' title='bbox 1194 1120 1346 1154; x_wconf 88' lang='lat' dir='ltr'>Romana</span> <span class='ocrx_word' id='word_1_585' title='bbox 1362 1121 1503 1155; x_wconf 79' lang='lat' dir='ltr'>Ecclesia</span> <span class='ocrx_word' id='word_1_586' title='bbox 1516 1119 1649 1155; x_wconf 86' lang='lat' dir='ltr'>tandem</span> <span class='ocrx_word' id='word_1_587' title='bbox 1663 1121 1798 1155; x_wconf 85' lang='lat' dir='ltr'>fecerit?</span> <span class='ocrx_word' id='word_1_588' title='bbox 1825 1121 1891 1156; x_wconf 87' lang='lat' dir='ltr'>Pro</span> <span class='ocrx_word' id='word_1_589' title='bbox 1913 1132 2001 1166; x_wconf 85' lang='lat' dir='ltr'>parte</span> <span class='ocrx_word' id='word_1_590' title='bbox 2025 1134 2077 1155; x_wconf 90' lang='lat' dir='ltr'>ne-</span> 
     </span>
     <span class='ocr_line' id='line_1_94' title="bbox 1192 1170 2076 1214; baseline 0.001 -10"><span class='ocrx_word' id='word_1_591' title='bbox 1192 1171 1304 1214; x_wconf 88' lang='lat' dir='ltr'>gativa</span> <span class='ocrx_word' id='word_1_592' title='bbox 1318 1170 1396 1205; x_wconf 88' lang='lat' dir='ltr'>facit</span> <span class='ocrx_word' id='word_1_593' title='bbox 1410 1170 1597 1205; x_wconf 84' lang='lat' dir='ltr'>Anastasius</span> <span class='ocrx_word' id='word_1_594' title='bbox 1610 1170 1647 1204; x_wconf 90' lang='lat' dir='ltr'>Bi</span> <span class='ocrx_word' id='word_1_595' title='bbox 1655 1170 1886 1206; x_wconf 81' lang='lat' dir='ltr'>bliothecarius</span> <span class='ocrx_word' id='word_1_596' title='bbox 1911 1173 1945 1205; x_wconf 86' lang='lat' dir='ltr'>in</span> <span class='ocrx_word' id='word_1_597' title='bbox 1957 1173 2076 1206; x_wconf 70' lang='lat' dir='ltr'>ostavae</span> 
     </span>
     <span class='ocr_line' id='line_1_95' title="bbox 1191 1219 2077 1265; baseline 0.003 -12"><span class='ocrx_word' id='word_1_598' title='bbox 1191 1220 1318 1263; x_wconf 91' lang='lat' dir='ltr'>Synodi</span> <span class='ocrx_word' id='word_1_599' title='bbox 1334 1221 1374 1255; x_wconf 90' lang='lat' dir='ltr'>ad</span> <span class='ocrx_word' id='word_1_600' title='bbox 1389 1219 1575 1255; x_wconf 87' lang='lat' dir='ltr'>Adrianum</span> <span class='ocrx_word' id='word_1_601' title='bbox 1589 1221 1768 1255; x_wconf 83' lang='lat' dir='ltr'>secundum</span> <span class='ocrx_word' id='word_1_602' title='bbox 1782 1221 1980 1256; x_wconf 86' lang='lat' dir='ltr'>Pontificem</span> <span class='ocrx_word' id='word_1_603' title='bbox 2003 1234 2077 1265; x_wconf 79' lang='lat' dir='ltr'>prae-</span> 
     </span>
     <span class='ocr_line' id='line_1_96' title="bbox 1191 1270 2075 1317; baseline 0.003 -14"><span class='ocrx_word' id='word_1_604' title='bbox 1191 1270 1336 1312; x_wconf 79' lang='lat' dir='ltr'>satione,</span> <span class='ocrx_word' id='word_1_605' title='bbox 1362 1271 1473 1306; x_wconf 89' lang='lat' dir='ltr'>dicens</span> <span class='ocrx_word' id='word_1_606' title='bbox 1485 1271 1615 1306; x_wconf 88' lang='lat' dir='ltr'>Graecos</span> <span class='ocrx_word' id='word_1_607' title='bbox 1635 1282 1673 1304; x_wconf 82' lang='lat' dir='ltr'>ex</span> <span class='ocrx_word' id='word_1_608' title='bbox 1685 1271 1835 1305; x_wconf 88' lang='lat' dir='ltr'>familiari</span> <span class='ocrx_word' id='word_1_609' title='bbox 1861 1272 1969 1317; x_wconf 90' lang='lat' dir='ltr'>gentis</span> <span class='ocrx_word' id='word_1_610' title='bbox 1990 1272 2075 1306; x_wconf 83' lang='lat' dir='ltr'>vitio</span> 
     </span>
     <span class='ocr_line' id='line_1_97' title="bbox 1193 1321 2075 1364; baseline 0.002 -10"><span class='ocrx_word' id='word_1_611' title='bbox 1193 1321 1302 1364; x_wconf 85' lang='lat' dir='ltr'>paffim</span> <span class='ocrx_word' id='word_1_612' title='bbox 1315 1321 1440 1356; x_wconf 82' lang='lat' dir='ltr'>Latinae</span> <span class='ocrx_word' id='word_1_613' title='bbox 1452 1321 1596 1356; x_wconf 62' lang='lat' dir='ltr'>Ecclesiae</span> <span class='ocrx_word' id='word_1_614' title='bbox 1620 1321 1794 1355; x_wconf 89' lang='lat' dir='ltr'>obtrudere</span> <span class='ocrx_word' id='word_1_615' title='bbox 1815 1321 2016 1356; x_wconf 87' lang='lat' dir='ltr'>adulterinos</span> <span class='ocrx_word' id='word_1_616' title='bbox 2041 1322 2075 1356; x_wconf 88' lang='lat'>&amp;</span> 
     </span>
     <span class='ocr_line' id='line_1_98' title="bbox 1191 1371 2076 1415; baseline 0.003 -13"><span class='ocrx_word' id='word_1_617' title='bbox 1191 1371 1342 1413; x_wconf 86' lang='lat' dir='ltr'>reprobos</span> <span class='ocrx_word' id='word_1_618' title='bbox 1366 1373 1543 1411; x_wconf 89' lang='lat' dir='ltr'>Canones‚</span> <span class='ocrx_word' id='word_1_619' title='bbox 1570 1373 1690 1414; x_wconf 90' lang='lat' dir='ltr'>eosque</span> <span class='ocrx_word' id='word_1_620' title='bbox 1710 1373 1797 1405; x_wconf 88' lang='lat' dir='ltr'>inter</span> <span class='ocrx_word' id='word_1_621' title='bbox 1823 1371 1884 1405; x_wconf 73' lang='lat' dir='ltr'>esse</span> <span class='ocrx_word' id='word_1_622' title='bbox 1909 1371 1976 1405; x_wconf 87' lang='lat' dir='ltr'>haec</span> <span class='ocrx_word' id='word_1_623' title='bbox 2002 1383 2076 1415; x_wconf 81' lang='lat' dir='ltr'>prae-</span> 
     </span>
     <span class='ocr_line' id='line_1_99' title="bbox 1192 1420 2076 1464; baseline 0.003 -13"><span class='ocrx_word' id='word_1_624' title='bbox 1192 1420 1291 1452; x_wconf 88' lang='lat' dir='ltr'>sentia</span> <span class='ocrx_word' id='word_1_625' title='bbox 1303 1420 1455 1462; x_wconf 87' lang='lat' dir='ltr'>Capitula</span> <span class='ocrx_word' id='word_1_626' title='bbox 1468 1444 1478 1459; x_wconf 93' lang='lat'>,</span> <span class='ocrx_word' id='word_1_627' title='bbox 1504 1421 1751 1463; x_wconf 83' lang='lat' dir='ltr'>praesumptuosa</span> <span class='ocrx_word' id='word_1_628' title='bbox 1762 1445 1772 1460; x_wconf 90' lang='lat'>‚</span> <span class='ocrx_word' id='word_1_629' title='bbox 1801 1421 1910 1464; x_wconf 79' lang='lat' dir='ltr'>priscae</span> <span class='ocrx_word' id='word_1_630' title='bbox 1923 1420 2076 1454; x_wconf 85' lang='lat' dir='ltr'>traditio-</span> 
     </span>
     <span class='ocr_line' id='line_1_100' title="bbox 1192 1467 2072 1514; baseline 0.005 -14"><span class='ocrx_word' id='word_1_631' title='bbox 1192 1468 1225 1501; x_wconf 90' lang='lat' dir='ltr'>ni</span> <span class='ocrx_word' id='word_1_632' title='bbox 1249 1467 1331 1511; x_wconf 73' lang='lat' dir='ltr'>pene</span> <span class='ocrx_word' id='word_1_633' title='bbox 1357 1469 1473 1502; x_wconf 88' lang='lat' dir='ltr'>omnia</span> <span class='ocrx_word' id='word_1_634' title='bbox 1501 1469 1595 1503; x_wconf 77' lang='lat' dir='ltr'>valde</span> <span class='ocrx_word' id='word_1_635' title='bbox 1622 1470 1807 1510; x_wconf 88' lang='lat' dir='ltr'>contraria,</span> <span class='ocrx_word' id='word_1_636' title='bbox 1834 1470 1926 1504; x_wconf 70' lang='lat' dir='ltr'>fiexrae</span> <span class='ocrx_word' id='word_1_637' title='bbox 1942 1471 2072 1514; x_wconf 84' lang='lat' dir='ltr'>Synodi</span> 
     </span>
     <span class='ocr_line' id='line_1_101' title="bbox 1189 1517 1719 1563; baseline 0.002 -12"><span class='ocrx_word' id='word_1_638' title='bbox 1189 1517 1270 1551; x_wconf 78' lang='lat' dir='ltr'>falso</span> <span class='ocrx_word' id='word_1_639' title='bbox 1295 1530 1332 1551; x_wconf 87' lang='lat' dir='ltr'>ac</span> <span class='ocrx_word' id='word_1_640' title='bbox 1360 1517 1522 1563; x_wconf 58' lang='lat' dir='ltr'>perpemrn</span> <span class='ocrx_word' id='word_1_641' title='bbox 1542 1519 1719 1563; x_wconf 84' lang='lat' dir='ltr'>adscripta.</span> 
     </span>
    </p>
   </div>
   <div class='ocr_carea' id='block_1_12' title="bbox 1194 1567 2213 1667">
    <p class='ocr_par' dir='ltr' id='par_1_17' title="bbox 1194 1567 2213 1667">
     <span class='ocr_line' id='line_1_102' title="bbox 1239 1567 2210 1625; baseline 0.006 -24"><span class='ocrx_word' id='word_1_642' title='bbox 1239 1567 1367 1602; x_wconf 83' lang='lat' dir='ltr'>Partem</span> <span class='ocrx_word' id='word_1_643' title='bbox 1389 1579 1499 1602; x_wconf 86' lang='lat' dir='ltr'>antem</span> <span class='ocrx_word' id='word_1_644' title='bbox 1510 1569 1746 1603; x_wconf 80' lang='lat' dir='ltr'>adfirmativam</span> <span class='ocrx_word' id='word_1_645' title='bbox 1759 1570 1868 1605; x_wconf 83' lang='lat' dir='ltr'>suadet</span> <span class='ocrx_word' id='word_1_646' title='bbox 1889 1572 1922 1605; x_wconf 87' lang='lat' dir='ltr'>in</span> <span class='ocrx_word' id='word_1_647' title='bbox 1937 1572 2073 1615; x_wconf 87' lang='lat' dir='ltr'>septima</span> <span class='ocrx_word' id='word_1_648' title='bbox 2093 1589 2157 1622; x_wconf 48' lang='grc' dir='ltr'>Λᾶ,</span> <span class='ocrx_word' id='word_1_649' title='bbox 2182 1602 2210 1625; x_wconf 81' lang='lat'>4-</span> 
     </span>
     <span class='ocr_line' id='line_1_103' title="bbox 1194 1618 2213 1667; baseline 0.009 -17"><span class='ocrx_word' id='word_1_650' title='bbox 1194 1618 1330 1660; x_wconf 88' lang='lat' dir='ltr'>Synodo</span> <span class='ocrx_word' id='word_1_651' title='bbox 1343 1618 1475 1653; x_wconf 60' lang='lat' dir='ltr'>Sanetus</span> <span class='ocrx_word' id='word_1_652' title='bbox 1485 1618 1661 1654; x_wconf 82' lang='lat' dir='ltr'>Tharafius</span> <span class='ocrx_word' id='word_1_653' title='bbox 1678 1619 1864 1655; x_wconf 84' lang='lat' dir='ltr'>Patriarcha</span> <span class='ocrx_word' id='word_1_654' title='bbox 1882 1622 2076 1657; x_wconf 80' lang='lat' dir='ltr'>Constanti·</span> <span class='ocrx_word' id='word_1_655' title='bbox 2092 1633 2121 1661; x_wconf 81' lang='lat' dir='ltr'>F.</span> <span class='ocrx_word' id='word_1_656' title='bbox 2144 1634 2213 1667; x_wconf 81' lang='lat'>481.</span> 
     </span>
    </p>
   </div>
   <div class='ocr_carea' id='block_1_13' title="bbox 1170 1669 2075 3514">
    <p class='ocr_par' dir='ltr' id='par_1_18' title="bbox 1170 1669 2075 3514">
     <span class='ocr_line' id='line_1_104' title="bbox 1190 1669 2074 1716; baseline 0.003 -15"><span class='ocrx_word' id='word_1_657' title='bbox 1190 1669 1421 1710; x_wconf 83' lang='lat' dir='ltr'>nopolitanus.</span> <span class='ocrx_word' id='word_1_658' title='bbox 1451 1670 1587 1712; x_wconf 72' lang='lat' dir='ltr'>,Quidam</span> <span class='ocrx_word' id='word_1_659' title='bbox 1599 1675 1781 1714; x_wconf 85' lang='lat' dir='ltr'>ignoratione</span> <span class='ocrx_word' id='word_1_660' title='bbox 1809 1673 1981 1716; x_wconf 87' lang='lat' dir='ltr'>languentes</span> <span class='ocrx_word' id='word_1_661' title='bbox 1986 1671 2074 1715; x_wconf 65' lang='lat' dir='ltr'>scan-</span> 
     </span>
     <span class='ocr_line' id='line_1_105' title="bbox 1189 1718 2074 1765; baseline 0.007 -15"><span class='ocrx_word' id='word_1_662' title='bbox 1189 1718 1360 1751; x_wconf 84' lang='lat' dir='ltr'>dalizantur</span> <span class='ocrx_word' id='word_1_663' title='bbox 1372 1725 1404 1751; x_wconf 91' lang='lat' dir='ltr'>in</span> <span class='ocrx_word' id='word_1_664' title='bbox 1419 1718 1470 1751; x_wconf 86' lang='lat' dir='ltr'>bos</span> <span class='ocrx_word' id='word_1_665' title='bbox 1484 1723 1619 1753; x_wconf 88' lang='lat' dir='ltr'>Canones</span> <span class='ocrx_word' id='word_1_666' title='bbox 1636 1745 1645 1761; x_wconf 90' lang='lat'>,</span> <span class='ocrx_word' id='word_1_667' title='bbox 1660 1721 1815 1764; x_wconf 71' lang='lat' dir='ltr'>afferentes</span> <span class='ocrx_word' id='word_1_668' title='bbox 1831 1746 1842 1761; x_wconf 86' lang='lat'>‚</span> <span class='ocrx_word' id='word_1_669' title='bbox 1871 1725 1968 1755; x_wconf 84' lang='lat' dir='ltr'>Putas</span> <span class='ocrx_word' id='word_1_670' title='bbox 1974 1721 2074 1765; x_wconf 85' lang='lat' dir='ltr'>sextae</span> 
     </span>
     <span class='ocr_line' id='line_1_106' title="bbox 1187 1767 2072 1815; baseline 0.007 -15"><span class='ocrx_word' id='word_1_671' title='bbox 1187 1770 1290 1806; x_wconf 75' lang='lat' dir='ltr'>Synodi</span> <span class='ocrx_word' id='word_1_672' title='bbox 1297 1767 1394 1811; x_wconf 82' lang='lat' dir='ltr'>sunt?</span> <span class='ocrx_word' id='word_1_673' title='bbox 1422 1768 1602 1812; x_wconf 83' lang='lat' dir='ltr'>Cognoscant</span> <span class='ocrx_word' id='word_1_674' title='bbox 1619 1780 1729 1811; x_wconf 83' lang='lat' dir='ltr'>autem,</span> <span class='ocrx_word' id='word_1_675' title='bbox 1744 1777 1796 1812; x_wconf 84' lang='lat' dir='ltr'>qui</span> <span class='ocrx_word' id='word_1_676' title='bbox 1812 1770 1980 1814; x_wconf 79' lang='lat' dir='ltr'>hujusmodi</span> <span class='ocrx_word' id='word_1_677' title='bbox 1986 1771 2072 1815; x_wconf 88' lang='lat' dir='ltr'>sunt,</span> 
     </span>
     <span class='ocr_line' id='line_1_107' title="bbox 1187 1816 2073 1864; baseline 0.008 -15"><span class='ocrx_word' id='word_1_678' title='bbox 1187 1819 1264 1860; x_wconf 86' lang='lat' dir='ltr'>quod</span> <span class='ocrx_word' id='word_1_679' title='bbox 1267 1816 1377 1861; x_wconf 60' lang='lat' dir='ltr'>sant‘t&#39;a</span> <span class='ocrx_word' id='word_1_680' title='bbox 1402 1819 1435 1851; x_wconf 62' lang='grc' dir='ltr'>(θ’</span> <span class='ocrx_word' id='word_1_681' title='bbox 1450 1829 1560 1863; x_wconf 82' lang='lat' dir='ltr'>magna</span> <span class='ocrx_word' id='word_1_682' title='bbox 1566 1818 1658 1862; x_wconf 70' lang='lat' dir='ltr'>sexta</span> <span class='ocrx_word' id='word_1_683' title='bbox 1671 1822 1799 1859; x_wconf 79' lang='lat' dir='ltr'>synodus</span> <span class='ocrx_word' id='word_1_684' title='bbox 1806 1820 1865 1864; x_wconf 87' lang='lat' dir='ltr'>sub</span> <span class='ocrx_word' id='word_1_685' title='bbox 1879 1822 2073 1862; x_wconf 86' lang='lat' dir='ltr'>Constantino</span> 
     </span>
     <span class='ocr_line' id='line_1_108' title="bbox 1179 1867 2072 1914; baseline 0.007 -13"><span class='ocrx_word' id='word_1_686' title='bbox 1179 1867 1277 1909; x_wconf 87' lang='lat' dir='ltr'>fuerit</span> <span class='ocrx_word' id='word_1_687' title='bbox 1301 1867 1447 1901; x_wconf 82' lang='lat' dir='ltr'>celebrata</span> <span class='ocrx_word' id='word_1_688' title='bbox 1476 1892 1487 1909; x_wconf 89' lang='lat'>,</span> <span class='ocrx_word' id='word_1_689' title='bbox 1513 1880 1616 1903; x_wconf 89' lang='lat' dir='ltr'>contra</span> <span class='ocrx_word' id='word_1_690' title='bbox 1636 1872 1722 1912; x_wconf 88' lang='lat' dir='ltr'>illos,</span> <span class='ocrx_word' id='word_1_691' title='bbox 1748 1877 1798 1914; x_wconf 84' lang='lat' dir='ltr'>qui</span> <span class='ocrx_word' id='word_1_692' title='bbox 1817 1883 1910 1906; x_wconf 87' lang='lat' dir='ltr'>unam</span> <span class='ocrx_word' id='word_1_693' title='bbox 1930 1873 2072 1907; x_wconf 82' lang='lat' dir='ltr'>dicebant</span> 
     </span>
     <span class='ocr_line' id='line_1_109' title="bbox 1186 1919 2075 1965; baseline 0.009 -15"><span class='ocrx_word' id='word_1_694' title='bbox 1186 1924 1384 1960; x_wconf 83' lang='lat' dir='ltr'>operationem</span> <span class='ocrx_word' id='word_1_695' title='bbox 1407 1919 1440 1952; x_wconf 69' lang='lat'>(7</span> <span class='ocrx_word' id='word_1_696' title='bbox 1451 1920 1635 1953; x_wconf 84' lang='lat' dir='ltr'>voluntatem</span> <span class='ocrx_word' id='word_1_697' title='bbox 1656 1926 1688 1953; x_wconf 84' lang='lat' dir='ltr'>in</span> <span class='ocrx_word' id='word_1_698' title='bbox 1709 1921 1822 1963; x_wconf 82' lang='lat' dir='ltr'>Christo</span> <span class='ocrx_word' id='word_1_699' title='bbox 1833 1946 1844 1962; x_wconf 94' lang='lat'>,</span> <span class='ocrx_word' id='word_1_700' title='bbox 1869 1929 1902 1956; x_wconf 84' lang='lat' dir='ltr'>in</span> <span class='ocrx_word' id='word_1_701' title='bbox 1913 1935 1971 1965; x_wconf 87' lang='lat' dir='ltr'>qua</span> <span class='ocrx_word' id='word_1_702' title='bbox 1983 1924 2075 1958; x_wconf 80' lang='lat' dir='ltr'>baere-</span> 
     </span>
     <span class='ocr_line' id='line_1_110' title="bbox 1186 1967 2074 2016; baseline 0.007 -15"><span class='ocrx_word' id='word_1_703' title='bbox 1186 1974 1252 2001; x_wconf 85' lang='lat' dir='ltr'>ticis</span> <span class='ocrx_word' id='word_1_704' title='bbox 1265 1967 1550 2009; x_wconf 80' lang='lat' dir='ltr'>anathematizatis,</span> <span class='ocrx_word' id='word_1_705' title='bbox 1576 1971 1610 2003; x_wconf 58' lang='lat' dir='ltr'>(ff</span> <span class='ocrx_word' id='word_1_706' title='bbox 1625 1970 1789 2004; x_wconf 82' lang='lat' dir='ltr'>orthodoxa</span> <span class='ocrx_word' id='word_1_707' title='bbox 1808 1973 1976 2014; x_wconf 80' lang='lat' dir='ltr'>explanata</span> <span class='ocrx_word' id='word_1_708' title='bbox 1983 1974 2046 2016; x_wconf 82' lang='lat' dir='ltr'>fide</span> <span class='ocrx_word' id='word_1_709' title='bbox 2061 1999 2074 2015; x_wconf 91' lang='lat'>‚</span> 
     </span>
     <span class='ocr_line' id='line_1_111' title="bbox 1186 2018 2072 2064; baseline 0.007 -13"><span class='ocrx_word' id='word_1_710' title='bbox 1186 2020 1304 2051; x_wconf 86' lang='lat' dir='ltr'>domum</span> <span class='ocrx_word' id='word_1_711' title='bbox 1314 2018 1426 2060; x_wconf 74' lang='lat' dir='ltr'>reverfi</span> <span class='ocrx_word' id='word_1_712' title='bbox 1438 2018 1513 2061; x_wconf 86' lang='lat' dir='ltr'>sunt</span> <span class='ocrx_word' id='word_1_713' title='bbox 1524 2030 1629 2062; x_wconf 79' lang='lat' dir='ltr'>quarto</span> <span class='ocrx_word' id='word_1_714' title='bbox 1642 2021 1749 2053; x_wconf 74' lang='lat' dir='ltr'>decimo</span> <span class='ocrx_word' id='word_1_715' title='bbox 1772 2034 1851 2055; x_wconf 90' lang='lat' dir='ltr'>anno</span> <span class='ocrx_word' id='word_1_716' title='bbox 1864 2023 2050 2064; x_wconf 85' lang='lat' dir='ltr'>Constantini</span> <span class='ocrx_word' id='word_1_717' title='bbox 2064 2050 2072 2057; x_wconf 94' lang='lat'>.</span> 
     </span>
     <span class='ocr_line' id='line_1_112' title="bbox 1186 2068 2072 2115; baseline 0.009 -15"><span class='ocrx_word' id='word_1_718' title='bbox 1186 2071 1267 2111; x_wconf 87' lang='lat' dir='ltr'>Ergo</span> <span class='ocrx_word' id='word_1_719' title='bbox 1272 2068 1333 2110; x_wconf 85' lang='lat' dir='ltr'>post</span> <span class='ocrx_word' id='word_1_720' title='bbox 1345 2077 1469 2110; x_wconf 78' lang='lat' dir='ltr'>quatuor</span> <span class='ocrx_word' id='word_1_721' title='bbox 1476 2068 1538 2110; x_wconf 83' lang='lat' dir='ltr'>five</span> <span class='ocrx_word' id='word_1_722' title='bbox 1550 2075 1676 2112; x_wconf 74' lang='lat' dir='ltr'>qumque</span> <span class='ocrx_word' id='word_1_723' title='bbox 1687 2083 1780 2104; x_wconf 82' lang='lat' dir='ltr'>annos</span> <span class='ocrx_word' id='word_1_724' title='bbox 1791 2075 1883 2106; x_wconf 82' lang='lat' dir='ltr'>iidem</span> <span class='ocrx_word' id='word_1_725' title='bbox 1897 2072 1953 2115; x_wconf 76' lang='lat' dir='ltr'>ipsi</span> <span class='ocrx_word' id='word_1_726' title='bbox 1963 2077 2072 2108; x_wconf 80' lang='lat' dir='ltr'>Patres</span> 
     </span>
     <span class='ocr_line' id='line_1_113' title="bbox 1185 2117 2073 2166; baseline 0.007 -15"><span class='ocrx_word' id='word_1_727' title='bbox 1185 2124 1388 2152; x_wconf 81' lang='lat' dir='ltr'>convenientes</span> <span class='ocrx_word' id='word_1_728' title='bbox 1401 2117 1455 2161; x_wconf 66' lang='lat' dir='ltr'>fieb</span> <span class='ocrx_word' id='word_1_729' title='bbox 1460 2123 1491 2164; x_wconf 90' lang='lat' dir='ltr'><em>J</em></span> <span class='ocrx_word' id='word_1_730' title='bbox 1494 2118 1638 2160; x_wconf 81' lang='lat' dir='ltr'>ustiniano</span> <span class='ocrx_word' id='word_1_731' title='bbox 1651 2144 1662 2160; x_wconf 90' lang='lat'>,</span> <span class='ocrx_word' id='word_1_732' title='bbox 1683 2121 1744 2162; x_wconf 86' lang='lat' dir='ltr'>filio</span> <span class='ocrx_word' id='word_1_733' title='bbox 1757 2123 1945 2162; x_wconf 82' lang='lat' dir='ltr'>Constantini</span> <span class='ocrx_word' id='word_1_734' title='bbox 1956 2149 1966 2164; x_wconf 91' lang='lat'>‚</span> <span class='ocrx_word' id='word_1_735' title='bbox 1989 2133 2073 2166; x_wconf 83' lang='lat' dir='ltr'>prae-</span> 
     </span>
     <span class='ocr_line' id='line_1_114' title="bbox 1177 2167 2073 2212; baseline 0.008 -11"><span class='ocrx_word' id='word_1_736' title='bbox 1177 2167 1308 2211; x_wconf 83' lang='lat' dir='ltr'>fignatos</span> <span class='ocrx_word' id='word_1_737' title='bbox 1321 2173 1456 2202; x_wconf 84' lang='lat' dir='ltr'>Canones</span> <span class='ocrx_word' id='word_1_738' title='bbox 1469 2168 1666 2212; x_wconf 73' lang='lat' dir='ltr'>exposuerunt</span> <span class='ocrx_word' id='word_1_739' title='bbox 1681 2195 1690 2211; x_wconf 89' lang='lat'>,</span> <span class='ocrx_word' id='word_1_740' title='bbox 1715 2174 1748 2205; x_wconf 69' lang='grc'>(5*</span> <span class='ocrx_word' id='word_1_741' title='bbox 1759 2185 1841 2206; x_wconf 89' lang='lat' dir='ltr'>nemo</span> <span class='ocrx_word' id='word_1_742' title='bbox 1853 2174 1968 2207; x_wconf 85' lang='lat' dir='ltr'>dubitet</span> <span class='ocrx_word' id='word_1_743' title='bbox 1988 2176 2025 2208; x_wconf 86' lang='lat' dir='ltr'>de</span> <span class='ocrx_word' id='word_1_744' title='bbox 2037 2177 2073 2208; x_wconf 86' lang='lat' dir='ltr'>il-</span> 
     </span>
     <span class='ocr_line' id='line_1_115' title="bbox 1181 2218 2071 2265; baseline 0.007 -14"><span class='ocrx_word' id='word_1_745' title='bbox 1181 2220 1237 2251; x_wconf 82' lang='lat' dir='ltr'>lis.</span> <span class='ocrx_word' id='word_1_746' title='bbox 1269 2220 1412 2252; x_wconf 76' lang='lat' dir='ltr'>Illienim</span> <span class='ocrx_word' id='word_1_747' title='bbox 1426 2243 1436 2258; x_wconf 88' lang='lat'>,</span> <span class='ocrx_word' id='word_1_748' title='bbox 1461 2225 1514 2262; x_wconf 86' lang='lat' dir='ltr'>qui</span> <span class='ocrx_word' id='word_1_749' title='bbox 1530 2218 1763 2264; x_wconf 70' lang='lat' dir='ltr'>subscripserunt</span> <span class='ocrx_word' id='word_1_750' title='bbox 1785 2221 1842 2265; x_wconf 91' lang='lat' dir='ltr'>sub</span> <span class='ocrx_word' id='word_1_751' title='bbox 1858 2224 2071 2265; x_wconf 76' lang='lat' dir='ltr'>Constantino,</span> 
     </span>
     <span class='ocr_line' id='line_1_116' title="bbox 1183 2267 2071 2318; baseline 0.006 -17"><span class='ocrx_word' id='word_1_752' title='bbox 1183 2267 1240 2310; x_wconf 83' lang='lat' dir='ltr'>ipfi</span> <span class='ocrx_word' id='word_1_753' title='bbox 1256 2271 1289 2303; x_wconf 56' lang='grc' dir='ltr'>(θ’</span> <span class='ocrx_word' id='word_1_754' title='bbox 1307 2267 1363 2311; x_wconf 89' lang='lat' dir='ltr'>sub</span> <span class='ocrx_word' id='word_1_755' title='bbox 1384 2268 1561 2314; x_wconf 77' lang='lat' dir='ltr'>Justiniano</span> <span class='ocrx_word' id='word_1_756' title='bbox 1579 2270 1724 2314; x_wconf 71' lang='lat' dir='ltr'>pra-senti</span> <span class='ocrx_word' id='word_1_757' title='bbox 1749 2271 1864 2306; x_wconf 84' lang='lat' dir='ltr'>cbartae</span> <span class='ocrx_word' id='word_1_758' title='bbox 1894 2273 2071 2318; x_wconf 75' lang='lat' dir='ltr'>subscripse-</span> 
     </span>
     <span class='ocr_line' id='line_1_117' title="bbox 1183 2318 2069 2366; baseline 0.008 -15"><span class='ocrx_word' id='word_1_759' title='bbox 1183 2328 1254 2351; x_wconf 89' lang='lat' dir='ltr'>runt</span> <span class='ocrx_word' id='word_1_760' title='bbox 1264 2344 1275 2360; x_wconf 89' lang='lat'>,</span> <span class='ocrx_word' id='word_1_761' title='bbox 1301 2320 1346 2352; x_wconf 73' lang='lat' dir='ltr'>ita</span> <span class='ocrx_word' id='word_1_762' title='bbox 1362 2329 1395 2351; x_wconf 86' lang='lat' dir='ltr'>ut</span> <span class='ocrx_word' id='word_1_763' title='bbox 1402 2318 1453 2353; x_wconf 90' lang='lat' dir='ltr'>hoc</span> <span class='ocrx_word' id='word_1_764' title='bbox 1464 2320 1651 2361; x_wconf 81' lang='lat' dir='ltr'>manifestum</span> <span class='ocrx_word' id='word_1_765' title='bbox 1654 2321 1692 2363; x_wconf 84' lang='lat' dir='ltr'>fit</span> <span class='ocrx_word' id='word_1_766' title='bbox 1705 2333 1741 2354; x_wconf 85' lang='lat' dir='ltr'>ex</span> <span class='ocrx_word' id='word_1_767' title='bbox 1754 2334 1851 2355; x_wconf 86' lang='lat' dir='ltr'>eorum</span> <span class='ocrx_word' id='word_1_768' title='bbox 1858 2331 1992 2366; x_wconf 78' lang='lat' dir='ltr'>propria·</span> <span class='ocrx_word' id='word_1_769' title='bbox 2004 2338 2069 2358; x_wconf 85' lang='lat' dir='ltr'>ma-</span> 
     </span>
     <span class='ocr_line' id='line_1_118' title="bbox 1183 2371 2063 2416; baseline 0.008 -15"><span class='ocrx_word' id='word_1_770' title='bbox 1183 2380 1239 2402; x_wconf 92' lang='lat' dir='ltr'>nus</span> <span class='ocrx_word' id='word_1_771' title='bbox 1265 2372 1423 2411; x_wconf 68' lang='lat' dir='ltr'>Scriptura·</span> <span class='ocrx_word' id='word_1_772' title='bbox 1444 2371 1623 2404; x_wconf 78' lang='lat' dir='ltr'>immutabili</span> <span class='ocrx_word' id='word_1_773' title='bbox 1638 2371 1837 2413; x_wconf 81' lang='lat' dir='ltr'>fimilitudine</span> <span class='ocrx_word' id='word_1_774' title='bbox 1865 2398 1872 2405; x_wconf 91' lang='lat'>.</span> <span class='ocrx_word' id='word_1_775' title='bbox 1901 2375 2063 2416; x_wconf 81' lang='lat' dir='ltr'>Oportebat</span> 
     </span>
     <span class='ocr_line' id='line_1_119' title="bbox 1180 2421 2065 2466; baseline 0.008 -15"><span class='ocrx_word' id='word_1_776' title='bbox 1180 2424 1258 2451; x_wconf 89' lang='lat' dir='ltr'>enim</span> <span class='ocrx_word' id='word_1_777' title='bbox 1269 2431 1314 2452; x_wconf 89' lang='lat' dir='ltr'>eos</span> <span class='ocrx_word' id='word_1_778' title='bbox 1327 2444 1337 2459; x_wconf 91' lang='lat'>,</span> <span class='ocrx_word' id='word_1_779' title='bbox 1363 2425 1412 2461; x_wconf 85' lang='lat' dir='ltr'>qui</span> <span class='ocrx_word' id='word_1_780' title='bbox 1425 2422 1569 2458; x_wconf 77' lang='lat' dir='ltr'>synodum</span> <span class='ocrx_word' id='word_1_781' title='bbox 1582 2421 1781 2464; x_wconf 85' lang='lat' dir='ltr'>universalem</span> <span class='ocrx_word' id='word_1_782' title='bbox 1789 2422 2065 2466; x_wconf 54' lang='lat' dir='ltr'>praesentaveranss</span> 
     </span>
     <span class='ocr_line' id='line_1_120' title="bbox 1180 2470 2066 2514; baseline 0.009 -13"><span class='ocrx_word' id='word_1_783' title='bbox 1180 2475 1274 2502; x_wconf 84' lang='lat' dir='ltr'>etiam</span> <span class='ocrx_word' id='word_1_784' title='bbox 1297 2473 1432 2502; x_wconf 80' lang='lat' dir='ltr'>canones</span> <span class='ocrx_word' id='word_1_785' title='bbox 1445 2470 1650 2513; x_wconf 77' lang='lat' dir='ltr'>Ecclest‘aflicos</span> <span class='ocrx_word' id='word_1_786' title='bbox 1674 2481 1833 2514; x_wconf 80' lang='lat' dir='ltr'>exponere.</span> <span class='ocrx_word' id='word_1_787' title='bbox 1861 2474 1904 2508; x_wconf 91' lang='lat' dir='ltr'>Et</span> <span class='ocrx_word' id='word_1_788' title='bbox 1917 2475 2066 2510; x_wconf 86' lang='lat' dir='ltr'>laudatus</span> 
     </span>
     <span class='ocr_line' id='line_1_121' title="bbox 1182 2519 2065 2567; baseline 0.009 -15"><span class='ocrx_word' id='word_1_789' title='bbox 1182 2519 1369 2553; x_wconf 84' lang='lat' dir='ltr'>Anastasius</span> <span class='ocrx_word' id='word_1_790' title='bbox 1394 2520 1427 2552; x_wconf 92' lang='lat' dir='ltr'>in</span> <span class='ocrx_word' id='word_1_791' title='bbox 1441 2521 1568 2564; x_wconf 89' lang='lat' dir='ltr'>Synodi</span> <span class='ocrx_word' id='word_1_792' title='bbox 1582 2523 1722 2565; x_wconf 82' lang='lat' dir='ltr'>septimae</span> <span class='ocrx_word' id='word_1_793' title='bbox 1745 2523 1784 2557; x_wconf 88' lang='lat' dir='ltr'>ad</span> <span class='ocrx_word' id='word_1_794' title='bbox 1797 2524 1956 2567; x_wconf 71' lang='lat' dir='ltr'>joannem</span> <span class='ocrx_word' id='word_1_795' title='bbox 1979 2527 2065 2560; x_wconf 68' lang='lat' dir='ltr'>osta-</span> 
     </span>
     <span class='ocr_line' id='line_1_122' title="bbox 1181 2569 2062 2617; baseline 0.007 -14"><span class='ocrx_word' id='word_1_796' title='bbox 1181 2581 1257 2603; x_wconf 89' lang='lat' dir='ltr'>vum</span> <span class='ocrx_word' id='word_1_797' title='bbox 1272 2569 1460 2613; x_wconf 70' lang='lat' dir='ltr'>praefatione</span> <span class='ocrx_word' id='word_1_798' title='bbox 1472 2595 1483 2610; x_wconf 92' lang='lat'>‚</span> <span class='ocrx_word' id='word_1_799' title='bbox 1508 2583 1577 2614; x_wconf 86' lang='lat' dir='ltr'>quae</span> <span class='ocrx_word' id='word_1_800' title='bbox 1591 2573 1709 2606; x_wconf 66' lang='lat' dir='ltr'>odlavae</span> <span class='ocrx_word' id='word_1_801' title='bbox 1723 2573 1849 2615; x_wconf 90' lang='lat' dir='ltr'>Synodi</span> <span class='ocrx_word' id='word_1_802' title='bbox 1863 2575 2062 2617; x_wconf 72' lang='lat' dir='ltr'>praefatione,</span> 
     </span>
     <span class='ocr_line' id='line_1_123' title="bbox 1180 2618 2062 2668; baseline 0.007 -16"><span class='ocrx_word' id='word_1_803' title='bbox 1180 2620 1293 2663; x_wconf 75' lang='lat' dir='ltr'>utpote</span> <span class='ocrx_word' id='word_1_804' title='bbox 1318 2620 1432 2662; x_wconf 86' lang='lat' dir='ltr'>scripta</span> <span class='ocrx_word' id='word_1_805' title='bbox 1456 2618 1497 2655; x_wconf 88' lang='lat' dir='ltr'>ad</span> <span class='ocrx_word' id='word_1_806' title='bbox 1519 2621 1703 2656; x_wconf 83' lang='lat' dir='ltr'>A&#39;drianum</span> <span class='ocrx_word' id='word_1_807' title='bbox 1726 2623 1925 2664; x_wconf 87' lang='lat' dir='ltr'>secundum,</span> <span class='ocrx_word' id='word_1_808' title='bbox 1952 2627 2062 2668; x_wconf 83' lang='lat' dir='ltr'>proxi-</span> 
     </span>
     <span class='ocr_line' id='line_1_124' title="bbox 1180 2671 2060 2717; baseline 0.005 -14"><span class='ocrx_word' id='word_1_809' title='bbox 1180 2681 1269 2703; x_wconf 89' lang='lat' dir='ltr'>mum</span> <span class='ocrx_word' id='word_1_810' title='bbox 1295 2671 1430 2713; x_wconf 87' lang='lat' dir='ltr'>Joannis</span> <span class='ocrx_word' id='word_1_811' title='bbox 1451 2673 1688 2714; x_wconf 72' lang='lat' dir='ltr'>praecessorem,</span> <span class='ocrx_word' id='word_1_812' title='bbox 1714 2674 1759 2707; x_wconf 90' lang='lat' dir='ltr'>est</span> <span class='ocrx_word' id='word_1_813' title='bbox 1782 2673 1956 2717; x_wconf 86' lang='lat' dir='ltr'>posterior.</span> <span class='ocrx_word' id='word_1_814' title='bbox 1985 2678 2060 2717; x_wconf 78' lang='lat' dir='ltr'>Apo-</span> 
     </span>
     <span class='ocr_line' id='line_1_125' title="bbox 1172 2719 2054 2767; baseline 0.005 -14"><span class='ocrx_word' id='word_1_815' title='bbox 1172 2719 1280 2761; x_wconf 81' lang='lat' dir='ltr'>stolam</span> <span class='ocrx_word' id='word_1_816' title='bbox 1292 2719 1386 2760; x_wconf 84' lang='lat' dir='ltr'>vestro</span> <span class='ocrx_word' id='word_1_817' title='bbox 1397 2722 1564 2755; x_wconf 85' lang='lat' dir='ltr'>decernente</span> <span class='ocrx_word' id='word_1_818' title='bbox 1575 2722 1732 2766; x_wconf 72' lang='lat' dir='ltr'>,nonfhlos</span> <span class='ocrx_word' id='word_1_819' title='bbox 1744 2729 1962 2767; x_wconf 82' lang='lat' dir='ltr'>quinquaginta</span> <span class='ocrx_word' id='word_1_820' title='bbox 1970 2731 2054 2766; x_wconf 83' lang='lat' dir='ltr'>prio-</span> 
     </span>
     <span class='ocr_line' id='line_1_126' title="bbox 1176 2769 2055 2816; baseline 0.008 -14"><span class='ocrx_word' id='word_1_821' title='bbox 1176 2781 1223 2804; x_wconf 89' lang='lat' dir='ltr'>res</span> <span class='ocrx_word' id='word_1_822' title='bbox 1239 2769 1427 2812; x_wconf 79' lang='lat' dir='ltr'>Apostolorum</span> <span class='ocrx_word' id='word_1_823' title='bbox 1444 2776 1582 2806; x_wconf 83' lang='lat' dir='ltr'>Canones</span> <span class='ocrx_word' id='word_1_824' title='bbox 1594 2773 1721 2815; x_wconf 85' lang='lat' dir='ltr'>Ecclefia</span> <span class='ocrx_word' id='word_1_825' title='bbox 1743 2779 1845 2815; x_wconf 82' lang='lat' dir='ltr'>recipit</span> <span class='ocrx_word' id='word_1_826' title='bbox 1858 2797 1868 2813; x_wconf 86' lang='lat'>‚</span> <span class='ocrx_word' id='word_1_827' title='bbox 1889 2771 1948 2816; x_wconf 70' lang='lat' dir='ltr'>sed</span> <span class='ocrx_word' id='word_1_828' title='bbox 1956 2786 2055 2809; x_wconf 81' lang='lat' dir='ltr'>omnes</span> 
     </span>
     <span class='ocr_line' id='line_1_127' title="bbox 1175 2823 2055 2868; baseline 0.005 -15"><span class='ocrx_word' id='word_1_829' title='bbox 1175 2831 1294 2859; x_wconf 87' lang='lat' dir='ltr'>eorum,</span> <span class='ocrx_word' id='word_1_830' title='bbox 1320 2823 1418 2863; x_wconf 62' lang='lat' dir='ltr'>utpote</span> <span class='ocrx_word' id='word_1_831' title='bbox 1438 2824 1565 2864; x_wconf 79' lang='lat' dir='ltr'>Spiritus</span> <span class='ocrx_word' id='word_1_832' title='bbox 1592 2823 1692 2856; x_wconf 60' lang='lat' dir='ltr'>Sancqi</span> <span class='ocrx_word' id='word_1_833' title='bbox 1714 2824 1852 2856; x_wconf 89' lang='lat' dir='ltr'>tubarum</span> <span class='ocrx_word' id='word_1_834' title='bbox 1876 2848 1883 2855; x_wconf 88' lang='lat'>.</span> <span class='ocrx_word' id='word_1_835' title='bbox 1912 2827 1998 2868; x_wconf 74' lang='lat' dir='ltr'>,Quin</span> <span class='ocrx_word' id='word_1_836' title='bbox 2019 2827 2055 2859; x_wconf 55' lang='grc' dir='ltr'>(φ</span> 
     </span>
     <span class='ocr_line' id='line_1_128' title="bbox 1175 2872 2054 2917; baseline 0.007 -15"><span class='ocrx_word' id='word_1_837' title='bbox 1175 2876 1303 2903; x_wconf 88' lang='lat' dir='ltr'>omnium</span> <span class='ocrx_word' id='word_1_838' title='bbox 1327 2875 1442 2905; x_wconf 78' lang='lat' dir='ltr'>omnino</span> <span class='ocrx_word' id='word_1_839' title='bbox 1462 2873 1661 2914; x_wconf 79' lang='lat' dir='ltr'>probabilium</span> <span class='ocrx_word' id='word_1_840' title='bbox 1685 2875 1810 2906; x_wconf 75' lang='lat' dir='ltr'>Parrum</span> <span class='ocrx_word' id='word_1_841' title='bbox 1839 2874 1872 2906; x_wconf 61' lang='grc' dir='ltr'>Θ</span> <span class='ocrx_word' id='word_1_842' title='bbox 1888 2872 2054 2917; x_wconf 57' lang='lat' dir='ltr'>sanderum</span> 
     </span>
     <span class='ocr_line' id='line_1_129' title="bbox 1175 2921 2053 2966; baseline 0.007 -14"><span class='ocrx_word' id='word_1_843' title='bbox 1175 2921 1370 2955; x_wconf 83' lang='lat' dir='ltr'>Conciliorum</span> <span class='ocrx_word' id='word_1_844' title='bbox 1391 2924 1505 2966; x_wconf 88' lang='lat' dir='ltr'>regulas</span> <span class='ocrx_word' id='word_1_845' title='bbox 1527 2925 1560 2957; x_wconf 63' lang='lat'>6·</span> <span class='ocrx_word' id='word_1_846' title='bbox 1582 2922 1774 2962; x_wconf 79' lang='lat' dir='ltr'>institutiones</span> <span class='ocrx_word' id='word_1_847' title='bbox 1799 2923 1955 2963; x_wconf 86' lang='lat' dir='ltr'>admittit,</span> <span class='ocrx_word' id='word_1_848' title='bbox 1983 2926 2053 2958; x_wconf 82' lang='lat' dir='ltr'>illas</span> 
     </span>
     <span class='ocr_line' id='line_1_130' title="bbox 1176 2971 2052 3015; baseline 0.008 -13"><span class='ocrx_word' id='word_1_849' title='bbox 1176 2972 1337 3004; x_wconf 79' lang='lat' dir='ltr'>dumtaxat</span> <span class='ocrx_word' id='word_1_850' title='bbox 1347 2997 1357 3011; x_wconf 93' lang='lat'><em>‚</em></span> <span class='ocrx_word' id='word_1_851' title='bbox 1385 2984 1453 3014; x_wconf 87' lang='lat' dir='ltr'>quae</span> <span class='ocrx_word' id='word_1_852' title='bbox 1464 2984 1516 3006; x_wconf 86' lang='lat' dir='ltr'>nec</span> <span class='ocrx_word' id='word_1_853' title='bbox 1526 2972 1611 3005; x_wconf 68' lang='lat' dir='ltr'>rebiae</span> <span class='ocrx_word' id='word_1_854' title='bbox 1616 2971 1689 3014; x_wconf 82' lang='lat' dir='ltr'>fidei</span> <span class='ocrx_word' id='word_1_855' title='bbox 1701 2997 1711 3012; x_wconf 92' lang='lat'>,</span> <span class='ocrx_word' id='word_1_856' title='bbox 1737 2983 1787 3006; x_wconf 86' lang='lat' dir='ltr'>nec</span> <span class='ocrx_word' id='word_1_857' title='bbox 1793 2973 1896 3015; x_wconf 75' lang='lat' dir='ltr'>probis</span> <span class='ocrx_word' id='word_1_858' title='bbox 1923 2975 2052 3009; x_wconf 84' lang='lat' dir='ltr'>moribus</span> 
     </span>
     <span class='ocr_line' id='line_1_131' title="bbox 1174 3019 2052 3065; baseline 0.008 -13"><span class='ocrx_word' id='word_1_859' title='bbox 1174 3019 1298 3053; x_wconf 81' lang='lat' dir='ltr'>obviant</span> <span class='ocrx_word' id='word_1_860' title='bbox 1307 3046 1317 3062; x_wconf 92' lang='lat'>‚</span> <span class='ocrx_word' id='word_1_861' title='bbox 1338 3020 1395 3064; x_wconf 88' lang='lat' dir='ltr'>sed</span> <span class='ocrx_word' id='word_1_862' title='bbox 1405 3033 1453 3056; x_wconf 84' lang='lat' dir='ltr'>nec</span> <span class='ocrx_word' id='word_1_863' title='bbox 1459 3021 1542 3065; x_wconf 88' lang='lat' dir='ltr'>sedis</span> <span class='ocrx_word' id='word_1_864' title='bbox 1555 3026 1696 3054; x_wconf 74' lang='lat' dir='ltr'>Romana</span> <span class='ocrx_word' id='word_1_865' title='bbox 1719 3024 1843 3057; x_wconf 88' lang='lat' dir='ltr'>decretis</span> <span class='ocrx_word' id='word_1_866' title='bbox 1856 3025 1901 3057; x_wconf 86' lang='lat' dir='ltr'>ad</span> <span class='ocrx_word' id='word_1_867' title='bbox 1908 3027 2052 3059; x_wconf 86' lang='lat' dir='ltr'>modicum</span> 
     </span>
     <span class='ocr_line' id='line_1_132' title="bbox 1174 3068 2054 3115; baseline 0.008 -13"><span class='ocrx_word' id='word_1_868' title='bbox 1174 3072 1249 3112; x_wconf 89' lang='lat' dir='ltr'>quid</span> <span class='ocrx_word' id='word_1_869' title='bbox 1257 3068 1399 3112; x_wconf 85' lang='lat' dir='ltr'>resultant</span> <span class='ocrx_word' id='word_1_870' title='bbox 1409 3096 1419 3112; x_wconf 92' lang='lat'>‚</span> <span class='ocrx_word' id='word_1_871' title='bbox 1446 3077 1518 3113; x_wconf 83' lang='lat' dir='ltr'>quin</span> <span class='ocrx_word' id='word_1_872' title='bbox 1524 3072 1622 3113; x_wconf 77' lang='lat' dir='ltr'>potius</span> <span class='ocrx_word' id='word_1_873' title='bbox 1632 3070 1822 3115; x_wconf 75' lang='lat' dir='ltr'>adversarios</span> <span class='ocrx_word' id='word_1_874' title='bbox 1834 3098 1845 3115; x_wconf 91' lang='lat'>,</span> <span class='ocrx_word' id='word_1_875' title='bbox 1864 3068 1909 3107; x_wconf 60' lang='lat' dir='ltr'>‘id</span> <span class='ocrx_word' id='word_1_876' title='bbox 1919 3074 1956 3115; x_wconf 76' lang='lat' dir='ltr'>est</span> <span class='ocrx_word' id='word_1_877' title='bbox 1967 3098 1978 3114; x_wconf 91' lang='lat'>‚</span> <span class='ocrx_word' id='word_1_878' title='bbox 1991 3075 2054 3110; x_wconf 80' lang='lat' dir='ltr'>bae-</span> 
     </span>
     <span class='ocr_line' id='line_1_133' title="bbox 1173 3126 2051 3169; baseline 0.009 -17"><span class='ocrx_word' id='word_1_879' title='bbox 1173 3126 1275 3154; x_wconf 85' lang='lat' dir='ltr'>reticos</span> <span class='ocrx_word' id='word_1_880' title='bbox 1294 3129 1431 3162; x_wconf 87' lang='lat' dir='ltr'>potenter</span> <span class='ocrx_word' id='word_1_881' title='bbox 1451 3126 1626 3164; x_wconf 86' lang='lat' dir='ltr'>impugnant</span> <span class='ocrx_word' id='word_1_882' title='bbox 1647 3147 1654 3154; x_wconf 90' lang='lat'>.</span> <span class='ocrx_word' id='word_1_883' title='bbox 1683 3126 1766 3166; x_wconf 86' lang='lat' dir='ltr'>Ergo</span> <span class='ocrx_word' id='word_1_884' title='bbox 1789 3126 1910 3169; x_wconf 86' lang='lat' dir='ltr'>ragulas</span> <span class='ocrx_word' id='word_1_885' title='bbox 1936 3150 1947 3167; x_wconf 93' lang='lat'>,</span> <span class='ocrx_word' id='word_1_886' title='bbox 1972 3137 2051 3169; x_wconf 82' lang='lat' dir='ltr'>quas</span> 
     </span>
     <span class='ocr_line' id='line_1_134' title="bbox 1173 3168 2051 3215; baseline 0.008 -12"><span class='ocrx_word' id='word_1_887' title='bbox 1173 3174 1271 3203; x_wconf 82' lang='lat' dir='ltr'>Graeci</span> <span class='ocrx_word' id='word_1_888' title='bbox 1291 3172 1310 3202; x_wconf 72' lang='lat' dir='ltr'>a</span> <span class='ocrx_word' id='word_1_889' title='bbox 1326 3168 1418 3212; x_wconf 80' lang='lat' dir='ltr'>sexta</span> <span class='ocrx_word' id='word_1_890' title='bbox 1429 3172 1535 3209; x_wconf 79' lang='lat' dir='ltr'>synodo</span> <span class='ocrx_word' id='word_1_891' title='bbox 1548 3171 1709 3212; x_wconf 85' lang='lat' dir='ltr'>perbibent</span> <span class='ocrx_word' id='word_1_892' title='bbox 1728 3175 1829 3207; x_wconf 88' lang='lat' dir='ltr'>editas</span> <span class='ocrx_word' id='word_1_893' title='bbox 1846 3199 1857 3215; x_wconf 90' lang='lat'>‚</span> <span class='ocrx_word' id='word_1_894' title='bbox 1882 3177 1928 3208; x_wconf 72' lang='lat' dir='ltr'>ita</span> <span class='ocrx_word' id='word_1_895' title='bbox 1951 3182 1984 3209; x_wconf 85' lang='lat' dir='ltr'>in</span> <span class='ocrx_word' id='word_1_896' title='bbox 1995 3176 2051 3211; x_wconf 80' lang='lat' dir='ltr'>hac</span> 
     </span>
     <span class='ocr_line' id='line_1_135' title="bbox 1171 3221 2050 3263; baseline 0.009 -11"><span class='ocrx_word' id='word_1_897' title='bbox 1171 3221 1277 3258; x_wconf 82' lang='lat' dir='ltr'>synodo</span> <span class='ocrx_word' id='word_1_898' title='bbox 1294 3221 1470 3261; x_wconf 79' lang='lat' dir='ltr'>principalis</span> <span class='ocrx_word' id='word_1_899' title='bbox 1483 3222 1570 3254; x_wconf 78' lang='lat' dir='ltr'>Sedes</span> <span class='ocrx_word' id='word_1_900' title='bbox 1593 3223 1750 3263; x_wconf 73' lang='lat' dir='ltr'>admittit,</span> <span class='ocrx_word' id='word_1_901' title='bbox 1777 3233 1811 3258; x_wconf 87' lang='lat' dir='ltr'>ut</span> <span class='ocrx_word' id='word_1_902' title='bbox 1828 3225 1997 3260; x_wconf 74' lang='lat' dir='ltr'>nullatenus</span> <span class='ocrx_word' id='word_1_903' title='bbox 2010 3238 2050 3260; x_wconf 72' lang='lat' dir='ltr'>ex</span> 
     </span>
     <span class='ocr_line' id='line_1_136' title="bbox 1171 3269 2048 3316; baseline 0.009 -15"><span class='ocrx_word' id='word_1_904' title='bbox 1171 3269 1218 3302; x_wconf 85' lang='lat' dir='ltr'>bis</span> <span class='ocrx_word' id='word_1_905' title='bbox 1229 3271 1290 3302; x_wconf 79' lang='lat' dir='ltr'>illae</span> <span class='ocrx_word' id='word_1_906' title='bbox 1299 3275 1497 3311; x_wconf 82' lang='lat' dir='ltr'>recipiantur,</span> <span class='ocrx_word' id='word_1_907' title='bbox 1524 3282 1591 3314; x_wconf 80' lang='lat' dir='ltr'>quae</span> <span class='ocrx_word' id='word_1_908' title='bbox 1611 3273 1762 3314; x_wconf 83' lang='lat' dir='ltr'>prioribus</span> <span class='ocrx_word' id='word_1_909' title='bbox 1774 3275 1946 3308; x_wconf 85' lang='lat' dir='ltr'>Canonibus</span> <span class='ocrx_word' id='word_1_910' title='bbox 1961 3301 1971 3316; x_wconf 89' lang='lat'>‚</span> <span class='ocrx_word' id='word_1_911' title='bbox 1998 3277 2048 3310; x_wconf 78' lang='lat' dir='ltr'>vel</span> 
     </span>
     <span class='ocr_line' id='line_1_137' title="bbox 1172 3318 2048 3367; baseline 0.008 -16"><span class='ocrx_word' id='word_1_912' title='bbox 1172 3322 1296 3352; x_wconf 84' lang='lat' dir='ltr'>decretis</span> <span class='ocrx_word' id='word_1_913' title='bbox 1303 3318 1471 3362; x_wconf 63' lang='lat' dir='ltr'>sant‘lorum</span> <span class='ocrx_word' id='word_1_914' title='bbox 1492 3319 1580 3362; x_wconf 82' lang='lat' dir='ltr'>bajus</span> <span class='ocrx_word' id='word_1_915' title='bbox 1591 3325 1676 3355; x_wconf 81' lang='lat' dir='ltr'>Sedis</span> <span class='ocrx_word' id='word_1_916' title='bbox 1703 3325 1878 3367; x_wconf 83' lang='lat' dir='ltr'>Pontificum</span> <span class='ocrx_word' id='word_1_917' title='bbox 1891 3351 1901 3366; x_wconf 95' lang='lat'>,</span> <span class='ocrx_word' id='word_1_918' title='bbox 1926 3335 1978 3359; x_wconf 82' lang='lat' dir='ltr'>aut</span> <span class='ocrx_word' id='word_1_919' title='bbox 1991 3336 2048 3359; x_wconf 79' lang='lat' dir='ltr'>cer·</span> 
     </span>
     <span class='ocr_line' id='line_1_138' title="bbox 1173 3369 2047 3419; baseline 0.007 -19"><span class='ocrx_word' id='word_1_920' title='bbox 1173 3370 1200 3401; x_wconf 75' lang='lat' dir='ltr'>te</span> <span class='ocrx_word' id='word_1_921' title='bbox 1213 3369 1297 3401; x_wconf 84' lang='lat' dir='ltr'>bonis</span> <span class='ocrx_word' id='word_1_922' title='bbox 1308 3369 1433 3402; x_wconf 89' lang='lat' dir='ltr'>moribus</span> <span class='ocrx_word' id='word_1_923' title='bbox 1454 3376 1616 3405; x_wconf 83' lang='lat' dir='ltr'>inveniunt</span> <span class='ocrx_word' id='word_1_924' title='bbox 1624 3372 1784 3417; x_wconf 67' lang='lat' dir='ltr'>adversa.</span> <span class='ocrx_word' id='word_1_925' title='bbox 1812 3378 1966 3419; x_wconf 74' lang='lat' dir='ltr'>‚Quamvis</span> <span class='ocrx_word' id='word_1_926' title='bbox 1989 3386 2047 3406; x_wconf 89' lang='lat' dir='ltr'>om-</span> 
     </span>
     <span class='ocr_line' id='line_1_139' title="bbox 1170 3418 2051 3466; baseline 0.007 -14"><span class='ocrx_word' id='word_1_927' title='bbox 1170 3429 1223 3452; x_wconf 80' lang='lat' dir='ltr'>nes</span> <span class='ocrx_word' id='word_1_928' title='bbox 1235 3418 1377 3455; x_wconf 69' lang='lat' dir='ltr'>haetenus</span> <span class='ocrx_word' id='word_1_929' title='bbox 1387 3431 1424 3455; x_wconf 67' lang='lat' dir='ltr'>ex</span> <span class='ocrx_word' id='word_1_930' title='bbox 1437 3429 1497 3455; x_wconf 86' lang='lat' dir='ltr'>toto</span> <span class='ocrx_word' id='word_1_931' title='bbox 1516 3431 1659 3457; x_wconf 85' lang='lat' dir='ltr'>maneant</span> <span class='ocrx_word' id='word_1_932' title='bbox 1681 3425 1765 3465; x_wconf 82' lang='lat' dir='ltr'>apud</span> <span class='ocrx_word' id='word_1_933' title='bbox 1773 3428 1899 3460; x_wconf 79' lang='lat' dir='ltr'>Latinos</span> <span class='ocrx_word' id='word_1_934' title='bbox 1922 3429 2051 3466; x_wconf 80' lang='lat' dir='ltr'>incogni-</span> 
     </span>
     <span class='ocr_line' id='line_1_140' title="bbox 1619 3471 1998 3514; baseline 0.005 -2"><span class='ocrx_word' id='word_1_935' title='bbox 1619 3471 1654 3507; x_wconf 71' lang='grc' dir='ltr'>Υ</span> <span class='ocrx_word' id='word_1_936' title='bbox 1705 3485 1728 3512; x_wconf 86' lang='lat'><em>2</em></span> <span class='ocrx_word' id='word_1_937' title='bbox 1935 3482 1976 3513; x_wconf 52' lang='grc' dir='ltr'>ΤΦ·</span> <span class='ocrx_word' id='word_1_938' title='bbox 1986 3497 1998 3514; x_wconf 70' lang='lat' dir='ltr'>a</span> 
     </span>
    </p>
   </div>
  </div>
 </body>
</html>
