2340 3762
72 2594 165 2633 Epist.
184 2603 231 2635 54·

71 2644 99 2668 C·
122 2646 149 2666 ὃ.

632 138 936 202 scaonis,
972 158 1037 190 ετ
1069 141 1263 191 Nous
1297 155 1667 193 ILLUSTRArl.

1906 147 2003 204 18&

646 355 1729 468 CANONQVL

248 650 620 844 Qjoniam
653 647 833 717 quidem
867 648 1014 712 regula
1045 647 1111 698 est
1135 682 1150 707 ,
1184 663 1282 713 quae
1315 644 1426 694 dicit
1466 668 1479 692 .·
1515 646 1583 691 zris
1615 646 1654 689 in
1689 661 1783 690 anno
1811 659 1879 712 per
1904 643 2074 712 singulas

463 724 684 769 Provincias
715 736 877 788 oportere
916 717 1006 783 fieri
1048 736 1118 787 per
1149 732 1371 764 conventum
1405 712 1675 783 Epistoporum
1707 712 1893 780 regulares
1925 716 2075 781 inquss..

499 796 608 838 tiones
624 827 638 851 ,
674 796 832 858 Propter
853 788 1124 856 fatigationem
1158 789 1216 831 <9¹
1241 801 1283 831 ut
1310 781 1506 853 opportune
1534 784 1740 830 habeantur
1774 781 1827 829 ad
1860 787 1928 830 iter
1963 804 2077 850 agen-¹
2101 819 2104 822 .

246 860 338 908 dum
360 896 374 920 ,
410 859 451 906 hi
484 864 547 924 qui
581 864 790 927 congregati
813 856 910 924 fimt
952 878 966 906 ε
1020 854 1296 905 Definierunt
1343 853 1468 904 sextae
1501 851 1668 921 Synodi
1716 851 1848 903 fausti
1883 856 2033 902 Patres
2057 890 2073 914 ‚

242 930 366 979 omni
401 926 674 978 excusatione
709 942 876 977 remota
901 963 914 987 ,
950 925 1093 975 modis
1125 924 1329 975 omnibus
1363 922 1493 973 semel
1528 926 1574 972 in
1608 940 1726 973 anno
1760 923 1878 984 fieri,
1920 927 1963 972 &
1998 922 2075 972 de-

244 1013 428 1068 pravata
460 1000 659 1062 corrigi.
695 1001 824 1047 Hunc
860 995 964 1060 ergo
1000 1001 1235 1048 Canonem'.
1260 999 1304 1044 δε
1338 1011 1418 1043 nos
1450 1011 1711 1044 renovamus
1735 1030 1748 1042 .
1798 997 1857 1043 Et
1893 993 1925 1042 si
1959 991 2076 1060 quis-

244 1086 381 1135 quam
415 1072 618 1137 Princeps
653 1070 856 1118 inventus
893 1067 1021 1117 suerit
1067 1068 1152 1117 hoc
1189 1063 1416 1134 prohibere
1446 1101 1461 1127 ,
1508 1066 1815 1113 communione
1851 1066 2074 1131 privetur.

245 1142 290 1188 Si
325 1141 423 1207 quis
459 1139 564 1190 vero
601 1139 1039 1208 Metropolitanorum
1076 1137 1160 1187 hoc
1195 1136 1430 1199 neglexerit
1463 1152 1590 1198 agere
1611 1133 1772 1201 absque
1806 1132 2076 1194 necestitate,

244 1209 318 1259 vel
353 1211 400 1260 vi
440 1247 453 1270 ,
497 1208 568 1259 seu
604 1211 752 1277 aliqua
786 1207 1037 1259 rationabili
1071 1206 1298 1257 occasione
1330 1242 1343 1267 ‚
1389 1207 1612 1256 canonicis
1648 1206 1788 1273 poenis
1824 1203 2039 1269 subjaceat
2060 1239 2074 1252 .

245 1282 371 1328 Dum
405 1295 551 1329 autem
602 1279 800 1349 Synodus
835 1281 978 1342 agitur
1013 1277 1136 1346 super
1171 1278 1410 1326 Canonicis
1458 1280 1501 1325 δε
1536 1276 1815 1338 Evangelicis
1861 1275 2077 1337 negotiis,

243 1343 424 1416 oportet
457 1366 744 1413 congregatos
778 1348 1014 1416 Episcopos
1055 1351 1105 1398 in
1139 1346 1426 1397 meditatione
1471 1350 1516 1396 δε
1549 1343 1840 1394 sollicitudine
1875 1343 1966 1394 fieri
2003 1361 2078 1404 cu-7

243 1416 565 1469 stodiendorum
602 1421 868 1468 Divinorum
904 1421 947 1464 δε
983 1416 1256 1465 vivificorum
1294 1417 1480 1463 Domini
1514 1414 1818 1463 mandatorum
1857 1450 1871 1474 ‚
1920 1416 1966 1462 in
2002 1430 2078 1462 cu-

244 1486 480 1537 stodiendis
514 1489 631 1537 enim
666 1489 753 1537 illis
786 1485 1019 1536 retributio
1054 1486 1227 1535 multa:
1283 1486 1400 1551 Qia
1442 1488 1486 1534 δε
1519 1484 1694 1534 lucerna
1730 1482 2030 1539 mandatum...
2062 1520 2078 1546 ,

243 1550 315 1606 lex
349 1574 497 1609 autem
531 1560 605 1607 lux
629 1595 643 1620 ‚
680 1562 723 1607 δε
759 1559 832 1607 via
866 1559 968 1606 vitae
1002 1558 1175 1619 argutio
1211 1559 1254 1603 δε
1288 1553 1516 1623 disciplina
1550 1554 1611 1603 est
1643 1575 1656 1613 3
1699 1558 1742 1603 &
1780 1552 2079 1603 mandatum...

245 1630 435 1677 Domini
470 1627 663 1677 lucidum
698 1629 945 1677 illuminans
980 1628 1129 1675 oculos
1154 1662 1166 1673 .
1217 1624 1350 1673 Porro
1387 1642 1475 1672 non
1511 1624 1670 1673 habeat
1707 1625 2080 1691 Metropolitanus

244 1697 472 1749 licentiam
507 1717 559 1747 ex
593 1698 659 1746 his
684 1734 697 1757 ,
733 1715 830 1763 quae
863 1696 1002 1746 defert
1039 1694 1276 1763 Episcopus
1312 1692 1452 1743 secum
1476 1730 1489 1755 ,
1525 1693 1611 1743 five
1646 1700 1888 1760 jumentum
1907 1730 1921 1755 ‚
1956 1693 2079 1747 five„

244 1767 378 1817 aliam
413 1766 597 1836 speciem
630 1765 862 1838 expetendi
890 1803 903 1815 .
941 1766 1074 1836 Qod
1108 1766 1139 1817 fi
1176 1767 1263 1815 hoc
1296 1762 1422 1828 egiffe
1457 1767 1681 1815 convietus
1719 1763 1850 1813 fuerit
1888 1799 1902 1825 ‚
1937 1762 2080 1815 solvat

243 1836 535 1909 quadruplum
551 1874 565 1888 .

1175 2024 1323 2059 'thorum
1333 2049 1344 2066 ‚
1369 2024 1573 2068 aliorumque
1583 2023 1800 2059 Barbarorum
1811 2025 1892 2071 jugo
1901 2026 2055 2069 captivos
2063 2052 2075 2067 ‚

1178 2078 1317 2120 ¹,grafiari
1333 2086 1409 2108 tunc
1422 2074 1544 2118 pridem
1556 2086 1693 2117 coeperat
1706 2075 1792 2109 idern
1805 2078 1928 2110 malum
1940 2101 1950 2116 ,
1978 2084 2074 2119 atque

1177 2126 1302 2160 ldeiilo
1324 2127 1364 2158 ad
1389 2125 1545 2159 faustum
1568 2124 1602 2157 ὅ(
1618 2123 1876 2167 Symmachum,
1903 2127 2078 2161 Romanos

1190 2176 1359 2209 Senatores
1373 2200 1382 2215 ,
1407 2174 1517 2209 scribit
1531 2176 1665 2209 sanstus
1679 2176 1801 2210 Avitus
1820 2176 2077 2220 Archi-Episco-

1192 2237 1248 2269 pus
1260 2225 1456 2260 Viennensis
1467 2249 1474 2257 .
1503 2226 1639 2258 Prtmfem
1653 2225 1762 2268 fuerat
1772 2228 1845 2259 talis
1863 2227 1962 2266 status
1975 2230 2076 2259 rerum

445 2028 937 2075 Senot1ou.

253 2211 256 2215 ,
321 2171 589 2208 Rimusanostro
609 2174 727 2209 citatus
744 2174 789 2208 est
800 2174 933 2217 quintus
952 2175 1126 2214 Nkaenus,

344 2223 423 2258 alter
449 2247 460 2264 ,
486 2222 574 2259 hunc
600 2226 773 2260 moderans
795 2249 806 2265 ,
832 2238 870 2260 ac
884 2228 977 2261 sextae
989 2226 1126 2266 synodo

247 2274 411 2317 perperam
433 2273 628 2318 adscriptus,
655 2276 699 2308 est
712 2274 832 2309 Canon
857 2274 1127 2311 octavusTrulla-

246 2334 329 2364 nus,
355 2333 452 2367 quern
474 2324 659 2359 &Romana
682 2325 820 2360 Ecclesia
844 2337 1012 2370 nunquam
1033 2326 1127 2359 fuisse

246 2373 420 2408 admissum
442 2373 620 2408 testaturin
641 2375 815 2420 marginali
837 2376 973 2410 Scholio
994 2374 1129 2410 Anasta-

246 2423 310 2456 fius
320 2421 592 2458 Bibliothecarius
609 2449 617 2456 .
644 2424 798 2459 Romana
823 2438 964 2470 namque
987 2425 1127 2460 Ecclesia

247 2471 506 2507 constantissime
519 2476 640 2517 semper
651 2475 772 2509 inhaesit
782 2477 914 2510 decreto
929 2477 1035 2510 Sancti
1048 2476 1130 2510 Leo·

248 2521 302 2556 nis
322 2521 443 2565 Magni
465 2546 476 2563 ‚
503 2523 544 2557 de
566 2524 760 2559 Canonibus
781 2525 926 2560 Nicaenis
949 2526 1066 2569 scripto
1087 2526 1128 2559 ad

245 2570 450 2606 Anatolium
477 2573 673 2616 Episcopum
698 2574 1129 2621 constantinopolitanum.

248 2623 350 2656 Nulla
356 2620 412 2662 fibi
435 2622 471 2655 de
479 2624 720 2666 multiplicatione
734 2632 966 2669 congregationIs
974 2627 1130 2665 synodalia

249 2673 384 2704 eoncilia
395 2670 594 2707 blandiantur
607 2697 618 2713 ‚
645 2685 736 2717 neque
748 2681 886 2709 trecentis
900 2677 961 2709 illis
976 2679 1072 2709 decem
1084 2686 1130 2710 at-

249 2733 308 2765 que
327 2722 386 2755 0620
415 2721 571 2765 Episcopi:
596 2724 809 2766 quantumltbet
841 2725 970 2768 copiofior
992 2737 1128 2760 numerus

250 2773 436 2806 sacerdotum
455 2773 507 2806 vel
523 2781 692 2815 comparare
711 2773 746 2818 se
763 2777 876 2809 audeat
895 2778 948 2809 vel
958 2776 1127 2818 praeferre,

251 2831 319 2855 cum
339 2829 422 2854 tanto
432 2824 591 2857 Divinitas
615 2824 773 2868 privilegio
793 2829 926 2859 Nicaena
939 2825 980 2868 fit
1002 2829 1128 2865 synodus

252 2868 414 2912 consecrata
424 2895 435 2911 ‚
459 2882 492 2905 ut
508 2872 571 2915 five
577 2882 635 2915 per
645 2881 794 2915 pauciores
807 2899 817 2915 ,
821 2875 886 2917 five
890 2885 946 2918 per
956 2878 1059 2919 plures
1072 2881 1129 2910 Ec·

252 2917 519 2961 tlelt'asttcaJudtct'a
530 2923 709 2958 celebrentur
720 2949 731 2965 ,
757 2931 835 2958 omni
842 2927 963 2968 penitas
973 2927 1129 2960 auetorita-

254 2967 329 3012 tefit
339 2980 466 3003 vacuum
477 2993 488 3010 ,
512 2973 659 3015 quidquid
666 2975 704 3007 ab
721 2975 837 3008 illorum
839 2975 939 3017 fuerit
955 2976 1132 3016 constitutio-

258 3017 451 3061 nediversum
463 3045 470 3052 .
498 3020 641 3058 Proinde
660 3024 694 3057 &
712 3023 802 3059 hunc
822 3027 1004 3068 praesentem
1022 3026 1130 3062 Cano-

252 3078 333 3103 nem
345 3069 466 3111 semper
486 3071 637 3106 refutavit
651 3073 792 3109 Ecclesia
803 3075 954 3111 Romana
967 3102 975 3110 .

307 3118 389 3152 Haec
404 3118 499 3153 verba
513 3142 523 3159 ‚
546 3122 577 3153 51'
589 3120 742 3164 quisquam
753 3128 896 3168 Princeps
914 3133 1058 3161 inventus
1063 3128 1132 3170 fue-

207 3191 210 3192 ν
256 3173 299 3203 rit
320 3167 530 3210 hocprohibere
544 3193 554 3209 ‚
579 3178 771 3207 communione
778 3181 940 3216 privetur,
968 3177 1131 3220 impetunt

251 3217 379 3252 Leonis
394 3217 493 3253 Isauri
517 3220 551 3254 ὅ(
576 3221 788 3257 Constantini
811 3225 1006 3267 Copronimi
1020 3227 1130 3272 Augu·

245 3267 378 3317 ‘storum
397 3268 431 3303 in
456 3268 712 3305 Ecclefiasticam
734 3271 917 3309 libertatem
940 3275 1132 3319 violentias,

252 3318 480 3362 arrogantium
504 3318 564 3352 sibi
602 3321 714 3358 onmia
750 3319 894 3356 humana
928 3324 963 3358 ἀ
989 3326 1131 3361 Divina.

255 3365 365 3402 Etiam
377 3369 461 3412 apud
476 3380 535 3403 nos
546 3369 706 3411 Latinos,
732 3371 889 3407 Romano
909 3373 1133 3417 imperioexu·

253 3424 330 3459 tot,
355 3429 393 3453 ac
413 3417 472 3453 sub
492 3419 715 3462 Francorum,
741 3420 1038 3468 Burgundionum,
1065 3426 1135 3461 Go-

1189 2275 1396 2317 desiderandus
1410 2300 1420 2315 ,
1446 2285 1480 2308 ut
1490 2273 1604 2316 ipfiper
1617 2288 1670 2309 nos
1683 2276 1785 2310 urbem
1797 2277 1859 2309 orbi
1871 2277 2075 2311 venerabilem

1186 2334 1240 2367 pro
1267 2325 1470 2368 dependendis
1494 2325 1635 2358 humanis
1663 2325 1844 2370 Drvmtsque
1870 2334 2073 2367 expeteremus

1189 2377 1303 2418 officiis.
1330 2377 1390 2408 sed
1402 2380 1471 2417 quia
1484 2374 1635 2415 istudjam
1647 2377 1759 2409 dudicm
1767 2386 1821 2418 per
1845 2383 1989 2410 rationem
2001 2387 2076 2410 tem-

1186 2435 1290 2468 porum
1296 2424 1361 2466 fleri
1375 2426 1450 2467 posse
1460 2424 1578 2467 cessavit
1590 2449 1600 2465 ‚
1628 2426 1794 2466 vellemus,
1820 2428 1901 2469 quod
1912 2426 2076 2469 fatendum

1189 2475 1250 2516 est,
1277 2478 1329 2508 vel
1348 2478 1380 2508 εό
1396 2473 1565 2516 securitatis
1588 2478 1722 2511 accedere
1747 2501 1756 2516 ,
1781 2485 1817 2508 ut
1845 2489 1913 2519 quae
1931 2483 1963 2509 tn
1986 2476 2075 2520 causa

1188 2532 1333 2559 communi
1352 2524 1516 2567 supplicari
1534 2533 1643 2566 oportet
1658 2550 1669 2565 ,
1695 2529 1870 2568 Amplitudo
1892 2528 1989 2565 vestra
2011 2539 2080 2560 con-

1184 2583 1370 2620 gregatorum
1382 2577 1494 2607 Gallice
1506 2577 1524 2607 5
1526 2578 1694 2609 acerdotum
1720 2578 1864 2610 relatione
1874 2576 2050 2621 cognosceret
2066 2602 2074 2609 .

1192 2627 1252 2658 Sed
1269 2631 1407 2668 quoniam
1417 2625 1506 2666 hujus
1527 2636 1638 2668 quoque
1660 2639 1714 2659 nos
1727 2635 1792 2661 vote
1812 2635 1956 2668 compotes
1973 2628 2073 2659 reddit

1193 2678 1352 2709 Provincia
1357 2675 1498 2718 praefixis
1514 2687 1670 2719 regnorum
1681 2679 1883 2711 determinata
1901 2675 2049 2709 limitibus
2063 2701 2073 2716 ,

1183 2725 1313 2768 supplic}
1334 2735 1420 2768 prece
1436 2723 1522 2768 posco
1545 2750 1555 2765 ,
1580 2737 1617 2760 ne
1640 2727 1820 2760 celeberrimo
1844 2728 1955 2760 ordini
1983 2725 2075 2766 vestro

1184 2782 1300 2820 pagitm
1317 2775 1381 2810 baec
1393 2777 1515 2818 aliquod
1535 2787 1655 2810 moveat
1667 2802 1678 2817 ,
1706 2777 1789 2820 quafi
1807 2778 1845 2808 ab
1856 2787 1914 2809 uno
1933 2775 2074 2817 dic‘lata,

1180 2825 1343 2868 fasttdtum
1362 2852 1369 2859 .
1400 2826 1483 2871 Agit
1517 2827 1558 2860 de
1585 2829 1679 2861 causa
1714 2824 1900 2869 symmachi
1925 2826 2073 2860 Romani

1190 2874 1363 2911 Pontificis
1375 2901 1385 2917 ,
1412 2877 1453 2910 ab
1464 2876 1589 2910 aemulis
1609 2877 1747 2910 accusati
1771 2876 1811 2909 de
1823 2875 1918 2910 variis
1930 2901 1941 2917 ‚
1966 2876 1999 2910 dc
2017 2887 2074 2919 po-

1190 2926 1295 2960 stulati
1320 2926 1361 2960 ad
1382 2924 1672 2971 degradationem,
1698 2927 1715 2958 a
1742 2924 1880 2960 laudatis
1904 2926 2074 2960 Romano-

1190 2986 1261 3009 rum
1274 2976 1485 3012 senatoribus
1496 2975 1798 3022 rogatusjudicium
1812 2977 1915 3010 totius
1927 2975 2072 3015 Ecclefie

1191 3025 1386 3061 Gallicanae.
1858 3070 1862 3073 η

1240 3076 1431 3118 Respondet
1444 3076 1567 3109 sanstus
1582 3075 1761 3121 Episcopus
1772 3077 1812 3111 ab
1823 3078 1933 3112 everso
1945 3078 1980 3112 in
1991 3077 2072 3112 Gal-

1193 3126 1245 3160 liis
1260 3125 1415 3160 Romano
1425 3125 1565 3168 Imperio
1577 3127 1757 3170 graviffime
1769 3128 1870 3161 laesam
1882 3129 1944 3162 eise
1961 3127 2074 3163 Eccle-

1192 3175 1348 3210 fiasticam
1370 3176 1550 3209 libertatem
1573 3199 1584 3215 ,
1608 3175 1804 3222 adducitque
1826 3179 1894 3212 duo
1920 3177 2070 3212 vulnera.

1195 3226 1341 3259 Primum
1354 3226 1415 3259 effe
1423 3224 1505 3260 dicit
1518 3225 1648 3260 obicem
1659 3227 1883 3263 Romanarum
1894 3228 1935 3263 ad
1947 3228 2069 3271 judicia

1193 3277 1226 3309 &
1248 3275 1661 3318 synodosevocationum,
1687 3279 1728 3312 de
1739 3278 1857 3322 quibus
1867 3279 1908 3313 ad
1922 3279 2068 3316 AEtium,

1195 3325 1360 3368 utriusque
1380 3326 1413 3359 in
1432 3325 1542 3360 Gallia
1564 3328 1688 3361 militiae
1710 3329 1927 3373 Magistrum,
1954 3327 2068 3360 Theo-

1183 3375 1302 3410 ,dofius
1316 3375 1473 3410 secundus
1492 3376 1527 3410 ἀ
1538 3375 1793 3412 Valentinianus
1810 3379 1922 3412 tertius
1932 3377 2069 3417 Impera-

1195 3434 1280 3460 tores
1301 3450 1311 3467 ‚
1336 3425 1377 3460 de
1396 3425 1514 3460 Sancto
1537 3425 1671 3464 Hilario
1693 3428 1928 3463 Arelatenfium
1952 3422 2067 3458 Archi·

1854 3475 2017 3519 Episcopo

2099 2233 2183 2285 fipist.
2194 2245 2219 2267 ι.
