2340 3762
86 299 160 338 Cap·
171 308 217 337 23.

81 887 164 926 Epist.
170 901 186 926 4
191 900 215 928 7.

718 154 779 184 ne
815 154 990 184 sext-A
1026 137 1267 182 SYNono
1302 148 1619 181 GENERALI.

1933 151 1995 197 43

261 237 316 261 rus
324 225 424 261 fidem
435 228 524 261 suam
534 237 572 260 ac
583 223 844 269 pradicationem
855 247 864 263 ‚
890 222 1075 266 accepitque
1085 220 1126 255 ab
1189 218 1344 260 ceterisque
1356 217 1531 261 quibusdam
1540 219 1649 252 libellos
1660 222 1779 263 exegiffe
1790 221 1823 254 bt
1833 247 1844 262 ‚
1870 226 1920 264 qui
1944 218 2066 262 Episco-

256 276 324 311 illis
332 276 499 311 dexteram
514 289 521 308 :
551 278 689 319 signum,
704 276 810 316 inquit
822 276 856 308 in
871 273 954 307 libro
968 272 1125 314 Praescrip

247 325 388 360 -tionum
410 326 654 365 Tertullianus,
687 326 833 366 concordie
853 327 887 358 o·
908 327 1128 362 convenientis,

258 373 294 410 id
315 375 386 417 est,
423 378 636 419 Episcopatus
662 387 758 418 atque
783 374 994 417 Apostolatus
1012 372 1128 407 confir-

255 426 456 461 mationem.
483 423 782 468 HincApostolico
795 422 962 458 adversum
988 424 1126 456 Arianos

254 474 415 517 Nimim,
440 475 577 510 Nicaeno
597 475 759 517 Symbolo
781 473 947 508 adversum
972 471 1127 508 Macedo-

253 525 500 569 *nianostatque
537 525 785 568 Apollinaristas
810 521 935 557 addidit
973 522 1125 566 Synodus

254 574 642 619 Constantinopolitana.
671 575 714 609 Et
723 575 764 610 de
785 573 917 610 laudato
940 571 1125 607 Constanti-

254 624 452 668 nopolitano
476 624 656 668 Symbolo,
681 625 797 658 saneto
819 622 967 656 Proterio
992 622 1124 656 Patriar·

254 673 317 708 cha
328 673 557 710 Alexandrino
568 700 578 716 ,
589 686 626 708 ac
638 673 848 719 AEgyptiacae
858 673 1032 715 Dieceseos
1050 671 1125 714 Epi-

253 723 360 768 scopis
386 723 643 769 Eutychianistis
664 723 771 758 scribit
783 721 823 757 ad
834 723 981 756 Leonem
1008 722 1124 766 Augu-

252 772 362 814 stum,
387 775 423 808 in
445 775 559 810 litteris
579 774 650 818 post
676 773 848 817 synodum
873 771 1120 806 Chalcedonen-

254 824 321 858 sem
340 824 562 863 exstantibus,
589 823 750 866 Evoptius
774 823 960 865 Cyzicenus
994 821 1126 864 Episco—

253 884 339 917 pm,
366 873 579 916 Metropolita
610 873 841 916 Hellesponti.
879 875 962 905 Hanc
981 872 1125 910 synodum

253 925 407 955 Proto-rsus
419 923 627 964 Alexandriae
639 927 777 955 civitatis
793 920 954 965 Episcopus
977 923 1038 955 unc?
1059 932 1125 954 cum

252 977 297 1006 eis
301 969 426 1015 presens
432 972 569 1014 firmavit
580 996 588 1004 .
614 972 743 1016 Nempe
754 970 823 1014 ejus
836 971 1027 1006 Anteceffor
1039 995 1049 1011 ‚
1061 971 1131 1007 Eu-‚

252 1020 460 1065 tychianae&
479 1024 618 1067 personae
638 1022 672 1057 δε
683 1021 824 1066 perfidiae
844 1021 1012 1061 defensor,
1039 1021 1124 1054 Dio—

254 1072 366 1106 scorus
387 1071 582 1116 Symbolum
616 1072 1023 1115 Constantinopolitanum
1055 1071 1127 1114 reje-

251 1131 359 1161 cerat,
383 1121 522 1168 idedque
531 1123 598 1166 ejus
608 1122 932 1157 succeffor&omnes
946 1134 1000 1166 per
1014 1120 1123 1166 AEgy-

239 1181 347 1215 ⁴ptum
358 1172 508 1217 Episcopi
518 1174 607 1208 fuere
616 1173 773 1215 compulsi
785 1172 891 1215 ipsum
913 1171 948 1207 in
975 1173 1027 1205 sua
1047 1177 1126 1206 con-

239 1221 430 1257 -secratione
439 1223 603 1267 profiteri.
631 1222 675 1256 Et
697 1222 733 1256 in
756 1220 843 1256 libro
866 1221 1021 1257 adversus
1046 1221 1123 1255 Mo-

77 1924 236 1965 L3.Ep·2.

81 2789 177 2821 1..6.c.
190 2797 235 2830 35.

248 1272 385 1306 cianum
404 1272 514 1307 scribit
536 1272 711 1307 Facundus
728 1271 973 1306 Hermianensis
995 1270 1124 1314 Episco-

249 1332 310 1364 pus
319 1322 362 1356 de
380 1322 507 1357 Acacio
531 1319 716 1356 Patriarcha
733 1320 1122 1362 Constantinopolitano.-

247 1373 386 1405 Mortuus
395 1382 506 1414 quoque
521 1379 579 1413 per
588 1370 699 1406 libellos
717 1370 948 1402 ordinandorum
968 1366 1112 1410 Episcopo

241 1428 315 1452 oum
324 1418 497 1458 nuncusque
506 1421 670 1450 damnatus
680 1417 718 1454 est
731 1440 738 1447 .
765 1417 855 1461 Qia
877 1414 1027 1448 videlicet
1049 1415 1121 1457 post

248 1465 467 1509 compositum
492 1465 561 1509 ejus
587 1463 724 1499 schisma
760 1464 927 1498 neminem
939 1488 949 1504 ‚
977 1462 1036 1498 nisi
1063 1464 1120 1506 qui

246 1514 670 1560 ejusdemnomen&opera
693 1512 843 1556 ejeraret,
867 1514 1011 1548 ordinari
1034 1512 1121 1556 apud

242 1565 383 1600 -Graecos
393 1565 593 1610 Episcopum
603 1563 744 1609 permisit
756 1563 911 1598 Pontifex
923 1563 1100 1598 Hormisda
1114 1587 1120 1594 .

248 1615 363 1660 Pergit
373 1616 566 1651 Facundus:
595 1615 750 1658 Postquam
761 1620 900 1658 contigit,
926 1622 958 1647 ut
971 1620 1003 1646 in
1012 1613 1120 1647 libellis

247 1664 313 1709 ficis
335 1666 493 1699 ordinandi
524 1664 663 1708 Epist-opi
689 1664 870 1698 Theodorum
894 1662 1122 1707 Mopsueflenum

249 1726 316 1749 cum
320 1713 385 1759 suis
396 1715 583 1759 dogmatibus
595 1739 608 1756 ,
633 1717 667 1750 (9
679 1714 842 1756 Epssolam
852 1714 902 1755 Ibe
911 1715 945 1747 &
956 1712 1123 1747 Theodorett

243 1762 364 1808 vscripta
377 1766 554 1798 damnarent
566 1787 574 1797 .
601 1764 733 1808 Utique
752 1764 834 1807 jussu
855 1763 1030 1807 Iustiniani
1057 1762 1123 1797 Au-

252 1813 357 1858 gusti.
386 1815 429 1849 Et
464 1815 505 1850 ad
531 1814 764 1850 Constantium
789 1811 893 1847 Archi
905 1831 915 1838 -
926 1813 1123 1857 Episcopum

252 1863 538 1901 Mediolanensem
559 1864 669 1899 scribit
689 1865 819 1899 Sanctus
849 1863 1030 1908 Gregorius
1050 1862 1123 1895 Ma-

250 1925 352 1960 gnus.
380 1916 503 1959 Deceffor
515 1919 733 1950 Fraternitatis
756 1922 806 1956 tuq
828 1917 1008 1947 Laurentius
1029 1913 1062 1944 di
1085 1918 1124 1945 ri-

251 1963 413 2008 dirissimam
423 1964 465 2001 de
473 1965 670 2001 observanda
683 1964 797 2010 quinta
809 1963 946 2007 synodo
966 1963 1000 1997 δε
1023 1964 1121 1997 trium

251 2014 481 2058 capitulorum
492 2014 703 2052 damnatione
713 2019 873 2049 cautionem
881 2015 949 2047 Sedt
972 2011 1123 2055 apostolice

251 2063 343 2105 emisit
355 2088 365 2104 ‚
392 2070 423 2098 in
446 2077 503 2107 qua
531 2072 593 2099 viri
613 2064 784 2108 nobilissimi
805 2066 839 2099 (9
859 2064 987 2109 legitimo
1006 2073 1124 2096 nutriero

247 2111 483 2157 subftripserunt
492 2140 499 2147 .
526 2118 607 2150 Inter
617 2127 691 2159 quos
704 2127 753 2160 ego
762 2125 870 2158 quoque
879 2123 950 2148 tunc
970 2113 1122 2147 Urbanam

252 2165 652 2208 Prfturamgerenspariter
665 2164 834 2209 subscripfi.
869 2167 955 2208 ,Quia
968 2163 1122 2206 postquam

251 2214 324 2245 talis
330 2211 449 2256 ftiffura
454 2223 510 2257 pro
523 2216 603 2249 nulla
613 2227 644 2249 re
654 2216 744 2257 falla
753 2215 790 2253 est
801 2239 812 2255 ,
830 2213 1018 2255 justumfuit
1030 2223 1064 2247 ut
1073 2216 1094 2247 5
1094 2226 1123 2248 e-

254 2263 308 2296 des
320 2262 472 2304 Apostolica
482 2276 582 2298 curam
589 2273 703 2309 gereret
714 2290 724 2305 ‚
747 2265 891 2307 quatenus
902 2269 1048 2298 unitatem
1057 2270 1122 2297 uni-

251 2310 378 2355 versalis
388 2313 510 2356 Ecclefif
530 2321 563 2348 in
580 2317 765 2349 sacerdotum
783 2314 931 2348 mentibus
948 2322 1005 2356 per
1025 2320 1123 2348 omnia

250 2360 421 2401 custodiret.
447 2363 590 2398 Plurima
604 2364 759 2399 habemus
773 2363 930 2408 ejusmodi
952 2364 1100 2409 exempla
1114 2378 1120 2397 :

250 2411 334 2457 Quae
343 2411 376 2445 ὅ(
387 2410 529 2448 haeretici
548 2425 646 2458 atque
659 2413 853 2449 schismatici
867 2426 924 2459 pro
934 2416 981 2448 sui
1006 2416 1123 2449 furoris

251 2460 399 2495 custodia
419 2463 493 2497 sunt
514 2464 670 2499 aemulati.
697 2464 881 2513 Qomodo
901 2464 1042 2498 Photius
1064 2465 1123 2499 Ec-

251 2509 352 2544 clesiae
362 2511 735 2558 Constantinopolitanae
755 2515 896 2549 intrusus
914 2514 1040 2549 adulter
1060 2513 1121 2549 hac

247 2558 288 2593 in
300 2559 457 2596 violentia
467 2564 634 2598 excesserit
643 2589 654 2605 ,
680 2565 850 2599 audiemus
862 2564 942 2599 infra
956 2565 975 2598 a
987 2564 1122 2607 Synodo

251 2610 362 2644 octava
374 2635 382 2642 .
410 2611 452 2646 Et
463 2613 550 2656 apud
562 2613 740 2648 Eusebium
753 2614 982 2649 Caesareensem
1003 2615 1038 2648 in
1064 2615 1123 2648 Ec-

249 2657 422 2696 clefiastica
433 2660 568 2697 historia
579 2663 687 2698 scribit
699 2665 738 2698 ad
749 2664 889 2698 Fabium
904 2663 1121 2698 Patriarcham

249 2706 501 2746 Antiochenum
512 2713 645 2747 sanstus
654 2713 829 2748 Cornelius
842 2714 997 2748 Pontifex
1010 2715 1044 2748 δε
1055 2714 1121 2757 ejus

249 2758 404 2794 Romana
419 2762 571 2804 Synodus
590 2763 630 2796 de
653 2764 867 2803 Novariam,
891 2762 998 2797 rebelli
1027 2773 1121 2807 atque

249 2807 456 2849 schismatico
478 2811 662 2857 Anti-Papa
674 2837 682 2845 .
709 2814 785 2847 Cum
797 2813 911 2857 feciffet
941 2813 1097 2848 oblationes
1110 2840 1120 2854 ,

252 2857 409 2902 &fingulis
416 2870 537 2903 partem
548 2863 733 2906 distribulffi't
745 2888 756 2902 ‚
782 2862 898 2906 miseros
911 2863 1042 2897 homines
1061 2873 1119 2906 pro

254 2905 446 2945 benedictione
457 2914 662 2956 &gratiarum
681 2914 794 2947 aaroni
805 2915 1024 2955 jusjurandum
1047 2916 1119 2948 dare

254 2962 356 2999 uegit:
384 2964 476 3003 Atque
479 2960 542 3004 suls
552 2962 682 3006 utrisque
691 2963 829 2996 manibus
846 2976 956 2998 manus
976 2970 1117 3006 accipien-

256 3011 298 3037 tis
307 3007 494 3047 prehendens
507 3023 563 3044 non
570 3014 656 3054 prius
677 3013 782 3054 dimifit
792 3038 803 3053 ,
829 3024 918 3054 quam
938 3014 989 3047 boc
999 3016 1117 3055 jureju-

253 3056 350 3088 rando
358 3068 422 3090 eum
432 3060 620 3105 obstrinxffet
632 3064 730 3101 (illius
742 3070 821 3097 enim
833 3063 933 3098 verbis
945 3073 1017 3097 utar
1026 3066 1117 3105 >jura

252 3102 330 3136 mibi
345 3113 400 3147 per
421 3113 534 3151 Corpus
557 3113 591 3145 (9
609 3115 786 3156 sanguinem
805 3115 923 3146 Domini
936 3113 1022 3153 nostri
1034 3115 1064 3156 J
1068 3113 1116 3157 esu

251 3152 382 3197 Christi,
406 3165 435 3190 te
459 3170 610 3201 nunquam
624 3174 669 3195 me
687 3161 888 3206 deserturum,
914 3175 966 3200 nec
987 3163 1112 3207 reversu-

251 3214 320 3238 rum
330 3206 373 3237 ad
382 3209 548 3241 Cornelium
558 3233 565 3241 .

299 3253 424 3290 Eadem
436 3257 467 3289 in
480 3259 672 3294 miserandas
680 3260 851 3297 hominum
861 3263 987 3298 animas
995 3264 1117 3299 violen-

249 3303 297 3337 tia
309 3305 352 3338 usi
363 3306 436 3340 sunt
449 3307 482 3341 ὃ(
493 3307 721 3344 Monothelitae
731 3335 743 3350 ‚
769 3312 809 3345 de
828 3324 889 3356 qua
902 3313 1114 3357 gloriosissimi

247 3352 371 3397 judices
383 3354 492 3390 dixere
500 3356 541 3392 ad
553 3358 692 3393 sanstam
714 3361 904 3403 Synodum.
931 3365 962 3395 si
975 3365 1114 3397 videntur

245 3401 297 3447 seu
316 3403 356 3438 ab
384 3405 536 3449 Epistopts
551 3433 562 3449 ‚
583 3406 635 3451 ssu
656 3411 829 3449 aderitis,
856 3412 906 3446 vel
914 3414 934 3445 ᾶ
946 3413 1117 3452 Monachu,

310 3485 315 3490 .
345 3453 634 3502 christ.Lup1·oper.
647 3461 724 3495 Tom.
737 3464 789 3493 111.

1184 278 1292 310 patum
1298 270 1442 313 gefferunt
1452 268 1538 310 hujus
1549 271 1569 301 ἃ
1582 272 1643 303 Deo
1652 269 1855 313 conservande
1866 275 1955 315 Regie
1965 270 2064 308 urbis,

1188 321 1224 352 de
1237 332 1297 352 una
1307 326 1472 361 operatione
1493 321 1527 353 (9
1539 330 1600 352 una
1610 321 1764 352 voluntate
1776 344 1786 359 ‚
1814 321 1864 362 hec
1885 329 1975 354 etiam
1993 327 2061 361 pre-

1187 371 1319 401 vidimus
1332 394 1342 407 ,
1367 378 1399 401 ut
1423 372 1561 412 Georgius
1595 373 1656 404 Deo
1685 370 1825 402 amabilis
1859 375 2006 402 Diaconus
2027 370 2062 402 (Ὗ

1187 417 1407 459 chartophylax
1430 422 1474 452 ad
1491 421 1619 452 medium
1653 421 1828 453 indiminute*
1852 421 2001 458 deducat,
2026 419 2061 452 ὁ·

1187 467 1252 511 ipsa
1263 466 1423 511 sistendum
1427 469 1576 508 judicium
1581 469 1602 512 s
1599 470 1680 503 anaqi
1691 470 1779 510 vestri
1792 470 1913 502 Concilit'
1925 472 2064 501 extermi-

1186 524 1233 551 nio
1242 519 1455 551 contradantur
1468 540 1476 548 .
1504 518 1608 551 Porro
1621 522 1726 554 varios
1747 521 1910 554 variorum
1930 517 2060 552 libellos

1186 567 1342 610 ejusmodi
1364 568 1398 600 &
1421 564 1548 600 chartas
1571 567 1725 611 produxit
1748 570 1934 614 GeorgiuS,
1961 577 2061 611 atque

1185 617 1334 661 Synodus
1348 616 1391 651 ita
1404 617 1631 660 pronunciavit
1644 643 1651 649 .
1679 623 1879 661 Cognitionem
1889 624 2060 660 accipientes

1180 669 1362 709 prolatorum
1386 667 1469 700 nobis
1493 666 1656 700 libellorum
1675 676 1764 710 atque
1783 668 1954 702 chartarum
1967 693 1977 709 ‚
1996 666 2061 708 five

1186 719 1309 751 aliorum
1321 715 1535 759 opusculorum,
1554 723 1747 760 comperimus
1762 724 1795 750 in
1805 730 1896 750 unam
1915 719 2063 751 eamdem

1186 780 1241 810 que
1252 773 1433 810 impietatem
1442 778 1627 801 concurrere:
1654 771 1701 801 Et
1708 769 1894 810 previdimus
1916 766 1967 808 hec
1989 776 2066 799 tam-

1186 830 1275 860 quam
1280 817 1414 860 profana
1426 819 1460 850 (9
1470 823 1568 858 anime
1575 816 1741 861 perniciosa
1762 819 1898 851 continuo
1919 816 1955 849 ob
1963 816 2068 857 perfe-

1185 868 1263 900 t7um
1286 873 1493 900 exterminium
1514 873 1581 910 igne
1603 873 1795 904 concremari.
1823 866 1963 902 Addunt
1982 864 2064 900 Αέὶα

1186 918 1354 961 synodalia
1367 930 1378 949 :
1404 921 1450 950 Et
1461 917 1607 958 combusta
1609 921 1688 965 sunt
1699 945 1707 953 .

1236 968 1315 1001 Post
1327 966 1391 1001 haec
1401 967 1618 1012 gloriosissimi
1632 968 1757 1012 judiees
1778 970 1929 1005 discussas
1951 967 2062 1002 volue-

1185 1028 1260 1051 runt
1283 1027 1399 1052 omnes
1420 1017 1550 1061 penitus
1571 1018 1734 1055 schismati
1756 1019 1834 1055 huic
1866 1018 2061 1055 commixtas

1186 1069 1354 1110 personas.
1385 1067 1428 1101 Et
1465 1066 1602 1102 merito.
1639 1068 1814 1114 Purganda
1839 1070 1931 1103 enim
1967 1077 2062 1103 erant

1184 1116 1354 1163 Dypticha
1366 1118 1586 1153 Ecclefiaflica
1601 1142 1613 1159 ,
1638 1118 1657 1152 ὲ
1668 1119 1784 1163 quibus
1798 1130 1894 1154 nemo
1905 1116 2063 1152 orthodo-

1185 1179 1244 1202 xus
1282 1169 1484 1212 Episcopus,
1510 1170 1685 1212 praesertim
1728 1169 1938 1209 Patriarcha,
1975 1166 2064 1201 eradi

1186 1219 1279 1262 possit
1291 1220 1356 1254 sine
1376 1219 1563 1264 gravissima
1584 1218 1726 1262 injuria,
1752 1219 1862 1255 nullus
1897 1217 2064 1253 haereticus

1185 1269 1343 1310 inscribi,
1369 1278 1426 1303 aut
1453 1270 1625 1313 inscriptus
1643 1270 1783 1314 relinqui
1803 1271 1871 1304 fine
1891 1267 2062 1303 fadissima

1185 1319 1312 1352 macula
1325 1342 1336 1358 ‚
1362 1320 1466 1352 immo
1479 1319 1574 1361 plena
1586 1322 1750 1355 eversione
1772 1318 1953 1354 Catholicae
1974 1329 2064 1352 com-

1183 1368 1375 1408 munionis,
1397 1367 1439 1402 de
1476 1378 1538 1410 qua
1575 1367 1616 1402 ad
1643 1369 1851 1405 Anastafium
1871 1368 2060 1412 Augustum

1184 1415 1291 1447 scribit
1305 1417 1429 1448 sanctus
1441 1416 1599 1449 Pontifex
1620 1418 1784 1450 Gelasius.
1804 1416 1969 1461 ,Postquam
1994 1421 2068 1450 Aca·

1183 1467 1244 1495 cius
1265 1462 1656 1507 constantinopolitanus
1670 1466 1848 1510 Episcopus
1859 1472 2066 1500 communionis

1183 1511 1221 1552 est
1229 1511 1334 1554 fadus
1349 1515 1455 1548 alienae
1466 1538 1477 1553 ,
1505 1526 1564 1547 non
1569 1523 1670 1556 potuit
1690 1516 1772 1558 m'fiti
1784 1516 1934 1559 Catholth
1945 1519 1980 1551 (9
1992 1522 2067 1558 Apo-

1176 1562 1273 1605 stolice
1282 1575 1349 1596 mox
1354 1563 1492 1607 societate
1506 1566 1623 1606 pret-idi
1632 1591 1644 1606 ‚
1672 1578 1707 1599 ne
1712 1576 1769 1609 per
1780 1578 1844 1600 eum
1858 1592 1869 1607 ,
1889 1567 1920 1610 fi
1926 1570 1979 1601 vel
1991 1575 2072 1609 pau-

1182 1612 1273 1646 lulum
1284 1614 1450 1656 ceffaremus
1463 1638 1475 1654 ‚
1500 1625 1552 1649 nos
1565 1627 1677 1659 quoque
1688 1619 1861 1650 videremur
1864 1615 1983 1660 subjtffe
2001 1629 2065 1651 con·

1185 1669 1268 1706 tagla
1286 1664 1465 1706 perfidorum
1490 1691 1496 1697 .
1525 1663 1733 1701 Acacianum
1755 1665 1893 1701 schisma
1917 1666 2002 1702 haesit
2029 1668 2064 1701 in

1185 1712 1321 1752 Aeacii,
1350 1714 1491 1748 Eufemii
1509 1737 1520 1753 ,
1543 1726 1581 1748 ac
1605 1715 1796 1750 Macedonii
1820 1717 1976 1758 secundi,
2004 1717 2065 1751 Re-

2086 1385 2171 1426 epist.
2183 1390 2210 1416 8.

1184 1765 1244 1808 giae
1265 1763 1410 1798 civitatis
1434 1764 1670 1808 Episcoporum
1695 1766 1861 1810 personis,
1888 1777 1967 1811 quas
1989 1779 2069 1801 con·-
2087 1779 2092 1788 ’

1184 1814 1285 1848 stabat
1314 1813 1407 1846 fuisse
1428 1814 1632 1858 nequaquam
1656 1813 1841 1858 haereticas,
1881 1816 1934 1852 sed
1974 1816 2064 1852 Petri

1183 1863 1353 1898 dumtaxat
1367 1864 1465 1908 Mogi
1483 1865 1612 1899 Pseudo
1626 1864 1822 1902 Patriarchae
1843 1866 2063 1902 Alexandrini

1183 1926 1221 1949 ac
1240 1913 1378 1949 aliorum
1399 1913 1727 1956 Eutychianistarum
1748 1916 1898 1953 haeretica
1918 1929 2066 1953 commu-

1187 1966 1286 1999 nione
1298 1963 1456 2007 pollutas.
1484 1965 1608 2000 Eorum
1625 1968 1759 2002 nomina
1783 1967 1971 2003 Anastasius
1993 1969 2063 2003 Au·

1183 2014 1340 2060 gustus&
1361 2013 1490 2057 plurimi
1503 2016 1690 2051 Graecorum
1706 2017 1858 2061 Episcopi
1882 2019 2066 2062 relinquen·

1183 2064 1224 2099 da
1249 2063 1400 2099 volebant
1424 2064 1653 2107 dispensatorie
1677 2067 1709 2100 in
1734 2068 1826 2102 fieris
1849 2068 2063 2103 Ecclesiarum

1184 2114 1325 2154 tabulis,
1352 2113 1513 2151 refutabat
1527 2117 1604 2150 vei-6
1631 2118 1888 2152 constantissime
1910 2118 2063 2153 Romana

1186 2165 1348 2206 Ecclesia,
1376 2164 1462 2209 quod
1480 2178 1547 2202 non
1573 2165 1702 2202 tantum
1728 2180 1802 2202 cum
1827 2168 1984 2203 damnato
2007 2167 2065 2203 ho-

1185 2215 1272 2250 mine
1287 2216 1361 2249 vivo
1374 2239 1384 2254 ‚
1411 2217 1461 2250 sed
1476 2218 1508 2250 ἃ
1519 2229 1593 2251 cum
1608 2217 1764 2252 damnato
1790 2219 1935 2254 defuncti
1957 2220 2063 2253 nomi-

1186 2277 1225 2301 ne
1240 2265 1319 2300 inita
1331 2268 1522 2302 communio
1535 2268 1568 2304 fit
1580 2268 1618 2302 ad
1634 2267 1733 2303 instar
1757 2270 1847 2305 versa:
1862 2270 1894 2303 in
1912 2280 2062 2305 naturam

1184 2316 1275 2361 leprae
1289 2318 1479 2362 contagiosa
1493 2343 1504 2359 ‚
1529 2319 1677 2365 adeoque
1692 2321 1781 2364 quod
1799 2321 1849 2355 isti
1862 2332 1917 2363 per
1929 2321 2063 2355 damna-

1184 2380 1215 2402 ta
1238 2367 1398 2421 dictorum
1414 2367 1650 2412 Episcoporum
1674 2371 1807 2405 nomina
1830 2371 1974 2414 polluere
1997 2371 2063 2405 vel-

1185 2419 1253 2452 lent
1285 2419 1464 2452 universam
1500 2419 1557 2454 sub
1590 2420 1673 2455 coelo
1711 2420 1884 2456 Ecclesiam
1915 2444 1925 2459 ‚
1960 2420 2062 2455 etiam

1184 2478 1282 2511 quam
1302 2468 1545 2503 immaculatam
1575 2471 1696 2514 semper
1717 2472 1789 2505 fore
1824 2471 1969 2514 promisit
1995 2472 2066 2505 Do-

1183 2519 1291 2551 minus
1302 2542 1313 2558 ,
1339 2515 1537 2552 Cathedram
1550 2519 1735 2554 Romanam
1747 2546 1754 2553 .
1784 2521 1828 2555 Et
1850 2533 1891 2555 ex
1902 2518 1967 2555 hoc
1982 2521 2065 2565 prin-

1183 2568 1276 2612 cipio
1312 2566 1478 2602 furibundi
1512 2570 1694 2604 Donatista:
1729 2568 1852 2605 Christi
1896 2571 2063 2611 Domini,

1184 2629 1282 2661 quam
1301 2627 1373 2652 toto
1393 2617 1472 2652 orbe
1495 2628 1648 2654 terrarum
1675 2620 1732 2654 ille
1751 2621 1905 2660 diffudit,
1935 2621 1969 2654 &
1991 2622 2062 2654 fore

1184 2670 1306 2712 semper
1316 2668 1466 2703 diffusam
1492 2669 1686 2713 spopondit,
1714 2668 1932 2707 hereditatem
1951 2670 2061 2705 dixere

1183 2720 1377 2752 contrastam
1388 2718 1428 2752 ad
1447 2717 1550 2753 solam
1572 2720 1607 2753 in
1631 2719 1744 2755 Africa
1766 2730 1888 2765 partem
1908 2721 2060 2760 Donati,

1183 2767 1271 2813 quod
1286 2769 1355 2802 aliae
1363 2779 1478 2803 omnes
1487 2779 1601 2813 gentes
1615 2770 1808 2805 Christianae
1818 2797 1828 2811 ,
1853 2771 1954 2804 etiam
1967 2770 2059 2814 Apo,—

1184 2818 1296 2852 stolica
1308 2818 1422 2858 Sedes,
1450 2819 1618 2853 Caeciliani
1634 2819 1902 2865 Carthaginenfis
1925 2820 2058 2863 Episco·

1182 2868 1356 2912 pipollutae
1366 2869 1505 2912 personae
1518 2879 1574 2903 aut
1598 2871 1728 2904 nomini
1749 2869 1944 2915 contagiose
1966 2881 2057 2904 com-

1182 2919 1395 2952 municaffent
1407 2943 1415 2951 .
1442 2918 1537 2953 Hinc
1550 2919 1629 2954 item
1644 2919 1871 2954 Tertullianus
1891 2921 1925 2955 ὅ(
1944 2920 2058 2955 Nova-

1181 2970 1286 3003 tianus
1297 2968 1475 3003 insanivere
1488 2968 1677 3004 Romanam
1690 2994 1700 3008 ,
1725 2981 1923 3014 omnemque
1938 2969 1985 3003 illi
2003 2970 2057 3005 ad-

1182 3017 1353 3052 haerentem
1375 3018 1578 3059 Ecclesiam,
1610 3018 1738 3053 maechis
1771 3031 1810 3055 ac
1832 3021 1945 3063 lapsis,
1975 3030 2056 3063 quos

1180 3068 1445 3102 reconciliatione
1470 3077 1626 3102 attentata
1647 3078 1781 3113 purgare
1803 3081 1873 3104 non
1903 3080 2056 3112 poterat,

1178 3118 1457 3152 communicando
1475 3119 1537 3151 esse
1550 3128 1618 3151 non
1631 3118 1737 3152 solum
1763 3120 1978 3159 maculatam,
2002 3120 2054 3154 sed

1178 3169 1211 3203 δε
1223 3167 1347 3211 periisse
1357 3191 1365 3199 .

1227 3217 1320 3250 Hinc
1327 3214 1406 3261 ergo
1420 3225 1556 3261 pergunt
1566 3216 1787 3262 gloriosissimi
1796 3219 1922 3264 judices
1935 3245 1943 3253 .
1964 3223 1995 3253 Si
2007 3220 2051 3260 bi,

1179 3273 1229 3310 qui
1233 3266 1296 3308 post
1307 3269 1430 3305 Petrum
1432 3265 1562 3307 fuerunt
1574 3267 1711 3311 Epifi·opi
1723 3269 1813 3311 hujus
1823 3273 1844 3303 ἃ
1858 3274 1918 3304 Deo
1942 3269 2051 3313 conser-

1180 3317 1294 3350 vandae
1304 3319 1406 3359 Regiae
1420 3315 1500 3350 urbis
1509 3341 1520 3358 ‚
1545 3318 1581 3350 id
1587 3318 1625 3358 est
1637 3341 1649 3357 ‚
1675 3318 1802 3353 Thomas
1812 3344 1823 3361 ,
1841 3322 1983 3362 joannes
1995 3343 2005 3359 ,
2018 3321 2053 3352 (5·

1181 3365 1408 3406 constantinus,
1432 3367 1574 3401 videntur
1589 3366 1643 3410 seu
1662 3368 1810 3411 Epistolas
1827 3368 1889 3410 five
1902 3370 2050 3414 sermones

1180 3413 1353 3460 composuisse
1364 3417 1400 3451 de
1410 3423 1544 3451 novitate
1553 3428 1677 3460 vocum,
1703 3431 1771 3463 quae
1792 3428 1885 3463 nuper
1911 3418 1997 3458 impie*
2017 3422 2049 3451 m

1574 3467 1601 3501 F
1651 3478 1674 3503 2.
1907 3466 2003 3501 Eccle·
