2340 3762
50 1774 82 1804 1..
94 1773 205 1812 r.tit.3.

49 1821 77 1843 e.
90 1823 133 1850 ¹9⁴

48 2872 203 2907 Ep.92·c.2.

50 3142 79 3171 I..
87 3152 109 3171 r.
120 3140 204 3182 Epist.

53 3189 96 3218 50.

50 3332 205 3367 Les-anda.

52 3375 102 3412 Ep.
112 3381 158 3410 39-

606 175 912 229 Scuotns,
949 186 1012 215 ετ
1045 169 1240 216 Nor1s
1274 181 1650 216 ILLusrnArr.
1909 183 1986 235 67»

228 252 425 311 Praesulcs
458 274 558 305 cum
596 258 782 324 propriis
828 253 1051 313 uxoribus,
1099 254 1232 302 etiam
1267 252 1494 320 postquam
1530 251 1588 303 ad
1622 270 1696 301 eos
1742 255 1940 321 processit
1972 275 2041 306 or.

226 328 423 389 dinatio,
458 326 543 377 una
572 326 768 376 habitare
800 343 890 374 non
915 321 1133 383 recusant,
1169 341 1221 372 ex
1248 341 1302 372 eo
1327 324 1500 391 populis
1514 321 1823 372 offendiculum
1852 343 1897 375 et
1921 325 2037 376 scan-

226 399 375 448 dalum
406 397 626 447 afferentes
639 433 651 443 .
691 397 807 446 Cum
840 397 991 461 itaque
1019 391 1202 442 studium
1226 392 1415 442 nostrum
1453 396 1500 442 in
1536 411 1591 442 eo
1630 395 1889 462 magnopere
1920 396 2043 445 labo-

227 485 317 529 ret,
354 484 405 518 ut
428 469 576 518 omnia
599 466 654 516 ad
676 467 817 531 gregis
840 467 888 514 in
909 481 1059 514 manus
1089 464 1249 513 nostras
1277 462 1427 513 traditi
1454 462 1664 531 nobisque
1687 464 1898 514 commisfi
1922 465 2042 515 utili-

229 555 368 589 tatem
396 537 502 586 fiant
517 573 530 597 ,
566 537 693 587 nobis
720 535 854 587 visum
880 535 964 596 est,
1001 532 1050 584 u't
1070 534 1180 582 nihil
1205 531 1410 598 ejusmodi
1438 532 1642 602 deinceps
1674 535 1765 585 ullo
1788 533 1923 585 modo
1936 534 2041 585 fiat.

229 611 328 659 Hoc
350 622 496 658 autern
526 606 710 656 dicimus
734 624 823 656 non
861 606 918 654 ad
956 622 1008 655 ea
1047 602 1259 654 abolenda
1296 619 1341 653 et
1365 601 1621 662 evertenda,
1656 622 1752 669 quae
1789 604 2043 674 Apostolice

227 678 356 728 antea
381 678 614 729 constituta
648 676 768 738 sunt,
814 675 887 726 sed
911 676 1171 744 populorum
1199 673 1344 724 salutis
1380 672 1508 723 etad
1537 673 1716 722 meliora
1747 674 2047 741 progreffionis

227 766 375 798 curam
404 765 601 812 gerentes
620 784 634 807 ,
669 763 715 797 et
741 765 796 796 ne
821 747 950 796 status
975 744 1291 795 Ecclesiasticus
1327 745 1418 794 ullo
1443 742 1602 812 probro
1629 742 1868 792 afficiatur.
1916 748 2047 812 Dicit

228 821 346 868 enim
382 823 443 869 D.
483 818 738 885 Apostolus:
775 820 940 868 Omnia
964 815 1020 867 ad
1048 817 1138 864 Dei
1163 816 1347 878 gloriam
1362 814 1516 876 facite,
1558 813 1645 863 fine
1659 812 1925 865 offendiculo
1936 813 2047 864 esto-

229 905 275 938 te
321 904 368 938 et
390 885 583 954 Judaeis‚
622 903 666 935 et
703 890 890 947 Graecis,
926 902 971 936 et
996 888 1085 935 Dei
1127 884 1349 944 Ecclefiae‚
1384 882 1754 952 quemadmodum
1779 900 1825 934 et
1848 902 1931 948 ego
1954 902 2049 934 om·-

227 957 356 1007 nibus
390 960 437 1005 in
471 956 673 1006 omnibus
708 958 887 1024 placeo,
938 974 1027 1005 non
1063 973 1255 1024 quaerens
1294 971 1436 1003 meam
1475 956 1739 1015 utilitatem,
1776 953 1850 1004 sed
1886 956 2048 1004 multo-

225 1045 346 1088 rum,
382 1042 431 1078 ut
461 1026 678 1077 serventur
693 1063 706 1075 .
743 1029 987 1078 Imitatores
1015 1029 1102 1078 mei
1127 1024 1283 1086 estote,
1318 1025 1426 1075 ficut
1461 1041 1508 1075 et
1543 1043 1628 1089 ego
1655 1024 1846 1076 Christi.
1881 1028 1925 1076 Si
1948 1027 2049 1093 quis

224 1110 371 1150 autem
395 1099 482 1147 tale
505 1096 614 1165 quid
640 1114 767 1161 agere
788 1096 1078 1167 deprehensus
1113 1096 1270 1160 fuerit,
1306 1094 1579 1167 deponatur.

1170 1256 1272 1291 domo
1293 1254 1479 1301 Episcopali
1497 1252 1728 1290 excludentem
1741 1274 1754 1293 ,
1784 1249 1965 1287 admodum
1985 1249 2051 1286 lau-

1171 1306 1226 1340 dat
1237 1330 1248 1347 ‚
1273 1305 1488 1340 commendat
1497 1304 1652 1339 omnibus
1663 1301 1852 1346 Episcopis,
1878 1311 1916 1335 ac
1937 1298 2030 1336 addit
2042 1313 2052 1333 :

1173 1362 1234 1390 Hoc
1249 1355 1386 1396 adjeao,
1411 1353 1487 1388 urbi
1498 1378 1510 1395 ‚
1528 1353 1602 1396 sthur
1622 1358 1762 1386 canonaea
1774 1352 1907 1386 decrevit
1928 1350 2053 1384 audere·

1172 1411 1243 1443 ras,
1267 1415 1372 1436 uxores
1384 1428 1396 1444 ,
1422 1415 1498 1444 quas
1517 1403 1593 1442 caste
1613 1401 1719 1436 debent
1738 1411 1858 1444 regere,
1885 1400 1945 1435 ion
1963 1399 2054 1433 relin-

1172 1461 1284 1496 quant.
1313 1451 1403 1485 Etin
1415 1461 1531 1493 quarto
1549 1449 1774 1494 Dialogorum
1793 1449 1883 1483 libro
1906 1448 2057 1492 praedicat

425 1261 918 1307 SenotroN.

236 1428 238 1430 ·
300 1405 448 1440 AEminis
471 1405 505 1439 in
529 1405 766 1448 Episcoporum
787 1405 822 1438 δε
839 1404 1042 1438 clericorum
1063 1405 1109 1436 fa-

264 1464 265 1467 *
291 1455 293 1457 '
322 1454 449 1486 miliani
460 1453 623 1497 introduci
643 1458 701 1485 aut
721 1462 905 1495 permanere
926 1452 946 1484 a
966 1451 1107 1486 Canone

226 1502 366 1537 Nicaeno
377 1501 531 1545 permissis
542 1508 693 1544 perpetua
716 1501 869 1535 omnium
891 1501 1103 1535 Ecclefiarum

225 1552 433 1587 consuetudo
443 1551 568 1586 addidit
581 1561 699 1586 uxores
718 1550 813 1585 antea
835 1550 964 1591 ductas,
992 1551 1105 1595 utpote

226 1612 283 1646 pet
293 1603 463 1646 profeffim
474 1601 713 1636 continentiam
726 1600 908 1636 demutatas
919 1601 952 1634 in
970 1602 1105 1643 sorores,

228 1653 269 1686 de
280 1652 399 1696 quibus
409 1653 442 1685 in
455 1653 527 1695 lege
539 1651 578 1685 ad
589 1650 776 1685 Palladium
796 1650 884 1685 urbis
892 1650 1082 1686 Praefestum
1094 1676 1104 1692 ,

227 1698 461 1737 exstanteffin
472 1700 711 1735 Theodofiano
731 1701 766 1735 ὅ(
779 1700 814 1737 in
827 1701 1035 1743 Justinianaeo
1055 1713 1107 1735 co-

228 1751 326 1791 dice,
365 1752 546 1786 Honorius»
560 1750 595 1783 &
617 1748 822 1785 Theodosius
837 1748 997 1795 Augusti.
1034 1752 1106 1784 Illas

226 1806 321 1835 enam
345 1812 403 1834 non
429 1802 554 1842 relinqui
578 1799 725 1840 castitatis
740 1800 875 1834 hortatur
884 1800 1020 1841 afflfflo,
1039 1811 1107 1843 quae

227 1858 300 1885 ame
336 1853 537 1884 Sacerdotium
574 1855 745 1883 maritorum
779 1851 942 1895 legitimum
976 1861 1106 1884 meruere

226 1903 395 1945 cons‘ugium
409 1926 416 1933 .
442 1906 547 1943 Neque
571 1906 657 1944 emm⁴
673 1899 792 1934 clericis
816 1905 1042 1942 {trementer
1053 1901 1107 1934 ad-

220 1951 338 1993 Janaae
358 1949 454 1994 sunt,
479 1962 547 1993 quae
573 1951 678 1994 dignos
703 1951 867 1983 Saeerdom
887 1949 1034 1993 virossua
1043 1961 1105 1984 eon·

224 1998 388 2044 &effatione
401 2000 557 2043 fecerunt.
596 2001 642 2035 Et
664 2001 750 2034 inter
771 2000 920 2044 vulgares
939 2000 1107 2043 Apostoli-

224 2060 283 2086 cos
294 2052 416 2086 Canon
443 2052 551 2085 sextus
564 2063 575 2083 .·
601 2049 765 2092 Episcopus
788 2058 842 2084 aut
860 2049 1015 2088 Presbyter
1036 2063 1106 2084 uxo-

225 2108 291 2134 rma
302 2105 461 2142 propriam
479 2123 491 2138 ‚
527 2099 621 2133 antea
640 2098 769 2134 dustam
784 2123 796 2139 ,
835 2110 1022 2142 nequaquam
1047 2099 1105 2143 sub

226 2149 345 2183 obtentu
354 2151 503 2194 religionis
514 2148 655 2191 abjiciam
675 2148 707 2191 fi
724 2149 884 2190 abja-certe,
911 2156 1106 2184 exconmunis-

225 2204 306 2233 σεῦαν
319 2223 331 2238 ,
349 2198 381 2241 fi
390 2198 651 2243 perseveraverit,
676 2200 853 2240 dejiciatur.
876 2199 936 2244 ¹Et
951 2199 1106 2243 Synodus

223 2247 425 2293 Gangrenfis
435 2249 603 2284 damnavit
614 2248 796 2284 Eustatium
809 2272 822 2290 ‚
846 2248 1055 2284 sebastenum
1066 2249 1102 2284 iu

224 2298 331 2343 prima
345 2298 500 2333 Armenia
512 2298 780 2342 Metropolitam,
794 2310 862 2334 non
873 2299 1002 2334 tantum
1013 2299 1103 2344 quod

227 2347 328 2382 laicos
340 2359 357 2388 ,’
380 2347 432 2382 sed
444 2349 477 2382 δε
488 2349 578 2393 quod
588 2347 798 2392 econjugatis
818 2349 1005 2393 adsumptos
1026 2350 1101 2385 Cle-

225 2396 312 2432 riobs
322 2397 554 2438 abuxoribus‚
580 2398 993 2440 damnansMatrimonia‚
1019 2401 1102 2444 sepa-

224 2457 325 2482 raret.
351 2447 451 2494 Q'm
464 2446 568 2483 immo
581 2446 737 2492 plurimos
758 2459 813 2492 per
832 2449 980 2484 Galliam
1004 2459 1103 2494 atque

225 2496 419 2540 Hispaniam
429 2491 636 2541 presbyteros
647 2523 658 2539 ,
684 2498 874 2538 Diaconos,
899 2499 1079 2544 Episcopus
1091 2523 1103 2540 ,

226 2545 246 2579 a
267 2545 351 2581 faedo
374 2546 564 2592 vigilantio
583 2558 639 2582 aut
660 2547 835 2590 Ioviniano
857 2548 898 2583 ad
916 2549 1101 2594 nuptia'mm

226 2596 323 2630 usum
344 2595 493 2631 reductos
514 2608 552 2631 ac
562 2597 721 2638 seductos,
754 2609 958 2641 nequaquam
970 2599 1011 2634 ad
1022 2611 1102 2635 uxo-

223 2644 274 2679 re's
295 2645 473 2689 ‘ejiciendas
483 2671 494 2686 ‚
520 2646 573 2682 sed
583 2646 755 2682 dumtaxat
774 2648 815 2682 ad
825 2650 1013 2684 cessandum
1024 2649 1043 2684 a
1057 2651 1103 2684 sa«

223 2695 350 2740 orilego
372 2696 572 2732 commercio
594 2707 774 2744 coegerunt
790 2697 923 2733 siricius
945 2699 1102 2734 Pontifex

221 2756 264 2780 ac
273 2746 488 2782 Innocentius
500 2747 639 2791 primus.
667 2747 711 2781 Et
719 2746 761 2783 de
770 2745 945 2792 adsumptis
964 2747 1103 2793 econiu-

222 2795 466 2841 gioEpiscopis
477 2821 489 2838 ,
515 2796 736 2839 presbyteris,
761 2798 924 2833 Diaconis
935 2823 946 2839 ,
972 2811 1011 2834 ac
1022 2798 1102 2834 Sub·

222 2843 376 2881 diaconis
394 2846 502 2882 scribit
520 2847 654 2883 Sanetus
664 2847 737 2883 Leo
747 2847 790 2882 ad
803 2848 973 2884 Rusticum
985 2848 1102 2884 Archi-

225 2892 425 2940 Epikopum
438 2897 704 2932 Narbonensem.
729 2901 769 2931 Ut
780 2899 818 2932 de
826 2900 940 2933 carnali·
946 2898 1099 2943 fiatsptrt·

225 2943 313 2976 male·
326 2947 509 2993 conjugium,
535 2956 644 2990 oportet
666 2959 713 2981 eos
734 2959 786 2982 nec
803 2949 953 2983 dimt'mre
972 2960 1076 2984 uxores
1088 2974 1098 2990 ,

223 2991 373 3036 sed-quast
386 3007 443 3028 non
462 2996 594 3031 habeant
607 2997 649 3039 'fic
669 2996 799 3037 habere,
824 3010 880 3040 quo
899 3001 934 3033 (5·
949 2997 1042 3042 salva
1059 2999 1099 3041 fit

226 3041 573 3089 ebdrnaesoeonjaguram
584 3070 596 3088 ,
619 3049 654 3081 θ
673 3048 776 3091 ceffent
798 3055 885 3089 opera
905 3055 1098 3091 nuptiarum.

225 3092 273 3126 Et
281 3092 416 3128 Sanaos
426 3095 604 3140 Gregorius
613 3095 758 3141 Magnus
773 3098 806 3131 in
819 3098 934 3132 litteris
952 3098 994 3133 ad
1005 3101 1096 3142 Sym-

223 3140 378 3177 machum
401 3144 559 3178 Romanae
575 3146 724 3181 Ecclefiae
739 3147 954 3182 Defensor-em
967 3162 979 3182 .-
1014 3148 1096 3183 Volu-

223 3194 323 3226 tumus
334 3216 345 3232 ,
370 3202 403 3225 ut
427 3195 596 3229 Sacerdotes
607 3218 619 3235 ‚
641 3202 693 3237 qui
714 3203 747 3230 in
759 3196 872 3238 Corficae
888 3198 1097 3240 demorantur,

219 3241 370 3285 prohiberi
383 3242 510 3276 debeant
521 3267 531 3284 ,
557 3254 593 3276 ne
600 3252 663 3276 cum
683 3246 851 3279 mulieribus
871 3246 1075 3291 conversentur
1085 3272 1096 3290 ,

223 3300 351 3335 excepta
375 3293 535 3326 dumtaxat
546 3330 556 3337 ..
616 3293 799 3337 ,θ’,ῗζβῑᾰω
824 3296 875 3328 vel
892 3308 1003 3337 uxore,
1030 3310 1096 3339 quae

225 3341 299 3382 caste*
308 3343 439 3387 regenda
452 3341 508 3382 est.
532 3343 586 3378 1n1
651 3342 963 3386 etisad'Romanum
973 3347 1007 3380 ὅ(
1017 3347 1096 3382 Fan-

224 3391 334 3426 tinum
366 3392 561 3426 Defensores
582 3392 733 3428 Sanctum
759 3392 1003 3438 Augustinum,
1028 3408 1096 3430 mu-

227 3439 318 3480 lieres
344 3442 445 3476 etiam
463 3443 481 3476 ὲ
504 3441 751 3487 Carthaginensi
778 3442 917 3479 Canone
935 3445 1095 3490 permissas

324 3490 432 3539 Christ.
445 3495 524 3536 Lupi
535 3497 623 3536 oper.
634 3494 709 3528 Tom.
722 3496 777 3527 111.

1175 1499 1335 1536 Urfinum
1346 1500 1527 1535 Nurfienfis
1545 1499 1686 1534 civitatis
1696 1498 1922 1542 Presbyterum
1935 1523 1946 1540 ,
1967 1498 2059 1542 quod

1174 1550 1398 1594 presbyteram
1408 1550 1520 1590 suam,
1546 1560 1616 1583 non
1628 1548 1732 1583 domo
1749 1549 1784 1583 &
1795 1547 2058 1590 cohabitatione,

1175 1600 1229 1635 sed
1251 1601 1324 1635 solo
1344 1599 1530 1634 ministerio
1549 1599 1583 1632 dc
1601 1599 1825 1633 familiaritate
1845 1599 1901 1633 sua
1923 1599 2056 1642 penitus

1173 1649 1380 1689 excluderet,
1402 1650 1505 1685 etiam
1527 1649 1561 1683 in
1573 1648 1691 1683 mortis
1709 1648 1852 1684 articulo
1873 1646 1987 1683 dicens
2011 1647 2055 1685 ad

1176 1700 1283 1734 solatii
1298 1699 1461 1734 noviffimi
1483 1698 1518 1733 ἀ
1539 1698 1763 1733 valedictionis
1782 1698 1875 1732 causa
1899 1698 2057 1734 acceden-

1175 1759 1263 1784 tem:
1290 1750 1429 1783 Recede&
1450 1761 1497 1782 me
1518 1750 1622 1783 muller
1633 1773 1644 1790 ‚
1669 1747 1765 1782 adhuc
1777 1747 1924 1792 igniculus
1948 1754 2055 1789 vivit,

1171 1801 1291 1841 paleam
1300 1800 1368 1833 tolle
1378 1823 1385 1831 .
1412 1799 1515 1846 Qod
1530 1799 1634 1842 ipsum
1646 1798 1793 1832 statuunt
1803 1797 1838 1832 ἀ
1849 1797 1982 1833 firmant
1994 1799 2056 1842 pri-

1175 1860 1253 1890 ma,
1277 1849 1391 1890 tertia,
1418 1850 1453 1884 &
1472 1858 1585 1892 quarta
1595 1848 1750 1892 Synodus
1772 1848 1964 1890 Toletana,
1992 1848 2058 1884 Ge-

1175 1900 1364 1938 rundensis,
1387 1908 1501 1943 quarta
1522 1899 1679 1942 &quinta
1701 1897 1967 1940 Aurelianensis,
1994 1897 2058 1933 Ar-

1175 1950 1359 1990 vemenfis,
1385 1948 1523 1984 secunda
1548 1948 1771 1987 Turonenfis,
1805 1948 1946 1984 secunda
1967 1947 2057 1994 Lug-

1173 2000 1348 2041 dunenfis.
1375 2001 1476 2043 prima
1498 1999 1532 2033 &
1553 1999 1691 2034 secunda
1715 1998 1968 2034 Matisconenfis
1982 2023 1992 2039 ‚
2020 2001 2057 2034 dc

1173 2049 1320 2093 entempla
1332 2048 1433 2094 longe
1445 2048 1583 2093 plurima
1598 2075 1604 2081 .

1223 2098 1326 2134 Porro
1349 2098 1532 2142 Presbyteri
1556 2109 1691 2135 uxorem
1719 2100 1855 2133 sanetus
1873 2100 2055 2144 Gregorius

1170 2149 1250 2185 redte
1259 2158 1356 2184 vocat
1367 2149 1607 2192 Presbyteram.
1633 2148 1681 2183 Ita
1705 2150 1799 2184 enim·
1815 2149 1974 2191 etiamin
1996 2149 2054 2193 Sy-

1171 2199 1263 2234 nodo
1294 2199 1434 2233 secunda
1469 2198 1680 2241 Tumuenfi,
1707 2196 1992 2240 Antifiodorenfi,
2017 2200 2054 2234 δε

1170 2249 1334 2284 Romanis
1344 2248 1402 2284 sub
1412 2249 1576 2293 Gregorio
1588 2248 1733 2284 secundo
1744 2261 1782 2284 ac
1794 2248 1953 2288 Zacharia
1964 2249 2054 2285 Pon.-

1169 2298 1335 2340 tificibus.
1359 2298 1476 2334 eodem
1499 2300 1590 2333 sensu
1601 2298 1702 2334 habes
1726 2299 1946 2343 Episcopatu,
1973 2299 2054 2339 Dia-

1168 2350 1328 2383 coniffam
1341 2373 1350 2388 ,
1386 2360 1422 2383 ac
1443 2348 1724 2390 Subdiaconilsam
1746 2349 1841 2383 ..Ex
1861 2360 1930 2393 quo
1956 2347 2052 2392 vides

1170 2410 1267 2434 voces
1299 2399 1475 2438 Presbytera
1499 2399 1532 2431 (ν’
1557 2399 1722 2442 Diaconlffa
1746 2397 1835 2442 apud
1856 2401 1963 2439 sacros
1987 2399 2052 2434 Ca·

1168 2459 1272 2482 nones
1296 2450 1358 2484 effe
1379 2450 1580 2490 aequivocas,
1605 2449 1639 2483 ἀ
1660 2447 1855 2492 quandoque
1889 2460 1950 2492 pro
1987 2449 2054 2486 Et>

1167 2499 1266 2533 clcfiae
1288 2498 1434 2532 ministra
1458 2499 1582 2542 accipi,
1607 2498 1807 2541 quandoque
1823 2510 1887 2542 -pro
1909 2499 2051 2536 sacta&

1167 2549 1410 2583 continentiam
1431 2549 1564 2591 proseffa
1586 2547 1725 2583 ministri
1755 2558 1877 2584 uxore.
1918 2549 2051 2595 Episco-

1168 2610 1283 2642 porum
1297 2623 1307 2639 ‚
1331 2598 1488 2642 inquam,
1512 2599 1718 2634 &sacrorum
1741 2598 1948 2633 Clericorum
1967 2610 2052 2634 uxu-

1167 2659 1215 2683 res
1233 2660 1303 2683 non
1317 2646 1527 2683 solummodo
1540 2648 1773 2691 profitebantur
1783 2649 2049 2693 continentiam,

1167 2698 1219 2732 sed
1231 2698 1484 2733 &adsumebant
1495 2697 1646 2735 habitum
1657 2698 1875 2734 monasticum
1890 2723 1900 2739 ,
1926 2696 1976 2743 uti
1993 2699 2046 2743 lu-

1166 2747 1237 2784 cide
1250 2747 1363 2783 scribit·
1370 2749 1503 2783 sanstus
1515 2748 1741 2794 Gregoriusvin
1764 2749 1880 2784 litteris
1892 2748 1934 2783 ad
1947 2749 2046 2794 Joans

1168 2810 1242 2833 nem
1256 2797 1757 2843 EpiscopumPanormitanum.
1784 2797 1904 2832 Ethuc
1915 2798 2044 2844 respicit
2063 2784 2092 2853 [ἑ
2117 2794 2159 2854 ’6Ῐὲ

1167 2849 1299 2883 Sanetus
1309 2849 1709 2892 Hieronymusinlitteris
1733 2847 1773 2883 ad
1785 2848 1940 2892 Sanctum
1959 2848 2041 2890 Pau„
2084 2832 2112 2862 p.
2164 2846 2170 2852 '

1167 2898 1271 2933 linum
1306 2898 1489 2934 Noiensem
1525 2898 1746 2943 Episcopum,
1770 2907 1873 2942 agens
1906 2898 1951 2934 de
1974 2899 2041 2943 ejus

1165 2959 1287 2983 uxore.
1323 2951 1406 2983 soror
1427 2957 1482 2983 tua
1504 2958 1706 2987 matronarum
1724 2948 1848 2981 declinet
1872 2948 2039 2993 consbrtla,
2063 2941 2117 2978 ΕΡ·
2133 2949 2177 2983 ¹³-

1165 3010 1215 3032 κει·
1235 3004 1312 3031 inter
1323 2998 1433 3042 sericas
1453 2998 1546 3039 vestes
1558 3000 1592 3032 <5
1608 3010 1744 3042 gemmas
1768 2997 2038 3045 circumsedentium

1157 3049 1355 3090 faeminarum
1371 3046 1430 3093 fed
1441 3046 1630 3093 sordidatam
1663 3056 1718 3082 emt
1743 3047 1842 3084 doleat
1856 3077 1859 3081 .
1874 3058 1927 3084 aut
1953 3055 2038 3089 mire-

1163 3108 1228 3132 tur.

1211 3148 1338 3182 Exastae
1359 3146 1559 3191 profeffionis
1569 3149 1696 3183 causam
1717 3149 1863 3196 adsignat
1888 3148 2036 3187 laudatus

1163 3198 1340 3242 Gregorius
1351 3198 1385 3230 in
1397 3196 1512 3231 litteris
1521 3196 1563 3234 ad
1577 3196 1742 3238 Urbicum
1754 3225 1765 3242 ,
1778 3198 1945 3235 Abbatem
1957 3200 2038 3236 San-

1161 3248 1202 3282 &i
1235 3246 1402 3280 Hermetis
1435 3245 1689 3289 panormitani,
1725 3261 1762 3284 ac
1789 3250 1824 3284 in
1855 3249 1972 3284 litteris
1993 3248 2034 3286 ad

1160 3295 1385 3331 Theostistam
1397 3295 1570 3337 patriciam
1584 3322 1592 3330 .
1620 3298 1802 3346 Agaethonem
1823 3300 1858 3333 in
1872 3301 2036 3335 monaste·
2056 3288 2161 3354 Ep-⁵⁴'9-

1161 3347 1230 3387 rio,
1267 3344 1413 3389 adeoque
1440 3345 1531 3381 &fin
1550 3347 1638 3391 sacro
1666 3349 1797 3394 Ordine
1814 3350 1859 3382 mi
1873 3348 2035 3392 suscipien·
2054 3359 2084 3386 L.
2104 3367 2134 3393 9.

1160 3397 1231 3429 dum
1247 3395 1298 3439 effe
1322 3393 1470 3440 cognosce,
1499 3395 1532 3438 fi
1543 3398 1582 3431 6·
1603 3407 1679 3431 uxor
1703 3399 1790 3441 ipsius
1815 3397 1948 3441 fimihter
1971 3408 2034 3430 con·
2056 3399 2161 3436 {ip-39.

1160 3450 1238 3480 verti
1254 3446 1398 3481 voluerit.
1429 3449 1514 3480 Nam
1534 3448 1599 3482 ciam
1621 3458 1711 3481 unum
1733 3458 1918 3490 utrorumque
1927 3454 2032 3487 corpus

1589 3497 1605 3531 1
1654 3508 1678 3534 2
1922 3505 1986 3531 con·
