2340 3762
39 2837 125 2871 Sella.
131 2846 153 2876 5.

661 162 727 190 De
762 161 996 192 octava
1031 145 1637 196 SYNOD‘ozGENERALI.
1891 156 1977 213 38⁴1

242 230 352 277 stilico!
359 233 451 274 fidei,
475 242 638 275 antequam
646 232 747 267 urbem
754 234 977 277 ingrederentur
988 257 998 273 ,
1024 233 1059 267 ὁ·
1074 232 1136 279 “l‘l

246 291 343 316 mum
349 281 566 325 prosequendis
579 287 711 321 Decretis
722 279 885 327 apostolica
907 285 992 317 Sedis
1002 307 1013 322 ,
1036 290 1119 315 ante·

244 342 337 374 quam
347 337 380 366 in
389 340 636 374 communionem,
661 333 775 378 utique
793 333 934 374 laicam,
957 338 1120 375 >reciperen-

245 389 310 415 tur.
336 383 459 421 Omnis
467 384 601 430 quaestio
609 391 678 418 erat
689 383 729 419 de
736 383 802 419 hoc
815 383 983 428 posteriori
994 382 1118 422 libello:

243 430 380 468 Etenim
391 432 487 468 illum
499 433 615 471 Roma:
628 443 707 468 tunc
727 434 853 478 profeffi
877 444 947 466 non
969 441 1119 477 poterant

241 491 335 519 nunc
346 481 480 522 Nicolai
501 482 675 520 Pontificis
696 484 835 518 Decreta
856 483 924 529 fine
948 483 1120 517 manifesta
1163 500 1165 532 5

242 531 507 576 praevaricatione
526 533 665 568 refutare
686 559 694 566 .
728 533 822 567 Hinc
845 533 989 577 Legatos
1009 531 1119 572 denuo
1163 535 1164 539 ’

241 584 465 625 percunctatus
474 582 518 617 est
531 583 691 618 Patricius
706 583 874 617 Bahanes:
902 585 991 626 ‚Quid
1002 588 1119 616 circum-

231 631 483 673 ferebatlibellus
494 634 507 666 .>
520 632 563 668 Et
577 634 715 678 Legati:
741 638 782 673 Ut
792 632 954 676 secundum
964 632 1118 675 Ecclefiam

239 680 427 720 catholicam
439 691 561 720 teneant
573 707 584 723 ,
610 685 645 717 6·
657 683 824 725 defendant
834 690 988 722 veritatem
998 708 1009 724 ,
1021 685 1055 717 Θ·
1061 691 1118 724 per

241 736 341 764 omnia
347 730 513 779 sequantur
516 735 665 774 judicium
685 730 798 776 sanelae
808 738 952 767 Romanae
963 732 1096 774 Ecclefiae
1109 755 1116 763 .

241 778 346 816 Erant
369 794 437 816 non
458 783 669 823 solummodo
689 783 828 824 convicti
842 808 854 824 ,
880 783 933 817 sed
953 784 990 817 ,δε
1008 781 1119 823 confesti

235 828 304 865 beri
315 834 360 869 ita
362 832 493 874 fuerant
511 838 544 870 in
554 835 726 873 secretariis
740 833 888 868 Ecclefiae
898 856 909 872 ,
937 842 1046 866 coram
1059 831 1117 868 Ba-

240 877 326 915 hane
347 880 513 920 Patricio,
538 883 596 924 qui
615 883 768 926 &ipsum
790 882 856 921 illis
876 881 912 918 in
931 880 1051 913 faciem
1062 890 1113 912 co-

238 938 306 961 ram
327 931 423 971 plena
446 929 586 971 Synodo
612 930 843 974 improperavit
867 953 875 967 ,-
910 928 1004 963 Hinc
1029 929 1116 972 ipsos

235 984 405 1020 tamquam
419 978 562 1021 perjuros
573 979 607 1012 in
620 978 756 1014 schisma
766 979 905 1022 relapsos
914 978 1047 1022 judicari
1060 990 1116 1012 vo-

236 1025 369 1063 luerunt
383 1028 524 1073 Legati,
548 1029 589 1063 ad
604 1029 760 1065 Senatum
785 1029 992 1069 interlocuti:
1019 1033 1114 1067 Inter—

235 1086 335 1120 rogate
350 1084 602 1119 pravorti-atores
613 1103 624 1119 ,
647 1080 746 1113 utrum
766 1079 885 1123 faciant
896 1082 1060 1112 Romanum
1081 1080 1114 1111 li-

234 1125 366 1167 bellum,
392 1130 514 1162 necne?
542 1128 691 1164 Erillum
712 1126 818 1164 facere
840 1130 945 1173 rogati
970 1130 1112 1171 reposue-

235 1187 286 1210 re:
314 1180 381 1210 Nec
402 1180 504 1211 audire
527 1180 610 1212 illum
632 1180 782 1218 ¹volumus.
808 1179 859 1219 lta
882 1189 1048 1220 tamquam
1068 1179 1113 1212 in-

233 1226 437 1270 corrigibiles
448 1229 523 1264 sunt
533 1239 627 1263 extra
638 1230 810 1272 Synodum
822 1229 909 1272 ejeeti
921 1255 928 1262 .
957 1228 1000 1262 Et
1010 1227 1113 1263 Baha-

232 1286 292 1310 nes
303 1275 463 1311 Patricius
484 1279 621 1322 agnovit
635 1276 838 1317 audientiam
858 1278 898 1319 ac
917 1278 1112 1319 defensionis

229 1325 345 1362 locum
357 1328 449 1367 fuisse
462 1327 528 1361 illis
538 1328 649 1363 frustra
661 1329 827 1363 indultum
839 1354 846 1361 .

251 1383 254 1386 ⁴
281 1374 424 1411 Addidit
445 1377 485 1411 de
505 1377 662 1413 Zacharia
674 1379 907 1414 Tauromeniae
926 1378 1109 1428 Episcopo:

232 1424 369 1469 causam
379 1427 530 1468 ‚Zacharie
548 1439 605 1461 non
630 1429 816 1471 quaefivimus
828 1453 839 1469 ,
865 1428 928 1463 beri
948 1435 1028 1462 enim
1046 1440 1110 1461 con·

224 1474 319 1517 {effus
331 1477 368 1517 est
380 1501 392 1517 ‚
404 1483 477 1519 quia
486 1478 632 1519 obligatus
645 1479 683 1516 est
694 1481 714 1510 ἃ
730 1478 889 1511 Βεηειίὶθο
901 1480 990 1518 Papa
1000 1478 1109 1523 tertie,

228 1533 333 1559 utnon
352 1525 471 1559 baberet
479 1525 649 1567 potestatem
669 1526 852 1569 Pontificium
868 1534 1009 1571 peragere
1020 1550 1032 1568 ,
1057 1528 1108 1560 do·

227 1581 280 1607 nec
299 1581 419 1609 veniret
443 1574 673 1617 &descenderet
697 1578 803 1609 iterum
825 1588 889 1608 cum
908 1582 948 1608 iis
972 1600 983 1615 ‚
1008 1582 1059 1617 qui
1075 1575 1109 1618 se

226 1622 415 1666 absciderant
436 1626 456 1654 ἃ
471 1622 642 1666 [αηθῌῆωο
655 1625 835 1658 patriarcba
858 1628 975 1667 Ignatio
986 1648 997 1664 ‚
1018 1623 1108 1667 {ersu-

227 1680 345 1706 merent
361 1674 526 1714 judicium,
551 1675 644 1710 &boe
666 1686 723 1707 non
740 1675 918 1716 custodivit,
944 1685 1037 1717 neque
1059 1676 1107 1708 de·

218 1720 340 1766 ,stendit
360 1723 426 1756 illuc
439 1749 446 1755 .
472 1722 644 1759 Zacharias
655 1750 667 1767 ,
691 1725 748 1769 qui
767 1727 797 1760 se
807 1724 824 1759 a
839 1724 982 1758 Nicolao
993 1723 1106 1758 Ponti-

225 1771 290 1806 fiee
303 1771 484 1812 'admissum
502 1773 640 1817 jactabat
662 1776 703 1810 ad
717 1775 944 1819 Episcopalem
957 1785 1102 1809 commu·

223 1820 385 1863 axionem,
412 1824 509 1861 faffus
528 1825 632 1859 fuerat
655 1826 687 1860 se
708 1836 765 1869 per
782 1826 850 1868 eJus
862 1823 1105 1858 Antecefforem

222 1867 440 1907 Benearnum
463 1875 596 1908 tertium
616 1874 708 1909 fuine
729 1875 770 1909 ab
791 1874 903 1910 officio
915 1871 1102 1907 Pontificali

221 1920 409 1964 suspensum
419 1945 430 1961 ,
455 1922 534 1965 quin
557 1925 592 1956 ὅ(
602 1923 668 1964 ejus
680 1925 843 1958 mandatis
853 1931 1082 1959 contumacem
1096 1933 1103 1952 :

222 1967 306 2003 Haee
315 1970 384 2009 duo
396 1971 540 2008 invicem
553 1971 682 2008 adversa
696 1972 802 2007 noluit
814 1971 963 2006 Bahanes
975 1970 1102 2004 dimitti

220 2018 397 2053 indiscussa
423 2043 430 2049 .
469 2019 724 2063 Responderunt
752 2021 937 2063 Apostolici
964 2019 1102 2064 Legati:

223 2069 350 2100 Partem
361 2067 452 2100 habet
461 2078 526 2104 cum
535 2074 575 2101 iis
587 2092 598 2108 ,
624 2074 674 2110 qui
693 2080 750 2102 non
774 2070 950 2101 concordant
970 2080 1034 2103 cum
1045 2072 1103 2103 Ec-

222 2116 304 2158 clefia
316 2141 326 2157 ,
352 2119 386 2151 ό·
398 2116 603 2159 comparticeps
614 2130 710 2152 eorum
733 2117 792 2158 est,
817 2118 870 2163 qui
882 2116 1019 2158 fecerunt
1039 2129 1102 2151 con-

222 2173 274 2200 tra
285 2165 439 2209 Ecclesiam
454 2167 734 2210 constantinopoleos
745 2192 757 2209 ,
783 2169 817 2202 (Ὗ
838 2175 939 2203 contra
959 2167 1101 2207 Sant‘ltffi-

223 2228 306 2250 mum
329 2217 541 2253 Patriarcham
562 2218 711 2262 Ignati'um
734 2243 741 2249 .
777 2218 840 2255 Sed
857 2221 995 2262 quoniam
1028 2216 1101 2250 hora

219 2269 313 2299 tarda
323 2266 361 2307 est
370 2292 381 2308 ‚
407 2279 465 2303 non
473 2268 618 2313 poffumus
630 2267 715 2301 bodie
723 2267 775 2301 hoc
787 2272 935 2310 requirere
946 2291 958 2307 ,
982 2272 1016 2300 in
1038 2267 1100 2300 alia

218 2318 289 2349 vero
312 2319 535 2353 examinatione
551 2318 588 2352 id
597 2317 744 2359 faciemus
764 2343 771 2349 .
800 2315 944 2351 Rursum
965 2316 1099 2351 laudant

218 2365 388 2410 antiquam
401 2366 658 2403 Christianitatis
670 2368 833 2413 Regulam
846 2380 857 2400 .·
883 2368 948 2410 ,Qui
967 2378 1032 2400 cum
1046 2371 1099 2400 Ro-

220 2426 312 2449 mana
323 2417 450 2459 Ecclefia
459 2429 517 2451 non
525 2419 679 2453 concordat
689 2443 700 2459 ,
725 2416 897 2450 Cathollcus
921 2428 979 2450 non
990 2416 1095 2450 habea-

218 2473 286 2498 tur.
313 2466 462 2501 Bahanes
483 2476 593 2502 autem
615 2467 774 2502 Patricius
799 2467 943 2502 laudavit
961 2466 1098 2509 appella-

217 2514 347 2549 tionem
374 2517 647 2553 &evocationem
671 2518 881 2558 Romanam,
907 2516 1095 2551 consuetam

216 2565 319 2599 etiam
332 2572 373 2598 ex
385 2565 606 2602 patriarchatu
620 2567 999 2610 Constantinopolitano.
1016 2565 1095 2608 Ejus

215 2625 258 2647 ex
271 2613 374 2649 verbis
387 2615 489 2662 liquet
500 2627 571 2651 eam
580 2618 679 2662 usque
690 2614 730 2652 ad
742 2616 944 2651 Photianum
957 2614 1094 2650 schisma

216 2663 383 2702 liberrime
391 2676 447 2708 per
458 2678 591 2703 omnem
604 2666 805 2701 orientalem
830 2665 1007 2701 Ecclefiam
1028 2676 1094 2699 am·

1411 307 1819 354 Acr1ovV.

1274 480 1419 516 Uintam
1430 480 1605 518 Anionem
1617 506 1628 522 ,
1639 482 1770 518 decimo
1784 483 1880 518 tertio
1893 483 2053 521 Calendas

1186 554 1191 559 -
1297 530 1501 566 Novembres
1521 531 1713 566 celebratam
1737 558 1747 573 ,
1772 533 1807 571 ,δε
1834 533 1938 577 plures
1963 534 2053 577 pede-

1253 590 1256 592 *
1328 583 1444 621 tentim
1472 579 1648 621 habentem
1680 582 1858 627 Episcopus
1885 608 1895 624 ,
1921 583 2058 618 Batinus

1180 630 1348 676 Augustus
1371 632 1521 665 accedere
1540 631 1649 670 denuo
1664 632 1748 675 jnffit
1756 632 1953 668 Zachariam
1963 633 2054 668 Tau-

1177 683 1329 719 romeniae
1344 682 1562 725 Episcopum,
1583 682 1786 720 audiendum
1797 683 1902 721 rursus
1924 685 1964 719 de
1987 695 2056 722 me·-

1176 732 1311 770 moratis
1327 742 1396 773 ⁴ejus
1420 732 1677 771 contradifioriis
1705 731 1965 775 adsertionibus,
1990 745 2053 768 nec

1178 792 1246 814 non
1270 782 1307 817 ἀ
1330 782 1434 824 ipsum
1456 780 1636 818 schismatis
1657 792 1753 826 caput
1767 781 1924 820 Photiurn
1939 807 1948 823 ‚
1974 795 2051 820 cum

1177 829 1381 873 grandisonis
1412 829 1531 874 ubique
1553 831 1765 875 querimoniis
1799 832 2053 868 ,ebuccinantem

1179 880 1240 912 sese
1259 879 1279 917 a
1302 880 1455 919 Romana
1474 881 1820 921 Ecclesiadamnatum
1845 881 2051 918 inauditum.

1179 929 1266 969 Eum
1289 929 1443 974 Princeps
1461 931 1565 965 voluit
1584 943 1696 971 coram
1718 933 1812 976 plena
1826 930 1962 975 synodo
1975 944 2051 967 con-

1177 978 1286 1019 vinci,
1311 980 1462 1020 atqueita
1473 991 1581 1016 coram
1612 983 1704 1016 omni
1716 982 1775 1021 sub
1800 982 1884 1017 coelo
1907 983 2052 1016 Ecclesia

1174 1028 1351 1065 confundi.
1379 1027 1471 1062 Hinc
1481 1030 1581 1073 igitur
1592 1034 1632 1064 ad
1646 1033 1864 1070 confidentem
1876 1032 2050 1078 Synodum

1175 1078 1261 1115 dixit
1272 1078 1390 1117 Paulus
1405 1078 1552 1112 Ecclesiae
1576 1080 1954 1123 Constantinopolitanae
1972 1082 2051 1115 Car-

1175 1126 1380 1172 thophylax:
1404 1129 1567 1167 Secundum
1585 1131 1799 1171 praecedentem
1824 1130 1992 1168 aaronem,
2016 1138 2052 1164 ut

1169 1179 1252 1219 juffit
1274 1178 1426 1212 Sane‘litas
1448 1178 1569 1219 vestra,
1590 1177 1724 1222 praesens
1743 1178 1782 1219 est
1805 1178 1851 1211 bic
1872 1179 1980 1213 iterum
1990 1181 2053 1213 Za-

1172 1227 1292 1266 charias
1309 1228 1391 1271 solus
1419 1252 1430 1268 ‚
1455 1228 1568 1272 utique
1589 1229 1655 1262 fine
1679 1228 1806 1274 collega
1832 1227 2054 1272 Theophilo,

1171 1277 1231 1322 sed
1253 1277 1554 1325 &Christianrffimus
1564 1282 1726 1325 Imperator
1737 1278 1827 1320 noster
1851 1278 1926 1320 misit
1943 1279 1988 1310 ad
2007 1280 2054 1317 55·

1176 1330 1285 1363 nodum
1298 1328 1454 1367 Photium.
1484 1329 1540 1362 An
1553 1327 1607 1368 hic
1619 1330 1740 1367 intrare
1763 1330 1799 1369 ἀ
1817 1329 1923 1363 audiri
1936 1328 2052 1368 vellet,

1175 1379 1356 1413 nescierunt
1367 1378 1486 1422 Legati
1507 1377 1690 1422 Apostolici
1706 1403 1717 1418 ,
1742 1377 1884 1421 ideoque
1909 1380 1981 1412 sunt
2004 1378 2053 1411 iu-

1174 1428 1346 1462 terlocuti:
1371 1431 1592 1471 Interrogetur,
1610 1427 1785 1470 sidefideret
1803 1434 1906 1462 venire
1929 1432 1962 1459 in
1982 1426 2055 1469 san·

1174 1476 1255 1510 ciam
1279 1478 1314 1510 ὦ·
1332 1475 1534 1519 universalem
1557 1479 1700 1516 synodum
1726 1475 1802 1509 hane
1824 1501 1830 1507 .
1865 1475 2054 1516 Hominem

1174 1525 1239 1569 jam
1252 1524 1378 1560 tertida
1392 1526 1543 1560 Romana
1568 1526 1710 1561 Ecclefia
1732 1526 1924 1560 damnatum
1944 1526 2057 1560 nolue-

1173 1585 1249 1609 runt
1260 1576 1399 1611 citatum
1424 1586 1461 1608 ac
1473 1574 1583 1608 denuo
1595 1575 1765 1615 auditum,
1792 1575 1845 1613 sed
1868 1577 1908 1610 ad
1934 1577 2054 1618 impor-

1172 1634 1266 1662 tunas
1277 1624 1439 1668 Principis
1451 1635 1559 1667 preces
1570 1624 1740 1662 dumtaxat
1754 1624 1925 1671 permisere
1951 1626 2054 1668 poeni-

1170 1675 1271 1710 tentia
1297 1676 1332 1710 δε
1354 1674 1484 1711 meliori
1506 1685 1615 1708 mente
1635 1675 1828 1711 tentandum
1842 1699 1849 1706 .
1881 1675 1922 1710 Et
1942 1674 2052 1711 eidem

1170 1724 1276 1763 Paulo
1288 1724 1440 1770 roganti,
1468 1726 1569 1768 ,Quem
1582 1724 1673 1767 ‚iubet
1697 1724 1848 1758 Sanc'litas
1869 1723 1969 1765 vestra·
1985 1730 2048 1765 ire,

1168 1779 1204 1809 U
1232 1778 1414 1818 interrogare
1432 1786 1521 1815 eum,
1548 1775 1775 1815 reposuerunt:
1805 1776 1889 1804 Laici
1911 1774 2049 1813 vadant.

1170 1824 1257 1859 Eum
1268 1833 1473 1865 nequaquam
1485 1829 1519 1857 ur
1532 1822 1730 1864 Episcopum
1750 1832 1805 1858 aut
1817 1820 2049 1863 patriarcham,

1175 1871 1229 1905 sed
1242 1880 1277 1905 ut
1289 1871 1467 1905 saecularem
1481 1871 1621 1911 laicum,
1648 1872 1682 1906 ἃ
1702 1872 1835 1915 quidem
1856 1872 1875 1908 ,a
1897 1871 2051 1908 Romana

1168 1921 1310 1954 Ecclesia
1343 1919 1656 1957 anathematizatum
1686 1945 1697 1961 ,
1734 1921 1863 1959 voluere
1901 1921 2049 1962 tractari,

1167 1969 1308 2013 ideoque
1327 1968 1434 2002 vocari
1457 1979 1526 2005 non
1555 1980 1611 2011 per
1625 1969 1825 2015 Episcopos,
1850 1971 1904 2007 sed
1928 1982 1983 2014 per
1997 1971 2049 2007 lai-

1165 2030 1222 2053 cos
1247 2043 1256 2051 .
1282 2018 1372 2052 Miffi
1398 2018 1472 2051 sunt
1496 2018 1639 2061 quinque
1665 2019 1738 2052 laici
1759 2043 1769 2059 ‚
1796 2019 1837 2054 ad
1857 2029 1941 2061 quos
1967 2020 2046 2056 ille.-

1166 2072 1216 2102 Me
1226 2073 1259 2102 in
1265 2069 1373 2108 synodo
1385 2079 1536 2109 nunquam
1548 2068 1711 2110 aliquando
1723 2069 1890 2109 advocastis
1903 2094 1912 2110 ‚
1939 2071 1973 2103 &⁸
1988 2082 2046 2102 mo·

1164 2121 1203 2154 do
1226 2124 1336 2158 miror,
1362 2123 1434 2160 quia
1451 2116 1500 2152 boc
1514 2117 1627 2159 fecistis
1653 2119 1688 2156 Q&
1711 2119 1875 2157 advocastis
1899 2131 1962 2158 me.
1992 2125 2045 2156 Ve-

1164 2178 1330 2205 rumtamen
1333 2166 1436 2211 sponte
1447 2179 1503 2200 non
1526 2173 1631 2202 venio.
1657 2171 1826 2210 Nunquam
1841 2175 1930 2202 enim
1955 2178 2043 2203 inter-

1162 2228 1298 2262 rogantes
1310 2229 1356 2252 me
1369 2219 1406 2251 de
1419 2219 1528 2255 synodo
1538 2217 1594 2251 hac
1607 2242 1619 2259 ,
1643 2230 1734 2260 quam
1755 2220 1854 2251 dicitis
1865 2244 1875 2258 ,
1901 2221 2042 2260 quomodo

1162 2274 1252 2302 mein
1274 2279 1339 2301 eam
1361 2266 1506 2302 trahitis?
1534 2271 1630 2308 Dixi,
1657 2268 1687 2302 C
1702 2268 1738 2302 U
1753 2268 1985 2302 STODlA
2003 2270 2044 2304 Μ.

1163 2317 1272 2352 v1As
1298 2315 1426 2350 MEAS
1451 2341 1463 2357 ,
1493 2316 1571 2350 UT
1597 2318 1705 2352 NON
1732 2317 2040 2366 DELINQUAM

1163 2368 1215 2401 IN
1243 2365 1436 2401 LINGUA
1461 2365 1567 2400 ΜΕΑ
1591 2379 1599 2399 ;
1635 2366 1777 2403 PosUl
1803 2368 1886 2404 ORI
1912 2369 1952 2402 M
1965 2369 1992 2402 E
2007 2372 2041 2407 Ο

1160 2415 1476 2452 CUSTODIAM.
1505 2416 1560 2453 Ad
1583 2428 1654 2461 quae
1670 2417 1729 2453 fibi
1750 2418 1848 2452 relata
1871 2419 2044 2463 indignati,

1162 2469 1235 2502 sunt
1246 2465 1362 2510 Legati
1374 2465 1579 2510 Apostolici,
1608 2467 1642 2501 &
1655 2466 1784 2505 dixere:
1811 2471 1877 2500 Nos
1898 2480 1956 2501 non
1971 2479 2036 2501 con-

1158 2525 1331 2550 vocavimus
1345 2527 1410 2553 eum
1421 2540 1432 2557 ,
1458 2525 1490 2548 ut
1504 2514 1651 2558 discamus
1662 2518 1780 2558 aliquid
1800 2517 1838 2548 ab
1849 2529 1881 2550 eo
1890 2542 1900 2557 ,
1922 2516 1980 2559 sed
1999 2527 2035 2554 ut

1154 2567 1282 2603 laborem
1295 2591 1304 2606 ‚
1331 2577 1416 2608 quem
1427 2564 1645 2608 habuitsant‘la
1668 2570 1803 2602 Romana
1826 2566 1951 2607 Ecclefia
1965 2591 1975 2607 ,
1995 2562 2037 2607 fiss

1155 2616 1220 2651 mul
1243 2616 1453 2650 &orientales
1471 2614 1604 2657 Ecclefiae
1621 2625 1741 2658 propter
1768 2627 1851 2655 eum,
1878 2628 1955 2650 nunc
1977 2626 2033 2651 ter-

1155 2672 1299 2700 minemur
1323 2667 1423 2699 eodem
1452 2663 1514 2708 ipfh
1528 2663 1676 2709 praesente
1690 2691 1697 2699 .
1726 2666 1767 2699 Et
1782 2665 1870 2699 Elias
1883 2665 2033 2710 Eccleliae·

1154 2715 1466 2759 Hierosolymitanae
1477 2715 1645 2758 Presbyter
1671 2727 1708 2750 ac
1720 2716 1882 2758 Legatus:
1909 2716 2031 2751 Conclu-

1136 2778 1138 2787 ¹
1148 2765 1226 2811 sione
1242 2771 1335 2800 tacita
1348 2773 1515 2808 peccatores
1539 2764 1644 2799 banca
1665 2768 1724 2797 Deo
1744 2764 1866 2798 electam
1888 2766 2029 2805 synodum

1148 2822 1363 2857 pronunciavit
1374 2841 1381 2848 .
1408 2815 1541 2850 Etenim
1554 2814 1622 2859 post
1632 2814 1767 2848 addusta
1789 2814 1806 2847 a
1825 2812 1949 2848 Photio
1965 2826 2032 2849 ver-

1153 2865 1191 2899 ba
1204 2891 1214 2906 ‚
1241 2864 1327 2908 Posui
1338 2869 1380 2899 ori
1390 2876 1451 2898 meo
1461 2864 1615 2905 custodiam
1627 2889 1637 2904 ‚
1664 2863 1803 2909 sequitur
1816 2864 1850 2899 in
1874 2864 2027 2902 Psalmo:

1151 2918 1228 2949 cum
1239 2915 1392 2957 confisteret
1397 2923 1533 2957 peccator
1543 2913 1703 2947 adversum
1714 2926 1760 2951 me
1775 2939 1782 2946 .

1199 2965 1290 2999 Hinc
1301 2965 1341 2999 de
1352 2965 1412 2999 illo
1424 2964 1670 2999 intromittendo
1693 2962 1800 2998 rursus
1812 2963 2026 3008 disceptatum

1148 3015 1289 3050 estintet
1311 3014 1441 3051 Patres:
1466 3015 1510 3050 est
1523 3013 1655 3048 tandem
1676 3014 1895 3055 intromissus,
1921 3025 2025 3058 eoque

1131 3097 1135 3107 ,
1150 3066 1217 3100 viso
1229 3063 1375 3100 Romani
1386 3063 1503 3107 Legati
1514 3063 1624 3098 dixere
1636 3077 1647 3096 .·
1673 3064 1725 3098 Ille
1737 3064 1775 3104 est
1789 3063 1911 3097 Photius
1922 3086 1933 3104 ,
1953 3065 2024 3107 pro·

1131 3109 1134 3171 ξ
1143 3124 1212 3157 pter
1223 3125 1307 3157 quem
1312 3112 1420 3157 sanda
1430 3117 1565 3147 Romana
1585 3113 1710 3155 Ecclesia
1727 3123 1782 3156 per
1797 3113 1911 3158 septem
1927 3125 2022 3152 annos

1148 3167 1182 3200 Θ
1201 3164 1327 3206 amplius
1331 3161 1468 3206 sustinuit
1478 3163 1590 3197 labores
1600 3164 1706 3198 multos
1718 3165 1736 3197 ,ἓ
1760 3163 1891 3208 Quibus
1902 3176 1941 3198 ex
1952 3175 2021 3199 ver·

1149 3215 1197 3249 bis
1207 3213 1320 3259 colligi
1331 3213 1458 3248 videtur
1469 3212 1639 3250 hominem
1651 3213 1742 3251 fuisse
1753 3213 1879 3257 abjestae
1887 3214 2018 3248 staturae-

1131 3264 1359 3315 ¹Perrexerunt
1381 3263 1498 3307 Legati
1519 3263 1562 3299 ad
1577 3264 1699 3308 ipsum:
1727 3268 1843 3308 Recipis
1854 3264 2015 3305 constituta

1132 3319 1135 3371 ᾖ
1141 3313 1309 3359 [anetarum
1318 3316 1513 3348 Romanorum
1526 3311 1698 3357 Pontificum
1709 3314 1727 3347 ἒ
1752 3313 1800 3347 At
1822 3314 1878 3347 ille
1890 3313 1908 3345 a
1920 3310 2015 3343 variis

1131 3376 1135 3389 ι’
1145 3364 1283 3407 idipsum
1294 3373 1424 3407 rogatus
1435 3373 1493 3399 nec
1505 3363 1637 3398 verbum
1647 3361 1777 3398 reddere
1786 3363 1936 3406 dignatus
1952 3358 2012 3399 est,

1142 3414 1310 3448 ostentans
1320 3413 1351 3449 se
1362 3412 1444 3448 stare
1456 3423 1532 3448 ante
1542 3411 1711 3458 Synodurn
1721 3437 1734 3456 ,
1759 3406 1926 3464 quomodo
1938 3406 2010 3461 Do·

1858 3466 1966 3493 minus

217 2711 338 2749 bulaffe
351 2738 358 2746 .
386 2716 428 2751 Et
440 2715 518 2751 hinc
530 2714 661 2751 schisma
673 2717 757 2751 istud
779 2717 813 2750 in
824 2716 1013 2751 Florentina
1034 2717 1092 2760 Sy-

215 2764 309 2798 nodo
331 2766 567 2808 compositurus
588 2767 759 2810 Eugenius
782 2774 912 2811 quattus
930 2764 1090 2801 Pontifex

215 2810 337 2848 Graecis
347 2813 583 2858 postulantibus
595 2840 605 2856 ,
631 2820 669 2849 Ut
673 2814 703 2858 fi
708 2821 772 2858 quis
780 2825 869 2859 putet
878 2815 913 2859 se
935 2815 975 2849 ab
994 2816 1091 2857 aliquo

215 2862 465 2898 patriarcharum
476 2872 545 2909 pati
556 2868 699 2908 injuriam
711 2890 721 2906 ,
747 2867 781 2900 (9⁶
803 2871 910 2900 veniat
933 2870 983 2907 qui
1002 2871 1090 2899 inter·

208 2909 309 2954 posuit
323 2913 549 2954 appellationem
560 2941 570 2956 ‚
597 2927 632 2949 ne
646 2915 834 2951 Patriarcbae
853 2915 911 2958 ipfi
919 2914 1090 2960 sesefistant

205 2962 389 3002 judicandos
402 2987 412 3002 ,
433 2961 489 3006 sed
499 2968 585 3007 Papa
607 2967 710 3000 mittat
731 2971 764 2999 in
782 2970 971 3007 provinciam
988 2976 1087 3006 quam·

213 3021 270 3053 que
281 3011 462 3053 inquifitores
476 3037 486 3053 ,
515 3014 662 3057 &ibiper
684 3027 731 3050 eos
748 3013 946 3058 praeJ‘entibus
966 3014 1086 3057 negotiis

212 3061 392 3103 inpartibus
403 3064 680 3106 injuriampaffijus
689 3065 778 3108 suum
795 3064 945 3099 obtineant
957 3090 968 3105 ‚
994 3065 1086 3098 meri-

212 3109 248 3144 ιὸ
266 3110 466 3155 responditse
475 3114 551 3147 ‘velle
563 3120 659 3147 omnia
670 3114 801 3157 Ecclefiae
816 3114 880 3158 suae
898 3116 1062 3159 privilegia
1075 3139 1085 3154 ,

211 3159 343 3203 velleque
354 3159 432 3204 adse
440 3162 509 3206 fieri
529 3165 740 3204 appellationes
752 3189 761 3204 ‚
790 3176 838 3199 nec
847 3177 906 3199 non
927 3176 1024 3207 regere
1050 3166 1084 3199 ὁ·

204 3209 327 3253 pascere
339 3209 506 3254 universam
518 3212 627 3254 Christi
644 3214 819 3257 Ecclesiam,
845 3216 880 3250 <ir
904 3226 1004 3248 omnes
1024 3217 1085 3249 Pa-

208 3260 358 3296 triarchas
363 3269 471 3305 parere
495 3264 559 3304 ejus
572 3264 725 3299 voluntati
732 3289 741 3298 .
