2340 3762
665 162 733 192 oe
769 162 999 193 octava
1030 146 1282 191 -Swono
1316 143 1652 194 Gen-enam.

1185 230 1255 262 nodi
1265 253 1276 269 ,
1287 227 1447 270 obfaHam
1457 229 1595 262 Marcello
1603 235 1712 264 mentis
1722 235 1914 267 mutationem
1950 233 2061 269 Mar-2·

1184 279 1260 313 celii
1277 280 1404 312 causam
1424 278 1551 312 discuffi
1573 277 1701 312 abunde
1724 281 1864 323 superins
1882 277 1922 315 a'd
1946 278 2050 325 Sy'no-

1184 328 1263 363 dum
1275 328 1493 363 sardicensem
1504 352 1512 361 .
1539 327 1703 363 Laudatus
1719 327 1738 361 a
1747 327 1961 375 Metrophane
1972 331 2054 365 Pau-

1184 379 1233 412 lus
1256 377 1425 413 Confcffor
1448 378 1575 412 videtur
1597 376 1660 411 effe
1681 377 1812 411 Sanetus
1831 379 1950 414 Paulus
1960 381 2056 416 Con-

1183 426 1494 471 stantinopolitanus
1516 428 1695 472 Episcopus
1711 452 1723 469 ,
1748 428 1767 462 a
1788 424 2054 470 philippopouta-

254 240 321 265 care
328 228 549 273 praesumpfistis
561 255 574 273 ,
599 231 773 279 adserentes
794 244 852 267 non
857 231 1018 276 secundum
1027 234 1125 264 Cano·

253 291 322 314 nem
330 281 429 324 egisse,
456 292 548 326 neque
561 280 721 325 secundum
736 282 860 324 justitiae
872 294 907 315 aa:
916 287 1057 316 veritatis
1076 294 1124 314 ra·

251 334 359 362 tionem
368 332 521 375 decreviffi·
531 356 543 373 ‚
569 344 637 374 quae
642 332 698 376 fibi
708 332 761 377 vis
756 347 774 366 a
780 332 854 376 sunt
862 333 1050 374 definiendo?
1075 336 1124 365 In-

251 385 396 413 venimini
405 384 471 427 ergo
481 387 513 415 in
518 389 609 424 parte
620 380 676 415 bac
694 384 728 417 ἀ
742 382 953 425 Ecclefiasticas
974 383 1008 416 ὅ(
1019 384 1123 415 civiles

250 430 404 472 reprobare
412 431 490 476 leges
496 441 553 474 pro
565 443 597 465 eo
606 457 617 473 ‚
643 433 721 475 quod
728 445 814 476 quem
824 432 945 481 elegistis
966 433 1000 466 ἀ
1008 440 1123 475 praetu-

248 478 459 520 iistisjudtcem
471 506 481 521 ‚
508 492 585 515 nunc
596 482 761 524 abjiciatis.
789 487 887 516 Nemo
908 487 985 516 enim
1005 483 1122 517 electum

247 527 443 572 &sejudieem
455 541 492 563 ex
500 537 624 574 propria
636 540 752 575 optione
762 557 774 574 ‚
799 539 862 569 vice
891 532 980 577 versa
983 534 1122 575 judicare

245 579 300 612 vel
316 581 509 614 condemnare
515 583 634 622 penitus
644 584 730 617 debet
742 608 749 616 .
778 583 913 617 Etenim
927 583 1066 617 photius
1087 581 1121 614 ὅ(

244 628 281 662 in
301 630 406 673 prima
416 631 470 664 sua
493 632 640 666 adversus
660 634 812 667 Sandium
824 632 1121 678 Ignatiuminstan·

243 678 291 712 tia
302 702 314 719 ,
339 679 374 713 δε
384 691 439 723 per
451 682 553 716 varias
572 683 803 725 appellationes
813 683 848 717 in
860 684 1006 727 Judicem
1016 683 1122 716 omni-

243 726 291 762 no
328 729 469 774 elegerat
494 733 647 766 Sanstum
683 733 882 767 Pontificem
918 734 1120 772 Nicolaum,

241 776 382 823 ideoque
392 780 469 815 licet
479 781 553 822 ille,
581 794 649 816 non
665 783 828 826 supremus
844 783 997 818 omnium
1010 780 1121 817 Eccle·

242 829 357 863 {iarum
378 830 504 875 Iudex,
531 829 584 865 sed
604 832 723 866 electus
747 831 979 867 tantummodo
999 833 1033 865 in
1058 830 1120 864 hac

240 880 335 913 causa
347 880 453 926 fuisset
463 880 582 914 arbiter
591 903 604 919 ,
630 892 697 914 non
712 891 836 923 poterat
846 880 1011 914 Photiana
1021 881 1118 914 factio

238 928 309 972 ejus
319 927 476 972 judicium
487 927 624 961 refutare
633 952 643 969 ,
670 939 726 962 aut
736 929 777 963 ad
791 930 945 964 Canones
966 941 1121 973 provoca-

238 987 295 1010 re.
323 974 447 1010 Verum
460 977 669 1012 aemulabatur
691 977 831 1014 photius
856 981 951 1013 suum
976 981 1011 1014 in
1032 981 1119 1015 inva-

235 1025 346 1061 denda
358 1025 727 1071 constantinopolitana
751 1027 904 1063 cathedra
929 1029 1117 1065 Anteceffo-

236 1086 306 1110 rem
328 1075 506 1111 Eusebium
530 1077 818 1113 Nicomediensem
839 1103 850 1118 ,
877 1082 934 1123 qui
955 1080 1055 1115 etiam
1080 1081 1115 1114 in

237 1125 345 1161 Sanni
368 1125 542 1162 Athanafii
564 1130 659 1163 causa
680 1128 802 1172 Julium
820 1124 1018 1166 Pontificem
1031 1130 1118 1174 Judi·

235 1187 307 1211 cem
324 1176 484 1221 elegerat,
509 1177 542 1211 &
555 1178 647 1221 cujus
669 1178 880 1222 postmodum
903 1179 938 1214 in
949 1182 1114 1215 conventi·

234 1226 313 1261 culo
336 1224 645 1272 Philippopolitano
664 1230 764 1263 faffio
783 1228 826 1265 ab
847 1228 915 1271 ejus
926 1230 1056 1272 Iudicio
1073 1230 1115 1265 ad

234 1276 391 1311 canones
401 1289 583 1322 provocans
605 1280 788 1322 supremum
801 1279 909 1315 Sanffl
919 1280 1010 1315 Petri
1025 1280 1116 1325 Apo-

232 1325 311 1361 stoli
335 1325 519 1373 Primatum
539 1339 699 1369 evertere,
722 1330 959 1364 &Romanum
981 1331 1115 1374 Episco-

230 1387 318 1422 pum
326 1377 361 1410 in
374 1389 588 1414 communem
598 1378 859 1415 patriarcharum
871 1379 1021 1414 ordinem
1032 1381 1115 1415 redi-

231 1437 312 1472 gere
336 1429 477 1463 tentavit
497 1453 506 1461 .
532 1426 590 1462 Ab
616 1429 760 1463 Eusebio
785 1428 827 1463 ad
851 1428 1015 1464 Acacium
1036 1452 1048 1471 ,
1072 1429 1114 1464 ab

231 1477 363 1512 Acacio
373 1477 416 1511 ad
427 1476 587 1511 Photium
596 1475 664 1510 haec
677 1477 834 1521 iniquitas
845 1480 995 1514 manavit
1005 1503 1013 1510 .

282 1524 436 1560 secundo
459 1525 545 1560 dixit
564 1522 802 1570 Metrophanes
824 1528 1046 1564 sardicensem
1059 1528 1114 1564 ad-

229 1574 341 1620 versus
350 1573 610 1618 Neophytorum
622 1576 848 1618 promotiones
858 1577 1032 1611 Canonem
1043 1589 1112 1612 om-

228 1622 317 1659 nino
339 1623 448 1658 adhuc
468 1625 532 1659 effe
552 1623 587 1657 in
606 1624 840 1661 Eccclefiarum
862 1627 919 1660 usu
939 1640 950 1660 ,ν
976 1625 1112 1662 Etenim

229 1672 603 1714 Ambrofii‚Nestarii‚
628 1674 784 1715 Eusebii,
809 1674 993 1716 Thalami,
1017 1675 1112 1711 Tha·

226 1723 319 1762 rani,
346 1721 550 1768 Nicephori‚
574 1724 608 1757 &
630 1724 702 1758 aliae
723 1735 830 1769 pauca:
853 1725 1111 1770 Neophytos-um

224 1771 456 1818 promotiones
466 1799 478 1815 ,
497 1786 566 1817 quae
575 1775 645 1806 rar&
651 1774 731 1816 fiunt
739 1800 750 1816 ,
766 1775 876 1818 pofitas
887 1777 964 1821 leges
976 1788 1034 1809 non
1040 1776 1110 1820 sub-

226 1831 355 1856 vertunt
369 1847 382 1864 ,
406 1834 499 1866 neque
504 1826 703 1866 particularia
713 1825 932 1868 universalibus
947 1827 1110 1869 &genera-

225 1871 307 1905 libus
317 1873 508 1906 dominantur
518 1897 531 1914 ‚
556 1875 590 1907 ἐν
604 1877 735 1908 maxime
747 1886 811 1908 cum
819 1876 953 1917 plurima
962 1875 1014 1917 effe
1024 1873 1110 1914 dff-

223 1925 329 1955 rentiae
337 1926 502 1963 reperiatur
512 1945 524 1962 ,
549 1926 583 1955 in
594 1923 700 1955 Phario
724 1926 759 1958 er
766 1918 1006 1965 precedentibus
1015 1947 1027 1964 ,
1053 1928 1106 1965 qut

222 1981 266 2006 ex
278 1974 368 2005 Laico
374 1969 588 2014 provellisunt
597 1995 608 2004 .
634 1973 761 2006 Omnes
772 1972 862 2008 enim
871 1973 1086 2017 praecedentes
1096 1996 1108 2013 ,

224 2018 480 2063 quodlegitime
503 2020 597 2053 electi
611 2023 734 2060 effent,
759 2032 800 2055 ex
812 2023 915 2056 caufis
938 2020 1108 2066 praeviedi·

223 2068 389 2112 {pensavit
399 2091 411 2109 ,
431 2077 488 2102 aut
498 2067 564 2111 jam
573 2078 745 2112 promotos
762 2070 913 2104 toleravit
922 2094 934 2110 ,
961 2070 1042 2105 laica
1054 2083 1108 2106 au-

224 2126 295 2152 tem
321 2116 543 2152 violentiass'in
570 2118 636 2152 vivi
659 2118 782 2162 Ignatii
810 2119 919 2155 sedem
943 2119 1105 2156 intrusum

223 2166 390 2202 Photium
409 2167 665 2202 constantissime
685 2169 808 2213 semper
827 2169 945 2212 abjecit
965 2169 1104 2206 Ecclefia

222 2217 382 2252 Romana
401 2241 409 2249 .
435 2215 538 2260 quue
564 2229 607 2252 ex
632 2216 799 2253 Zachariae
825 2216 1104 2255 Chalcedonensis

221 2266 463 2302 commentario
489 2266 524 2300 in
544 2267 718 2302 adductum
741 2267 916 2303 Canonem
939 2267 1105 2305 Sardicen-

221 2317 288 2350 sem
301 2330 312 2350 .-
338 2315 550 2359 Confi'crantes
570 2321 676 2350 Canon
690 2327 793 2351 cautas
804 2319 906 2352 reddit
923 2343 930 2351 .
957 2319 1103 2355 Cautum

220 2365 332 2401 reddit
342 2367 445 2401 etiam
454 2366 704 2402 confirmantem
716 2392 728 2409 ,
746 2368 890 2412 ideoque
900 2367 1014 2403 Photii
1025 2381 1103 2404 con-

219 2416 435 2451 secrationem
456 2415 651 2452 confirmare
677 2416 794 2452 merito
814 2418 925 2453 noluit
945 2417 1100 2454 Pontifex

219 2464 404 2500 Nicolaus.

269 2514 390 2549 Tertio
400 2517 547 2562 exempla
559 2542 570 2559 ,
595 2518 713 2561 quibus
725 2519 912 2555 Romanam
919 2520 1097 2556 Ecclesiam

217 2566 254 2600 in
267 2565 326 2599 suo
339 2565 380 2600 de
390 2567 671 2611 personisjudicio‘
679 2570 792 2604 errasse
803 2595 815 2611 ‚
841 2570 981 2614 ideoque
993 2571 1096 2613 ipsum

215 2614 259 2649 ab
272 2614 344 2650 aliis
357 2615 511 2651 Ecclefiis
522 2618 653 2653 refutari
671 2620 758 2662 poffe
769 2618 943 2656 Zacharias
952 2619 1097 2655 ostende·

213 2676 251 2700 re
269 2674 433 2707 tentarat,
461 2667 648 2712 adgreditur
667 2668 924 2713 Metrophanes,
950 2669 1093 2705 &diciu

208 2713 342 2758 Falsum
354 2716 413 2756 est,
442 2718 586 2759 &procul
596 2720 616 2749 ἃ
629 2724 778 2752 veritate,
804 2717 895 2754 Ante
915 2721 1029 2754 omnia
1048 2731 1094 2754 re-

206 2762 352 2807 spondet
372 2765 413 2799 ad
424 2767 611 2810 exemplum
624 2767 774 2802 Marcelli
788 2767 1094 2813 MetropolitaevAn·

209 2814 325 2855 cyrani
338 2839 345 2845 .
373 2817 545 2849 Marcellum
555 2816 860 2852 anathematizantem
877 2819 1092 2854 omnem'baere-

204 2861 274 2905 fin,
300 2865 336 2896 o·
347 2874 415 2896 eam
435 2868 567 2899 maxime?
588 2878 678 2908 quam
690 2866 799 2902 babere
817 2869 991 2910 dicebatur,
1012 2869 1092 2910 juste

206 2923 247 2946 ac
269 2914 442 2957 regulariter
455 2916 564 2958 Julius
577 2919 666 2959 Papa
686 2920 840 2951 Romanus
866 2919 1089 2961 &sardicenfis

207 2963 337 3001 &nodus
360 2969 471 3004 recepit
493 2989 500 2995 .
527 2967 666 2999 Similiter
690 2973 768 2999 enim
790 2978 854 3000 eum
865 2968 1030 3009 facientem
1055 2970 1090 3002 ὀ·

209 3010 386 3054 Athanasius
397 3015 527 3056 Magnus
539 3038 551 3054 ,
577 3017 612 3049 6·
622 3017 737 3050 Paulus
748 3016 895 3059 Confeffln·
906 3043 916 3059 ‚
935 3027 1033 3051 turres
1054 3019 1088 3052 (ν’

205 3064 350 3097 columna
366 3061 546 3096 orthodoxa·
554 3064 628 3106 fidei
638 3090 649 3105 ,
676 3068 710 3100 (¹5
721 3075 947 3108 acceptaverunt
959 3069 993 3101 Θ
1002 3071 1086 3099 Com-

207 3111 567 3153 ministrumbabuerunt:
594 3116 755 3156 Novtfflm?
771 3126 871 3150 autem
881 3118 925 3150 ad
931 3123 1085 3159 proprium

206 3168 352 3196 vomitum
369 3160 520 3205 reversum
528 3186 540 3203 ,
567 3164 603 3196 (9
616 3163 830 3207 deprehensum
849 3166 1020 3200 baereticum
1031 3166 1063 3198 bi
1073 3190 1084 3207 ,

201 3218 258 3254 qui
267 3218 343 3256 circa
354 3214 514 3251 sylvanum
522 3221 611 3246 erant
620 3233 631 3251 ,
656 3215 993 3249 anathematizaverunt
1000 3238 1010 3254 ‚
1019 3214 1082 3257 qui-

202 3260 260 3295 bus
281 3265 315 3295 Θ·
347 3263 484 3296 Liberius
502 3270 558 3304 per
567 3262 688 3295 litteras
706 3263 781 3306 suas
793 3289 803 3303 ‚
828 3270 878 3306 qui
893 3264 956 3305 post
957 3265 1082 3308 Julium

193 3309 286 3351 ficit,
310 3313 481 3353 concordat,
509 3313 613 3346 dicens
629 3325 641 3346 .-
667 3312 987 3348 MARCELLUM
1005 3315 1079 3349 DE·

206 3358 310 3396 Nuo
320 3361 452 3396 IMPIE
465 3360 926 3397 DOGMATIZANTEM.
953 3368 1013 3396 Hoc
1029 3376 1082 3397 au.

202 3415 266 3443 tem
276 3421 333 3444 non
342 3412 380 3452 est
394 3411 558 3455 reprobatio
564 3413 672 3453 judicii
679 3415 711 3457 J
713 3415 767 3446 ulii
789 3415 839 3448 vel
846 3413 1023 3455 Sardicenfis
1035 3415 1080 3453 sy-

303 3459 412 3502 Cbrist.
426 3465 505 3506 Lupi
517 3466 602 3505 Operi
616 3464 695 3496 Tom·
705 3466 760 3496 ΠΕ

1892 148 1983 208 385

1185 489 1230 512 no
1242 477 1429 512 Eusebianae
1442 477 1592 512 factionis
1610 478 1844 512 conventiculo
1862 477 2030 512 damnatus
2041 502 2056 518 ‚

1184 527 1394 571 postmodum
1415 527 1457 562 ab
1478 528 1597 562 eisdem
1609 527 1800 562 Eusebianis
1822 528 1996 562 suffocatus
2019 527 2055 560 iu
2109 527 2113 530 ’

1184 577 1324 619 balneo,
1352 579 1410 622 qui
1424 578 1488 611 una
1510 587 1586 611 cum
1596 577 1758 612 Marcello
1778 579 1939 613 &Sancto
1950 574 2062 611 Arhass

1184 629 1270 661 nafio
1282 628 1457 672 appellarat
1478 628 1517 662 ad
1530 627 1653 675 Julium
1665 626 1859 662 Pontificem
1870 652 1882 669 ,
1908 627 2054 661 Romam

1182 678 1351 712 accefferat
1370 700 1382 717 ‚
1407 689 1445 712 ac
1468 690 1523 722 per
1546 677 1713 712 laudatum
1732 675 1928 712 Pontificem
1953 679 2056 712 fuerat

1184 727 1330 762 Ecclesia:
1353 729 1414 762 suae
1435 727 1600 762 restitutus
1621 752 1628 759 .
1655 726 1792 762 Labitur
1810 736 1919 762 tamen
1931 727 2063 762 Metro·-

1183 776 1303 818 phanes
1324 777 1475 811 Marcelli
1499 777 1747 812 damnationem
1767 777 1859 811 fuiffe
1880 778 1899 811 a
1919 777 2057 811 Liberio

1182 826 1346 860 Pontifice
1368 838 1528 870 receptam
1549 839 1587 863 ac
1609 827 1777 870 probatam
1790 853 1797 859 .
1823 827 1956 861 Etenim
1979 827 2061 860 San·

1181 876 1249 908 stus
1259 875 1396 910 Basilius
1407 878 1553 922 Magnus
1562 902 1574 918 ,
1595 876 1730 911 Liberio
1742 887 1861 920 coevus
1871 901 1882 917 ,
1893 887 1930 910 ac
1940 886 2058 911 omnes·

1179 923 1246 967 ejus
1274 926 1315 958 ad
1336 926 1505 968 Synodurn
1527 925 1767 969 Thyanensem
1787 928 1911 962 litteras
1930 924 2056 970 optime

1180 973 1299 1008 callens
1311 997 1322 1013 ,
1346 975 1418 1019 post
1429 977 1494 1019 ejus
1505 986 1643 1011 mortem
1654 977 1711 1011 sub
1725 977 1911 1012 success'oris
1921 975 2055 1011 Damasi

1179 1024 1383 1059 Pontificatu
1406 1025 1517 1059 scribit
1539 1027 1581 1060 ad
1599 1027 1753 1061 Sanstum
1775 1026 1992 1062 Athanasium
2012 1024 2056 1059 de

1181 1074 1362 1113 Marcello,
1387 1073 1492 1118 deque
1511 1075 1663 1109 Romana
1687 1075 1825 1110 Ecclesia
1846 1078 1879 1111 ἀ
1899 1074 2057 1110 omnibus
2074 1059 2161 1102 EPffl‘
2169 1066 2218 1098 4⁶⁹

1180 1123 1329 1159 Latinis:
1356 1126 1528 1158 Marcellum
1538 1135 1727 1167 nequaquam
1739 1125 1896 1166 reprobare
1909 1124 2059 1168 visisunt,

1178 1174 1212 1207 (9
1229 1182 1286 1216 per
1296 1174 1346 1207 boe
1364 1175 1506 1216 culliandi
1526 1181 1672 1213 veniunt,
1697 1181 1731 1206 ut
1750 1179 1803 1216 qui
1814 1174 1854 1207 ab
1877 1175 2058 1208 initioillum

1174 1232 1231 1267 per
1240 1229 1442 1268 ignorantiam
1453 1230 1595 1259 veritatis
1617 1231 1650 1257 in
1662 1223 1889 1266 Ecclefiaflicam
1900 1248 1912 1265 ‚
1938 1225 1973 1259 id
1986 1225 2032 1259 est
2043 1250 2057 1268 ,

1178 1274 1406 1318 Episcopalem
1429 1297 1441 1313 ‚
1475 1281 1568 1308 etiam
1599 1279 1837 1311 communionem
1870 1281 2032 1318 receperint
2045 1300 2056 1309 .

1177 1323 1338 1368 Perpetuo
1359 1324 1459 1368 usque
1481 1324 1523 1359 ad
1543 1335 1685 1359 mortem
1704 1324 1751 1358 est
1777 1324 1837 1363 ista
1860 1325 1993 1360 Basilius
2014 1325 2059 1360 de

1178 1374 1340 1409 Romanis
1365 1373 1400 1409 ἀ
1414 1375 1538 1410 cunctis
1549 1373 1820 1409 Occidentalibus
1844 1376 2060 1418 conquestus.

1177 1424 1344 1470 roirca
1356 1424 1507 1458 Marcelli
1516 1425 1764 1459 damnationem
1778 1424 1863 1468 prius
1872 1425 1943 1466 post
1955 1426 2062 1467 Syno-

1176 1471 1257 1506 dum
1271 1472 1678 1515 Constantinopolitanam
1702 1474 1821 1515 recepit
1831 1473 1984 1508 Romana
1997 1475 2061 1508 Ec·

1176 1521 1269 1556 clefia
1281 1545 1293 1562 ,
1319 1522 1401 1556 dum
1412 1523 1530 1566 recepit
1542 1521 1684 1565 ejusdem
1696 1522 1821 1564 Synodi
1836 1522 2032 1565 Symbolum
2046 1548 2061 1564 ,

1176 1571 1211 1603 in
1232 1581 1302 1613 quo
1322 1572 1510 1615 profitemur
1529 1584 1537 1603 :
1565 1574 1660 1616 Cujus
1682 1574 1777 1614 Rfflni
1799 1583 1857 1604 non
1882 1578 1941 1605 erit
1960 1573 2035 1615 finis
2048 1598 2057 1606 .

1175 1620 1255 1655 Hoc
1276 1620 1368 1655 enim
1389 1621 1545 1655 insertum
1570 1622 1663 1656 fuiffe
1682 1619 1834 1654 adversus
1857 1621 2057 1659 Marcellum

1174 1669 1452 1716 testaturdiserte‚
1476 1671 1533 1714 qui
1544 1670 1682 1715 Synodo
1693 1670 1863 1712 interfuit,
1889 1671 1924 1706 in
1941 1672 2059 1716 quinta.

1174 1719 1302 1756 decima
1328 1719 1499 1756 Catechefi
1524 1721 1659 1756 Sanetus
1693 1719 1840 1765 Cyrillus
1875 1721 2058 1770 Episcopus

1174 1770 1500 1815 Hierosolymitanus
1509 1797 1516 1804 .

1222 1819 1352 1863 Qartd
1362 1820 1502 1862 exponit
1517 1816 1755 1863 Metrophanes
1783 1820 1911 1855 causam
1924 1818 2057 1865 Apiarii

1171 1866 1356 1911 Presbyteri
1368 1893 1377 1901 .
1404 1873 1561 1912 Apiarium
1574 1893 1584 1909 ,
1596 1870 1661 1903 cum
1671 1871 1739 1914 esset
1753 1870 1907 1908 Presbyter
1921 1871 2057 1913 Ecclesi'ae

1170 1916 1324 1958 siccensis,
1349 1918 1502 1958 Africanae
1527 1921 1716 1960 protritum,
1747 1919 1956 1954 Mauritaniae
1981 1921 2055 1956 Siti-

1170 1965 1265 2000 fenfis
1277 1989 1289 2006 ,
1309 1973 1438 2008 propter
1456 1967 1588 2009 aliquam
1598 1967 1717 2010 causam
1725 1966 1894 2010 segregavit
1910 1977 2055 2012 proprius·

1170 2012 1332 2058 Episcopus
1347 2016 1486 2049 Urbanus
1499 2040 1510 2056 ,
1530 2016 1629 2057 postea
1642 2019 1715 2051 vero
1735 2015 1867 2059 deposuit
1877 2022 2055 2054 omnimodis·

1169 2066 1319 2106 synodus,
1345 2076 1412 2109 quae
1432 2066 1543 2100 ibidem
1565 2066 1679 2100 eollec‘la
1698 2066 1757 2109 est3
1785 2069 1929 2102 Zozimus
1949 2080 2054 2104 autem

1170 2116 1261 2157 Papa
1284 2125 1481 2150 recurrentem
1505 2116 1549 2149 ad
1551 2115 1616 2159 sese
1628 2141 1638 2157 ,
1665 2118 1699 2150 (5
1704 2115 1799 2161 semet
1811 2116 1954 2160 insontem
1965 2120 2051 2154 exhi-

1168 2160 1281 2199 bentem
1288 2165 1514 2208 justificavit&
1525 2166 1570 2199 ad
1578 2165 1751 2207 Africanam
1764 2168 1906 2205 synodum
1921 2175 2046 2203 mittens

1166 2225 1231 2248 tum
1241 2217 1374 2257 litteris,
1402 2221 1554 2249 utiterum
1569 2214 1761 2259 susciperetur
1782 2222 1840 2260 egit
1852 2243 1859 2249 .
1889 2218 2046 2256 Ostendit

1166 2275 1242 2299 eum
1266 2264 1307 2299 ab
1321 2264 1485 2300 Africanis
1508 2265 1674 2309 Episcopis
1694 2267 1788 2300 fuisse
1809 2268 1950 2303 omnino
1963 2281 2053 2305 rece-

1166 2325 1278 2358 ptum,
1304 2326 1342 2349 ac
1359 2315 1500 2357 Zozymi
1524 2313 1686 2350 mandatis
1709 2315 1905 2358 obeditum,
1930 2319 1964 2352 ὃς
1976 2331 2046 2363 per-

1163 2365 1211 2410 git
1223 2379 1234 2399 .-
1260 2371 1414 2399 invenitur
1434 2370 1525 2408 igitur
1539 2365 1683 2407 Africana
1706 2367 1834 2404 synodus
1855 2370 2049 2422 paruiffego.

1161 2416 1221 2448 tius
1236 2418 1268 2460 J
1272 2417 1364 2449 udicio
1376 2417 1496 2454 Zozymi
1514 2418 1642 2448 Romani
1658 2418 1752 2458 Papae
1763 2441 1774 2457 ,
1799 2428 1835 2450 ac
1846 2425 1900 2459 per
1917 2418 1967 2454 hoc
1974 2428 2046 2462 pro-

1157 2470 1261 2506 priam
1285 2464 1443 2508 reprobaffe
1464 2464 1650 2508 sententiam
1670 2491 1681 2507 ,
1707 2468 1741 2500 (9
1758 2466 1925 2510 Justificaffe
1953 2474 2044 2511 Apia-

1160 2520 1237 2548 rium
1258 2540 1269 2556 ,
1297 2526 1356 2548 non
1380 2513 1504 2558 restittffe
1528 2523 1595 2548 voto
1619 2518 1817 2549 Romanorum
1846 2517 2040 2559 Pontificum.

1160 2563 1312 2607 Apiarius
1335 2565 1480 2599 Romam
1501 2565 1665 2609 appellans
1682 2575 1791 2611 egerat
1811 2577 1926 2601 contra
1953 2579 2040 2602 vetu-

1159 2614 1324 2649 stiffimam
1361 2613 1509 2648 Eccleflae
1545 2614 1709 2649 Africanae
1745 2616 2012 2650 consuetudinem
2024 2643 2036 2658 ‚

1156 2665 1348 2709 causamque
1361 2662 1572 2699 deditmultae
1584 2664 1668 2700 inter
1690 2664 1775 2699 hanc
1794 2666 1828 2699 &
1842 2664 2031 2701 Romanam

1155 2715 1261 2748 sedem
1282 2715 1510 2749 contentionis
1531 2739 1538 2746 .
1566 2713 1727 2749 Africanae
1749 2714 1895 2749 Ecclefiae
1917 2716 2033 2752 Clesus

1153 2764 1288 2800 inferior
1299 2764 1442 2799 Romam
1465 2763 1625 2808 appellare
1645 2776 1711 2798 non
1728 2774 1875 2807 poterat.-
1902 2765 2034 2801 Primus

1155 2815 1187 2849 id
1198 2815 1369 2850 attentavit
1382 2814 1537 2858 Apiarius
1549 2839 1556 2846 .
1583 2814 1676 2848 Hinc
1688 2814 1796 2848 omnis
1809 2814 1863 2848 illa
1879 2825 1952 2849 curn
1966 2818 2032 2851 Zo-

1152 2877 1251 2908 zymo
1263 2864 1427 2899 Pontifice
1445 2864 1558 2907 &ejus
1571 2863 1905 2909 succefforibuslonga
1929 2867 2031 2901 &du-

1153 2927 1184 2948 ra
1195 2914 1236 2950 de
1248 2915 1402 2949 Romana
1420 2914 1634 2958 appellatione
1647 2914 1710 2954 lis,
1736 2926 1794 2959 per
1814 2916 1937 2950 sextam
1952 2917 2038 2951 Cari

1148 2955 1374 3009 *rhaginensem
1398 2965 1569 3009 synodum
1598 2971 1799 3004 memorata,
1824 2977 1878 3009 per
1895 2965 2028 3001 Bonifa-

1151 3015 1239 3048 cium
1262 3015 1437 3049 secundum
1459 3013 1653 3047 Pontificem
1675 3015 1938 3057 &justinianum
1959 3016 2030 3052 Au—

1150 3065 1281 3108 gustum
1293 3064 1426 3098 tandem
1439 3062 1593 3097 exstincta
1605 3088 1615 3104 ‚
1641 3075 1678 3097 ac
1690 3075 1744 3108 per
1757 3064 1908 3100 Marcum
1921 3066 2029 3101 Anto·

1151 3115 1242 3147 nium
1252 3113 1293 3147 de
1308 3113 1466 3147 Dominis
1488 3112 1529 3147 ad
1541 3114 1729 3147 Romanum
1744 3113 1927 3150 Primatum
1948 3117 2027 3150 arie·

1150 3163 1285 3197 tandum
1297 3162 1442 3206 imperite
1452 3172 1508 3196 aut
1519 3164 1666 3207 nequiter
1676 3164 1844 3207 adsumpta
1859 3191 1866 3198 .
1890 3167 2023 3200 Etenim

1147 3211 1328 3247 etiamnum
1339 3211 1440 3247 hodie
1451 3223 1491 3246 ex
1502 3212 1642 3247 Adriani
1665 3215 1770 3257 quarti
1783 3214 1958 3250 Pontificis
1969 3227 2024 3258 per

1148 3262 1377 3296 Innocentium
1401 3262 1533 3297 tertium
1555 3261 1709 3297 roborato
1731 3263 1860 3298 indulto
1887 3266 2022 3298 inferior

1147 3313 1263 3346 Siciliae
1274 3312 1388 3346 Clerus
1410 3312 1552 3347 Romam
1572 3313 1731 3356 appellare
1751 3325 1819 3348 non
1832 3313 1933 3357 potest
1945 3335 1954 3348 ,
1981 3312 2017 3345 &

1146 3371 1253 3396 tamen
1279 3374 1349 3396 non
1369 3360 1499 3396 dubitat
1527 3360 1568 3396 de
1585 3361 1731 3397 Primatu
1758 3363 1913 3397 Romano
1937 3384 1943 3390 .
1970 3359 2016 3393 Et

1144 3411 1277 3455 quidem
1294 3411 1436 3456 zozymi
1446 3412 1487 3447 de
1504 3410 1643 3495 Agario
1654 3414 1830 3458 gratiosum
1853 3408 2015 3490 judici-um

1596 3472 1615 3496 c
1639 3473 1658 3496 c
1876 3469 1938 3501 qua
1953 3469 1966 3492 ι
