2340 3762
77 525 139 559 Ly„
154 530 211 558 c.4.

19 689 24 692 ·
71 676 212 713 1.5.c.20.

73 788 156 828 Epist.
164 799 192 820 2.

71 905 145 944 Cap.
166 908 198 942 72

14 1102 16 1105 r
69 1061 191 1100 Cap-io.

64 1736 131 1770 Ad:-
138 1741 171 1774 43

61 2086 95 2118 L.
113 2094 183 2123 ¹¹9·

62 2845 89 2876 1³.
115 2848 182 2882 576·

657 150 723 182 Dr„
758 142 995 182 SEP.·1⁶1MA
1030 134 1272 181 sineno
1303 133 1640 186 Genauam.

251 221 451 266 Episcopus,
475 220 565 255 testis
586 220 737 257 oculatus
756 245 767 262 ‚
786 220 909 257 addens
931 220 1121 255 Sanctorum

250 270 485 314 Apostolorum
495 271 584 306 Petri
595 271 777 312 &Pau1i,&
785 271 881 316 ipfius
892 270 991 304 etiam
1001 268 1123 305 Christi

250 319 392 363 Domini
411 322 569 367 imagines
589 346 600 361 ,
624 323 746 356 colorum
772 327 922 356 varietate
952 318 1125 364 expreffas*²

248 368 493 414 conservatasque
502 397 512 413 ,
525 372 558 406 id
567 372 612 406 est
623 394 634 411 ,
644 370 662 404 ὲ
676 371 857 416 Majoribus
868 381 1016 413 acceptas
1026 395 1037 410 ,
1067 371 1123 406 suo

249 428 396 465 tempore
405 421 497 457 fuisse
508 422 629 466 ubique
642 423 788 456 usitatas.
813 420 996 455 Posteriora
1018 419 1124 456 lauda-

247 478 288 505 tae
299 471 450 516 imaginis
460 471 519 506 sub
530 470 661 514 Juliano
684 472 840 517 Apostata
851 470 1046 517 Imperatore
1067 470 1125 504 mi-

247 521 359 555 racula
383 523 477 556 refert
497 520 650 557 Hermias
669 521 879 558 Zozomenus
893 545 900 552 .
930 520 1034 568 Qod
1057 520 1123 564 ipsc

248 569 418 606 Dominus
428 572 516 615 Jesus
527 568 674 606 Christus
688 573 866 617 imaginem
881 572 970 604 suam
982 583 1049 605 non
1062 581 1126 604 rna·

248 620 410 655 nufastam
422 620 577 665 Abagaro
589 622 820 658 Edessenorum
830 621 976 664 Principi
987 620 1123 660 miserit,

248 668 429 714 Gregorius
449 672 607 707 secundus
617 671 772 710 Pontifex
793 672 829 705 in
855 671 968 706 litteris
988 671 1028 704 ad
1040 670 1124 705 Leo-

248 730 326 753 nem
346 720 487 756 Isaurum
515 721 675 758 adseverat
694 747 701 755 .
727 722 907 757 Orientalis
928 721 1070 757 Ecclesia
1092 718 1124 754 id

248 769 371 814 semper
381 770 497 807 habuit
507 772 726 807 indubitatum
738 797 745 804 .
773 772 815 806 Et
828 772 861 806 in
876 770 960 805 libro
982 771 1023 804 de
1034 770 1124 814 pudi-

249 820 328 854 citia
340 821 491 857 adversus
501 820 721 856 orthodoxam
735 821 910 855 Ecclesiam
923 819 1031 853 scribit
1042 819 1126 853 Tet-

249 869 406 904 tullianus
418 894 426 902 .
454 872 623 905 Procedant
642 869 715 912 ipsae
733 869 861 913 pillurae
880 869 1002 902 calicum
1022 867 1125 907 ‘oestro-

245 929 313 952 rum
325 941 336 958 ,
354 916 386 961 fi
391 921 442 953 vel
454 921 559 955 inillis
568 919 729 961 perlucebit
738 925 947 960 interpretatio
954 919 1077 959 pecudis
1089 919 1119 951 il·

246 967 328 1008 Iius,
353 969 687 1010 utrumnecbrisiiano,
709 979 751 1002 an
773 968 903 1002 Ethnico
921 974 1065 1010 peccatori
1088 969 1124 1000 de

245 1017 421 1059 restitutione
439 1020 596 1053 conlineet.
627 1020 712 1054 Etin
726 1019 792 1053 alio
821 1019 961 1062 ejusdem
976 1018 1049 1054 libri
1072 1030 1124 1051 ca-

245 1068 336 1112 pite.-
362 1070 413 1103 1lle
427 1069 457 1110 fi
465 1069 548 1110 forte*
571 1069 809 1112 patrocinabitur
834 1069 957 1110 Pastor,
983 1080 1067 1111 quem
1090 1075 1123 1103 in

244 1118 332 1152 calice
343 1121 477 1163 depingis
487 1144 495 1151 .
523 1118 692 1154 Christum
706 1119 896 1154 Dominum
921 1119 954 1153 in
969 1118 1049 1153 boni
1065 1118 1123 1154 Pa-

243 1168 340 1202 storis
356 1192 368 1209 ,
393 1173 489 1204 orem
505 1170 670 1214 perditam
693 1171 728 1205 in
750 1167 886 1204 humero
906 1169 1122 1212 reportantis,

243 1218 352 1262 effigie
376 1221 502 1263 antiqui
516 1220 625 1255 fideles
634 1218 815 1265 pingebant
839 1221 872 1253 in
898 1220 993 1254 sacris
1013 1219 1121 1253 calici·

243 1266 320 1302 bus:
345 1267 465 1314 Neque
478 1270 633 1314 picturam
656 1270 772 1312 istam,
799 1269 853 1304 sed
865 1269 931 1312 ejus
956 1269 996 1303 ad
1023 1269 1123 1313 poeni-

241 1326 349 1352 tentes
359 1318 506 1354 moechos
521 1320 773 1365 applicationem
783 1319 1009 1355 Tertullianus
1021 1330 1122 1362 repre-

241 1365 374 1403 hendit.
404 1370 538 1404 Etenim
561 1371 595 1404 &
607 1369 775 1404 adversum
787 1370 948 1413 gentiles,
973 1370 990 1402 a
1003 1369 1120 1411 quibus

240 1416 287 1453 ob
305 1427 474 1452 veneratas
495 1420 698 1453 sacrosandiae
709 1419 826 1452 Crucis
849 1418 1010 1461 imagines
1019 1422 1120 1449 Cruci-

239 1467 310 1499 colae
330 1466 552 1507 vocabamur,
581 1479 641 1502 nos
660 1469 695 1501 in
717 1466 803 1502 libu‘o
816 1465 1042 1510 Apologetico
1065 1466 1117 1500 de-

238 1515 361 1550 fendit.
390 1516 502 1551 Etiam
521 1516 686 1551 Minutius
707 1516 821 1550 Felix.
850 1516 895 1550 Et
917 1515 1024 1550 hinca
1038 1517 1121 1550 Dio-

239 1564 382 1600 cletiano
397 1566 548 1611 Augusto
567 1567 660 1602 fuifle
682 1566 837 1601 omnibus
856 1565 974 1605 fabris,
1002 1577 1044 1600 ne
1065 1578 1121 1601 au-

241 1626 310 1649 reas
331 1626 386 1649 aut
413 1626 583 1661 argenteas
612 1618 731 1651 Cruces
742 1615 938 1650 Christianis
958 1615 1120 1656 facerent,

241 1664 301 1699 sub
319 1665 434 1708 capitis
455 1676 545 1708 paena
571 1666 780 1702 interdiehim
804 1689 816 1707 ,
844 1666 984 1699 referunt
1011 1666 1119 1700 fidelia

242 1714 327 1752 Asta
338 1715 446 1751 Sanffl
455 1715 611 1760 Procopii
630 1717 788 1760 Martyris
801 1740 811 1755 ,
839 1715 917 1750 lecta
940 1717 974 1750 δε
986 1716 1120 1759 probata

241 1763 279 1797 in
290 1763 428 1806 Synodo
438 1765 583 1809 praesenti
598 1790 605 1799 .
633 1765 786 1808 Ejusdem
798 1765 963 1809 Principis
973 1775 1119 1809 tempore

240 1814 342 1853 ¹sacras
354 1814 513 1859 imagines
525 1839 537 1855 ,
564 1813 651 1849 haud
662 1815 763 1850 dubie
773 1815 923 1850 adversus
934 1816 1119 1850 Gentilium

241 1859 444 1905 calumnias,
469 1865 487 1898 a
511 1866 628 1899 Sancto
641 1866 792 1909 Martyre
812 1864 944 1905 Pierio,
973 1865 1119 1900 Ecclefiae

239 1910 470 1948 Alexandrinae
481 1925 519 1949 ac
530 1914 681 1950 Theonae
695 1914 890 1949 Patriarchae
902 1914 1096 1958 Presbytero
1109 1940 1119 1955 ,

239 1963 333 1998 fuisse
343 1963 471 1999 defensa
483 1988 494 2004 ,
514 1964 764 2008 ostensumque,
790 1976 903 2001 omnem
924 1976 1025 1998 earum
1036 1965 1118 1998 bono-

239 2024 302 2046 rem
320 2015 593 2048 &irreverentiam
607 2019 755 2057 Prototypi
765 2016 816 2059 effe
825 2015 959 2048 honorem
973 2015 1038 2058 five
1050 2022 1119 2050 irre-

238 2068 409 2097 verentiam
421 2086 431 2104 ,
458 2062 554 2106 tradit
566 2062 707 2099 Photius
718 2065 751 2099 in
766 2063 972 2100 Bibliotheca
986 2090 993 2099 .

289 2111 437 2158 Qaestio
460 2113 505 2151 est
529 2137 540 2154 ,
566 2111 623 2147 An
651 2114 813 2157 primitiva
839 2139 850 2155 ,
877 2114 1060 2150 Gentilium
1081 2126 1118 2150 ac

238 2160 422 2205 Judaeorum
442 2163 614 2202 calumniis
640 2165 674 2198 ὃς
689 2164 965 2207 persecutionibus
987 2164 1117 2201 divexa·

238 2222 272 2246 ta
286 2236 296 2252 ,
323 2212 463 2247 Ecclesia
475 2214 559 2247 sacra
571 2214 730 2259 imagines
751 2226 818 2249 non
834 2215 1042 2249 solummodo
1055 2217 1116 2260 pri-

239 2262 342 2295 vatim
366 2263 546 2306 usurparit,
571 2263 623 2297 sed
649 2265 748 2299 etiam
777 2262 903 2308 publice
925 2266 958 2298 in
975 2265 1117 2302 Basilicis

237 2312 444 2353 exposuerit?
470 2312 535 2346 Pro
546 2323 636 2356 parte
658 2314 860 2348 adfirmativa
883 2314 962 2348 fecit
985 2318 1117 2351 auctori-

238 2370 287 2394 tas
299 2361 439 2396 Adriani
454 2363 551 2405 primi
562 2362 734 2398 Pontificis
747 2365 781 2398 in
795 2365 909 2399 litteris
921 2365 1116 2410 dogmaticis

237 2410 280 2444 ad
292 2411 547 2447 Constantinum
561 2413 746 2458 Augustum
763 2427 799 2449 ac
817 2414 885 2456 eius
910 2424 1045 2450 matrem
1057 2418 1114 2452 lte·

238 2472 333 2494 nem.
360 2461 531 2496 Sanfflrum
544 2461 648 2506 figura·
659 2465 696 2497 ab
709 2463 776 2506 ipſss
795 2463 913 2508 sanclis
920 2463 991 2506 fidei
1013 2466 1115 2506 nostra·

238 2511 414 2546 rudimentis
440 2514 527 2553 apud
534 2524 633 2546 omnes
652 2514 740 2556 fuere
751 2514 931 2553 Christianos
943 2540 953 2555 ,
979 2525 1115 2559 atquem

237 2559 372 2601 Ecclefiis
382 2560 554 2594 sanctorum
561 2561 656 2605 sacrae
665 2563 768 2607 figurae
780 2565 918 2607 expreffae
928 2575 1019 2608 atque
1031 2569 1115 2608 depi-

235 2610 292 2643 c‘lae
302 2609 592 2652 hadenusfuerunt:
620 2614 779 2656 ,Quatenus
806 2617 962 2657 gentilitas
976 2619 1115 2659 Pagano-

235 2672 304 2694 rum
323 2659 475 2703 conspecta
488 2664 613 2695 Divinae
625 2666 784 2705 scriptura·
806 2665 925 2706 depilla
936 2665 1052 2704 historia
1075 2667 1113 2700 ab

235 2710 376 2749 idolorum
397 2712 512 2743 cultura
535 2713 750 2746 &daemonum
768 2711 932 2753 simulacris
953 2717 1000 2748 ad
1012 2727 1114 2752 verum

235 2759 473 2800 Christianitatis
483 2762 584 2794 lumen
595 2772 684 2805 atque
696 2768 802 2796 amoris
816 2767 872 2797 Dei
892 2765 1037 2799 culturam
1048 2778 1115 2801 ver·

238 2813 265 2841 ei
275 2810 406 2850 deberet:
434 2811 624 2846 Consonare
649 2814 775 2848 videtur
787 2813 1114 2852 lconoclasticiCon·

238 2859 397 2893 venticuli
415 2861 607 2896 Refutatio.
635 2866 660 2897 Α
672 2863 780 2904 Christi
794 2867 914 2898 Domini
933 2867 1111 2908 temporibus

236 2905 328 2950 usque
340 2909 383 2940 ad
391 2910 616 2949 Constantinum
627 2918 834 2956 Imperatorem
848 2914 1026 2957 transierunt
1037 2924 1111 2951 anni

237 2955 323 3001 quafi
328 2965 467 2999 trecenti,
490 2961 645 3004 cumprius
667 2965 852 3003 tyrannidem
871 2967 985 3009 Pagam·
999 2977 1110 3001 exerce-

236 3008 436 3049 rent,quando
440 3007 548 3051 scilicet
556 3014 681 3052 plurimi
691 3013 925 3053 Christianorum
935 3016 1038 3049 bonum
1052 3029 1111 3050 cer-

235 3066 338 3092 tamen
347 3067 495 3093 certantes
506 3067 640 3099 martyrio
648 3061 785 3105 soeculum
796 3064 846 3096 hoc
858 3066 1111 3109 derelinquebant,

236 3108 386 3141 adversus
401 3109 479 3141 idola
487 3108 681 3155 insurgentes.
693 3113 927 3153 christianorum
938 3120 1008 3149 vero
1019 3124 1110 3159 copia,

237 3159 355 3191 Divino
364 3159 424 3190 zelo
435 3169 593 3201 commota,
619 3163 785 3205 templaque
794 3164 984 3204 construentes
997 3190 1008 3205 ,
1033 3179 1113 3208 quae-

207 3210 211 3214 '
235 3208 311 3242 dam
321 3212 354 3240 ln
366 3213 481 3241 nomine
500 3208 608 3249 Christi
621 3235 631 3250 ,
656 3214 794 3253 quaedam
818 3214 966 3247 inhonore
993 3217 1111 3251 sanav-

234 3268 303 3293 rum
313 3281 324 3298 ,
348 3258 400 3290 alti
412 3258 611 3292 humanitatis
629 3266 662 3294 in
674 3266 717 3294 eis
730 3262 838 3303 Christi
850 3267 905 3296 Dei
919 3263 1005 3301 nostri
1016 3265 1085 3300 aaa
1100 3293 1109 3307 ,

232 3307 292 3388 alig
308 3314 476 3341 certaminis
490 3311 651 3348 Martyrum
671 3318 856 3346 narrationes
877 3313 1016 3348 coloribus
1037 3328 1107 3351 exa-

237 3367 275 3391 'a
294 3366 347 3390 ant
358 3382 365 3390 .

1887 157 2004 204 213χ

1184 218 1359 254 dicationis
1382 219 1582 264 temporibus
1603 221 1705 256 sacras
1716 219 1874 267 imagines
1896 226 1931 258 in
1945 227 2058 262 Eccle-

1184 270 1236 303 fiis
1249 280 1316 303 non
1343 268 1453 303 fuifle.
1480 268 1604 306 Lucide
1623 269 1657 303 id
1673 270 1804 304 testatur
1828 273 1942 309 AElius
1962 275 2070 314 Lama

1185 319 1308 363 pridius
1319 343 1329 359 ,
1355 318 1498 355 scribens
1507 319 1547 353 de
1557 317 1752 363 Imperatore
1762 319 1953 358 Alexandro
1965 324 2060 359 Seve-
2077 339 2149 379 Cap·
2166 348 2211 376 ⁴3-

1185 381 1228 403 ro.
1255 368 1370 410 christo
1380 370 1522 410 templum
1528 369 1633 414 fatere
1643 372 1748 409 waic,
1761 381 1883 414 eumque
1892 379 1969 407 inter
1980 378 2058 408 Deos
2072 408 2074 410 ,

1184 424 1307 461 recipere
1329 443 1341 459 ,
1365 419 1444 462 quod
1468 421 1503 456 &
1522 421 1671 454 adrianus
1693 421 1821 464 cogitaffe
1838 423 1943 467 fertur
1974 447 1984 462 ,
2009 430 2060 465 qui

1184 470 1296 512 templa
1307 475 1339 502 in
1347 468 1481 503 omnibus
1498 471 1674 503 civitatibus
1690 470 1754 513 fine
1755 469 1917 514 simulacris
1930 473 2070 517 jufferat-

1179 519 1266 561 fieri,
1291 531 1358 563 quae
1381 518 1468 552 bodie
1489 520 1595 553 idcirco
1608 526 1678 561 quia
1699 532 1758 553 non
1778 521 1891 556 babent
1917 530 2037 555 nomina
2050 546 2062 563 ,

1185 571 1322 603 dicuntur
1335 568 1547 614 ADRiANI
1558 593 1568 610 ,
1593 580 1660 611 quae
1671 571 1719 603 ille
1729 573 1774 603 ad
1792 571 1963 615 bocparaffe
1986 575 2067 611 dice-⁴

1185 619 1288 652 batur:
1313 620 1374 653 Sed
1377 618 1594 662 prohibitusest
1614 619 1701 652 abiis
1716 644 1726 658 ,
1753 627 1804 662 qui
1815 621 1996 663 consulentes
2011 621 2064 665 sa-

1184 681 1235 702 cra
1258 692 1269 708 ,
1296 678 1470 711 repererant
1491 681 1590 703 omnes
1613 668 1796 710 Christianos
1815 670 1933 713 futuros
1955 697 1966 712 ,
1985 671 2014 713 fi
2029 673 2065 705 id

1185 723 1286 760 optato
1299 719 1437 764 eveniffet
1447 744 1460 760 ,
1484 721 1518 754 (θ’
1530 721 1641 761 templa
1653 722 1778 763 reliqua»
1789 720 1968 762 deferenda.
1999 722 2069 757 lsta

1185 768 1317 804 Christo
1330 770 1406 803 Deo
1419 769 1529 803 nostro
1539 770 1677 804 dicanda
1690 770 1810 812 templa
1822 771 1884 804 effe
1897 771 1962 805 fine
1973 773 2065 806 fimu-

1185 818 1277 853 lacris
1298 818 1427 861 jusserat
1449 817 1615 854 Adrianus
1626 819 1815 864 Augustus,
1843 821 1932 864 quod
1956 821 1998 855 ita
2019 823 2071 863 ess

1184 869 1254 901 sent
1275 870 1390 903 cunda
1425 869 1545 911 templa
1567 869 1830 905 Christianorum
1852 895 1859 904 .
1888 871 2064 907 Consonat

1184 918 1337 959 Synodus
1349 917 1516 953 Eliberina
1528 932 1539 954 .·
1566 922 1686 954 Placuit
1691 921 1830 963 piequras
1841 927 1875 954 in
1886 920 2011 963 Ecclefia
2023 920 2065 964 es-

1156 964 1158 967 *
1178 965 1211 1012 se
1223 979 1280 1001 non
1290 967 1396 1001 debere
1407 990 1418 1007 2
1442 971 1574 1014 nequod
1581 972 1685 1004 colitur
1710 981 1763 1005 aut
1773 973 1917 1005 adoratur
1929 996 1940 1012 ‚
1967 977 1998 1005 in
2004 979 2066 1013 pa-

1182 1017 1306 1051 rietibus
1319 1019 1501 1062 depingatur
1512 1044 1519 1053 .
1547 1019 1614 1054 Pro
1628 1023 1785 1056 sacrarum
1799 1023 1982 1067 imaginum
1994 1022 2063 1055 cul-

1182 1078 1216 1101 tu
1226 1067 1350 1112 grande
1377 1069 1621 1104 testimonium..
1648 1071 1711 1105 Eas
1732 1071 1866 1114 quidam
1890 1072 2065 1114 Hispania-

1182 1129 1252 1152 rum
1269 1118 1424 1162 Episcopi
1447 1131 1512 1154 non
1529 1118 1699 1155 dumtaxat
1723 1122 1874 1165 privatim
1897 1123 2066 1161 venerari,

1184 1167 1237 1201 sed
1259 1168 1293 1202 δε
1313 1169 1471 1203 ornandis
1497 1170 1648 1205 Ecclefiis
1673 1172 1843 1214 imponere
1877 1181 2042 1216 coeperant
2059 1183 2069 1203 z

1185 1218 1251 1253 Res
1265 1219 1368 1252 sancta
1380 1219 1413 1254 &
1426 1219 1512 1255 bona
1527 1245 1538 1261 ‚
1564 1229 1597 1255 at
1606 1232 1693 1255 nova
1705 1222 1768 1257 isto
1785 1233 1952 1265 tempore,
1976 1220 2068 1255 ideo-

1182 1280 1244 1312 que
1255 1269 1454 1311 synodaliter
1479 1273 1654 1315 compressa
1677 1284 1714 1306 ac
1726 1273 1894 1306 interdieta
1907 1298 1914 1305 .
1942 1271 1985 1305 Et
1998 1271 2065 1306 huc

1182 1318 1217 1352 in
1240 1318 1356 1353 litteris
1375 1319 1416 1355 ad
1427 1318 1629 1356 Michaelem
1655 1322 1843 1367 Augustum
1864 1322 1993 1365 respicit
2005 1321 2069 1357 Ni-

1182 1368 1292 1405 colaus
1304 1370 1424 1411 primus
1444 1370 1600 1404 Pontifex
1611 1396 1619 1402 .
1648 1377 1685 1403 In
1690 1381 1766 1412 pace
1781 1371 1916 1413 Ecclefiae
1933 1372 2065 1411 constitu·

1182 1422 1222 1449 tis
1235 1419 1283 1450 nil
1291 1426 1472 1451 contrarium
1493 1421 1545 1461 effe
1550 1419 1641 1461 potest
1654 1444 1664 1459 ,
1683 1419 1892 1462 fisandlorum
1912 1422 2014 1464 effigies
2029 1420 2068 1463 fi-

1182 1466 1297 1499 delibus
1319 1476 1449 1510 augeant
1470 1474 1644 1502 incrementi
1667 1482 1808 1503 amorem.
1845 1471 1980 1504 Etenim
1991 1476 2067 1505 ante

1180 1514 1290 1550 datam
1313 1517 1463 1552 Ecclefiae
1485 1518 1504 1552 a
1523 1518 1748 1555 Constantino
1775 1519 1928 1564 Augusto
1953 1531 2066 1563 pacem

1181 1567 1273 1600 sacrae
1283 1566 1443 1611 imagines
1458 1579 1520 1602 nos
1531 1569 1618 1612 apud
1642 1569 1792 1604 Gentiles
1819 1581 1918 1613 atque
1941 1570 2067 1612 Judaeos

1182 1614 1357 1652 reddebant
1378 1617 1419 1651 de
1442 1618 1633 1653 idololatriae
1649 1619 1731 1652 vitio
1753 1620 1912 1663 suspectos
1931 1643 1942 1660 ‚
1968 1622 2015 1654 uti
2029 1620 2066 1653 li-

1182 1674 1260 1708 quet
1273 1677 1314 1700 ex
1328 1667 1439 1700 nescio
1448 1678 1588 1711 quorum
1598 1670 1780 1705 ‚sanctorum
1791 1669 1977 1712 Martyrum
1989 1681 2067 1704 cum

1181 1715 1322 1760 Paganis
1333 1718 1484 1759 tyrannis
1502 1719 1544 1752 de
1555 1720 1652 1756 sacris
1665 1719 1864 1764 imaginibus
1876 1720 2069 1762 disputatio-

1181 1776 1223 1800 ne
1236 1789 1247 1804 ,
1274 1764 1412 1801 laudata·
1430 1778 1487 1809 per
1498 1770 1681 1809 praesentem
1692 1769 1863 1811 Synodum
1875 1791 1886 1807 ,
1910 1770 2068 1813 compila-

1169 1819 1214 1849 tta
1227 1813 1302 1847 vero
1312 1826 1368 1857 per
1392 1815 1651 1851 Constantinum
1673 1818 1818 1854 Ecolefiae
1830 1819 2069 1854 Constantino-

1169 1864 1333 1908 politanae
1343 1866 1537 1902 Diaconum
1559 1868 1595 1902 ὅ(
1608 1867 1899 1912 Chartophylacen
1919 1894 1925 1902 .
1954 1870 2067 1905 Etiam

1181 1925 1309 1958 propter
1322 1917 1472 1958 privatim
1486 1918 1626 1962 gestatas
1639 1931 1677 1953 ac
1690 1930 1855 1955 veneratas
1865 1921 2068 1955 sacrosanctae

1183 1965 1298 1999 Crucis
1310 1965 1469 2010 imagines
1485 1978 1546 2001 nos
1560 1978 1596 2001 ut
1608 1968 1800 2004 Crucicolas
1818 1969 2011 2003 accusabant
2031 1970 2079 2003 &-

1178 2013 1383 2050 deridebant.
1411 2015 1507 2050 Hinc
1529 2017 1610 2061 ergo
1638 2019 1712 2052 istas
1736 2029 1871 2058 omnes,
1899 2029 2067 2062 tamquam

1181 2062 1379 2103 scandalosas
1398 2065 1434 2100 &
1446 2066 1633 2112 Gentilium
1659 2079 1697 2101 ac
1723 2067 1931 2111 Judaicorum
1951 2070 2068 2110 oculo-

1179 2126 1249 2149 rum
1264 2140 1274 2155 ,
1302 2126 1384 2159 quos
1396 2114 1530 2151 Christo
1542 2117 1655 2151 lucrari
1678 2118 1862 2163 satagebat,
1888 2119 2058 2158 offensivas

1181 2163 1306 2207 publice
1329 2167 1362 2200 in
1392 2165 1540 2203 Bafiiicis·
1563 2168 1658 2201 statui
1711 2168 1854 2203 Ecclesia
1875 2168 2062 2205 interdixit.

1179 2215 1298 2257 Neque
1309 2215 1396 2252 aliud
1408 2218 1524 2255 volunt
1537 2217 1705 2253 Adrianus
1719 2217 1876 2259 Pontifex
1891 2243 1902 2260 ,
1928 2220 1962 2253 &
1974 2220 2065 2254 Con-

1178 2266 1335 2300 venticuli
1351 2266 1578 2303 iconoclastici
1590 2268 1760 2304 Refutatio
1774 2282 1782 2301 :
1811 2269 1923 2303 Palam
1935 2268 2002 2303 haec
2016 2270 2064 2303 di-

1178 2316 1221 2349 cit
1239 2314 1325 2349 hunc
1340 2317 1554 2356 Ecclefiarum
1575 2329 1729 2353 ornatum
1748 2318 1818 2361 post
1843 2319 1992 2353 Ecclefiae
2011 2331 2065 2366 pa·

1176 2377 1247 2400 cem
1269 2391 1280 2407 ,
1308 2377 1483 2410 natamque
1515 2367 1592 2403 inde
1615 2369 1722 2406 fidelis
1756 2369 1869 2415 populi
1909 2367 2062 2418 copiam,

1178 2415 1264 2459 prius
1277 2416 1405 2459 coepisse
1419 2442 1426 2450 .
1746 2437 1750 2444 ·
2038 2428 2042 2431 ·

1228 2467 1366 2509 Egregie
1381 2466 1585 2503 assertionem
1601 2469 1742 2504 nostram
1753 2472 1927 2504 confirmat
1937 2472 2060 2505 fastum

1177 2516 1282 2550 Sancti
1294 2515 1470 2561 Epiphanii
1482 2543 1492 2558 ,
1523 2519 1748 2554 Salaminenfis
1761 2522 1794 2554 in
1810 2520 1925 2564 Cypro
1940 2519 2055 2556 Archi-

1179 2565 1354 2610 Episcopi,
1380 2567 1422 2602 de
1445 2580 1512 2611 quo
1535 2570 1600 2612 ipse
1626 2570 1659 2603 in
1672 2571 1818 2613 Epistola
1841 2571 1880 2605 ad
1898 2571 2058 2614 Joannem

1179 2615 1375 2662 Episcopum
1402 2618 1743 2662 Hierosolymitanum
1765 2645 1777 2662 ,
1805 2621 1950 2654 exstante
1972 2621 2057 2654 inter

1178 2666 1296 2702 litteras
1306 2668 1413 2702 Sancti
1425 2669 1648 2713 Hieronymi.
1675 2673 1791 2705 Audivi
1813 2668 1955 2713 quosdam
1977 2681 2058 2702 mur-

1176 2728 1291 2750 murare
1313 2728 1413 2751 contra
1431 2730 1497 2760 me,
1524 2725 1597 2763 quia
1621 2723 1739 2762 quando
1759 2720 1841 2756 h'mul
1859 2719 2054 2763 pergebamus

1176 2765 1219 2798 ad
1222 2765 1482 2811 sanae‘i'umluum,
1510 2776 1563 2813 qui
1581 2779 1702 2803 vocatur
1723 2770 1851 2811 Betbel,
1876 2771 1910 2803 Θ
1935 2771 2055 2812 veniffe-

1175 2828 1244 2852 mus.
1252 2820 1297 2850 ad
1307 2820 1433 2860 villam,
1459 2831 1525 2863 quae
1559 2822 1668 2854 dicitur
1689 2819 1879 2859 Ammatha,
1904 2821 1970 2853 vidi
1992 2831 2055 2854 em-

1173 2879 1230 2911 que
1248 2868 1288 2901 ibi
1308 2875 1484 2911 praeteriens
1505 2870 1655 2904 lucernam
1683 2872 1837 2903 ardentem
1850 2893 1860 2909 ,
1886 2870 2051 2903 &interro-

1169 2918 1279 2962 gaffem
1291 2924 1356 2961 quis
1364 2920 1442 2953 locus
1452 2921 1516 2963 esset
1536 2945 1546 2961 ,
1572 2920 1787 2962 didicissemque
1808 2921 1859 2963 effe
1870 2920 2029 2963 Ecclefiam
2044 2943 2055 2961 ,

1175 2968 1367 3013 &intrassem
1379 2978 1412 3003 ut
1421 2981 1532 3003 orarem
1544 2993 1555 3009 ,
1580 2969 1845 3004 inventibivclum
1862 2971 1999 3013 pendens
2020 2977 2052 3004 in

1167 3017 1283 3058 foribus
1294 3018 1424 3062 ejusdem
1437 3019 1567 3060 Eccksi‘ae
1581 3042 1591 3057 ,
1616 3019 1741 3053 sincium
1767 3032 1855 3062 atque
1878 3021 2027 3062 depictum
2039 3045 2052 3061 ,

1174 3067 1330 3102 &habens
1341 3075 1500 3111 imaginem
1511 3067 1732 3112 quafiChristi,
1758 3073 1809 3104 vel
1835 3068 1937 3104 sanffl
1958 3068 2052 3113 cujus-

1174 3118 1263 3149 dam:
1290 3122 1363 3151 Non
1376 3125 1454 3151 enim
1461 3117 1542 3160 satis
1555 3125 1677 3152 memini
1691 3144 1701 3159 ,
1727 3123 1813 3158 cuius
1826 3129 1920 3164 imago
1927 3121 2042 3162 fuerit.

1172 3168 1251 3198 Ciam
1262 3170 1328 3210 ergo
1339 3167 1389 3200 hoc
1399 3169 1532 3211 vidissem
1552 3175 1585 3202 in
1596 3169 1721 3212 Ecclefia
1744 3170 1851 3213 Christi
1873 3181 1975 3204 contra
1999 3181 2051 3204 au-

1173 3218 1337 3250 Horitatem
1349 3219 1369 3251 5
1369 3224 1566 3259 cripturarum
1576 3219 1703 3254 bominis
1711 3223 1840 3263 pendere
1866 3226 2024 3265 imaginem
2033 3246 2044 3260 ,

1167 3265 1243 3309 scidi
1254 3269 1330 3300 illud
1341 3291 1352 3306 ,
1377 3269 1519 3313 &magis
1535 3271 1606 3303 dedi
1624 3269 1766 3313 confilium
1788 3271 1949 3312 custodibus
1971 3269 2046 3312 ejus-

1174 3318 1241 3350 dem
1263 3318 1337 3357 loci,
1363 3326 1396 3351 ut
1412 3326 1575 3361 pauperem
1592 3330 1736 3354 mortuum
1757 3333 1787 3356 eo
1799 3322 1986 3357 obvoluerent
2011 3328 2046 3351 ac

1173 3366 1329 3407 efferrent.
1359 3367 1510 3403 Etinfra.
1541 3372 1666 3409 Precor,
1692 3364 1895 3414 utpraecipias
1907 3374 2042 3408 deinceps

248 3443 250 3445 .
287 3405 483 3451 ,Respondeo
507 3417 615 3448 tamen
631 3411 744 3455 primis
764 3411 831 3454 istis
843 3409 1030 3450 Christianae
1042 3428 1112 3461 prae-
1174 3423 1205 3450 in
1218 3415 1341 3459 Ecclefia
1351 3417 1537 3459 christivela
1549 3419 1704 3464 istiusmodi
1715 3446 1727 3464 ,
1752 3432 1819 3463 quae
1847 3429 1946 3454 contra
1974 3417 2042 3450 reli-

1940 3471 2001 3509 25⁰·

2092 1364 2210 1405 Epistu-

2096 1787 2160 1819 mst.
2188 1797 2216 1825 5.

2081 2664 2219 2704 Epist-60·
2259 2647 2260 2651 Ἰ

2079 2713 2106 2734 c.
2130 2714 2157 2742 5.
