2340 3762
617 210 928 266 Senomls,
964 225 1022 255 ET
1050 209 1251 256 vN0=r1s
1285 222 1667 255 tunsi-ann.
1881 232 1981 278 273-

234 290 398 328 canestrum
419 294 679 339 subscn'ptIonibus
704 322 716 339 ,
743 301 950 340 Imperatorem
976 298 1107 335 Ludovi-
1195 293 1417 336 Metropolim
1445 292 1576 335 facerem
1597 307 1608 338 ἱ
1634 298 1716 331 Deus*
1740 306 1836 331 autem
1856 305 1942 334 ’¹⁰¹²’st
1958 323 1970 340 2
1996 304 2068 346 qu&

234 354 300 377 cum
320 345 354 378 <9⁶
363 347 557 393 Ingilbertam
576 347 643 390 ejus
655 359 792 385 uxorem
815 349 1003 384 adclamavit
1015 351 1106 391 Augu-
1181 344 1258 386 ficut
1264 352 1353 387 pecus
1364 341 1573 386 descendebam
1585 369 1596 385 ,
1622 345 1698 378 nihil
1704 343 1800 389 sciens
1812 369 1820 378 .
1848 350 1890 382 Et
1902 350 2067 394 Georgius

230 391 328 433 stam,
356 398 400 428 ad
410 408 532 439 eamque
543 398 662 430 litteras
673 398 796 432 laudum
807 398 985 440 plenifflmas
998 400 1083 431 dedit
1094 423 1105 439 ‚
1150 335 1169 1295 f
1185 406 1222 428 ac
1237 396 1365 438 Sergius
1377 419 1386 432 ‚
1413 393 1477 426 fieti
1493 393 1680 429 Antiochiae
1700 407 1737 429 ac
1749 397 1991 439 Hierosolymae
2002 399 2064 433 Vi-

234 443 341 484 quibus
363 445 528 483 ostendebat
548 447 632 479 illam
651 458 708 481 non
730 449 849 487 mimis,
872 459 961 491 quam
984 448 1104 482 Pulcbe·
1182 445 1279 478 caril-
1307 444 1410 477 Cfiaffl
1429 445 1463 477 (Ὗ
1477 449 1570 477 “nvn''
1582 443 1829 488 deflendebamffl
1841 450 1965 479 R‘m'am
1981 472 1987 478 ·
2013 450 2067 492 Di-

235 497 315 526 riam
327 495 450 538 dignam
453 496 540 539 fusffe
550 520 562 536 ‚
586 498 669 538 cujus
675 505 855 540 praeconium
875 503 908 531 in
919 498 1104 539 OEcumem'ca
1182 500 1230 527 xit
1249 500 1327 528 enim
1351 494 1434 526 nobis
1451 493 1576 528 Photlus
1591 508 1598 526 :
1628 498 1714 545 Quia
1738 505 1940 538 apparuerunt
1961 500 2066 529 Romae

233 542 342 580 synodo
355 547 588 587 proclamaretur
601 570 609 578 .
636 547 813 591 obsecrabat
821 546 914 582 etiam
935 549 968 582 (rr
979 549 1105 582 conaba—
1181 546 1315 587 capitula
1329 553 1430 578 contra
1443 546 1562 585 Papam
1574 546 1734 578 Nicolaum
1745 569 1755 585 ,
1780 552 1821 580 ite
1844 548 1877 581 (9
1886 546 2068 588 certificami-

1181 594 1307 637 nifistnt
1317 599 1453 629 veracia.
1483 598 1550 627 Nos
1560 598 1632 637 vero
1654 597 1808 629 diximus:
1840 603 1987 634 Homines
2014 609 2068 630 ru-

1173 644 1243 684 stici
1263 644 1364 688 sumus
1376 667 1387 684 ‚
1405 643 1436 686 fi
1450 650 1674 685 pervenerimus
1695 648 1842 686 Romam,
1868 658 1960 689 quam
1981 647 2070 680 dabi-

1179 706 1247 728 mus
1264 695 1431 728 rationem?
1459 696 1510 728 Ille
1535 696 1619 728 dixit
1641 694 1746 728 nobis:
1774 697 1859 738 ,Quia
1881 697 1987 731 docent
2008 708 2063 731 vos

1181 743 1319 787 Episcopi
1329 757 1398 788 quae
1410 744 1543 778 debeatis
1556 746 1666 781 dicere.

1229 794 1286 828 Ob
1298 793 1360 829 hos
1379 795 1482 839 igitur
1492 795 1527 828 in
1540 795 1686 831 sanetum
1696 796 1897 831 Pontificem
1911 800 2063 843 nequiffi-

1176 852 1249 877 mos
1258 844 1355 879 dolos
1372 843 1533 878 Photium
1553 847 1688 887 praesens
1700 847 1820 881 Canon
1845 847 2063 886 anathemati-

1175 902 1248 934 zat,
1276 894 1309 927 id
1322 894 1367 928 est
1379 919 1391 934 ,
1414 905 1483 928 non
1499 895 1570 929 solo
1582 896 1695 931 invaso
1709 896 1908 942 Episcopatu
1930 900 2036 943 privat
2052 924 2066 941 ,

234 600 286 625 tur
303 594 430 635 efficere,
456 605 489 629 ut
508 599 625 641 conjugi
636 600 784 633 Ludovico
796 599 894 633 audior
906 599 971 642 effer
983 604 1019 631 N
1021 601 1104 633 icolai

234 644 333 685 Papae
353 647 504 687 Romani,
531 648 613 683 velut
634 648 673 680 ab
694 650 875 688 (Ecumem‘co
894 650 929 687 &J
953 650 1103 686 Catholico

233 693 364 726 Concilio
372 695 511 739 depositi,
535 696 574 730 ab
583 698 653 732 urbe
669 701 819 741 pellendi.
846 699 1105 739 FrancisaLeo-

232 750 276 774 ne
285 744 383 778 tertio
394 744 558 782 pontifice
567 748 712 783 delatum
724 749 913 785 Occidentis
926 749 1105 793 Imperium

231 793 407 836 agnoscere
445 794 511 831 huc
535 798 634 842 usque
657 797 869 834 detrestarant
892 800 1106 844 Imperatores

231 841 596 889 constantinopolitani
614 860 622 879 :
648 849 742 886 Hinc
762 850 937 893 verfipellis
955 850 1106 886 adulator

230 889 372 926 Photius
397 894 609 929 Ludovicum
631 898 667 929 in
689 899 864 942 nugatoria
883 897 946 931 hac
966 896 1105 940 Synodo

1175 944 1228 977 sed
1247 943 1364 987 &ipso
1377 944 1514 979 nomine
1525 943 1735 982 Christiano.
1762 946 1895 993 Nempe
1918 948 2064 993 perduel-

1174 993 1214 1027 lis
1234 993 1269 1028 δε
1279 993 1430 1028 adversus
1443 995 1617 1038 synodum
1630 1009 1668 1032 ac
1679 998 1870 1034 Romanam
1885 999 2063 1034 Ecclesiam

1174 1043 1214 1077 ad
1226 1043 1381 1078 Canones
1394 1044 1562 1088 appellans
1578 1048 1754 1088 permansit
1768 1047 1912 1083 Photius
1924 1073 1935 1089 ,
1963 1058 2063 1093 atque

226 950 284 983 per
307 942 518 985 imaginarias
542 945 795 981 acclamationes
827 947 966 993 agnovit
992 946 1108 991 Augu-

226 988 331 1031 stum,
360 991 460 1026 effuso
478 992 543 1028 hoc
567 996 746 1038 peccatoris
768 996 844 1031 oleo
863 1006 1004 1032 conatus
1021 997 1107 1040 juve-

224 1050 305 1074 nem
326 1039 516 1087 Principem
535 1044 796 1081 circumscribere
820 1047 862 1082 ad
882 1046 1106 1090 phantasmata

226 1089 328 1124 suain
339 1090 518 1127 Nicolaum
530 1093 728 1130 Pontificem
740 1098 946 1139 exequenda.
974 1097 1018 1131 Et
1029 1109 1109 1141 quo-

227 1140 379 1176 meddin
399 1143 546 1186 paradiso
559 1144 728 1180 Adamum
745 1146 897 1181 diabolus
907 1158 963 1192 per
972 1146 1107 1187 Hevam

1174 1093 1218 1127 ita
1229 1093 1356 1138 antiqui
1370 1119 1381 1135 ‚
1408 1106 1449 1129 ex
1459 1096 1578 1130 Sansto
1591 1094 1776 1131 Athanasio
1798 1098 2066 1141 frequentet-lau-

1171 1143 1240 1178 dati
1251 1143 1401 1178 Canonis
1414 1168 1426 1185 ‚
1452 1147 1507 1189 qui
1518 1143 1681 1180 haereseon
1707 1156 1765 1181 aut
1776 1145 1988 1182 schismatum
2002 1148 2066 1192 pri-

226 1190 338 1234 cepit,
364 1191 409 1226 ita
420 1191 560 1229 Photius
583 1206 639 1239 per
650 1195 888 1241 Ingilbertam‚
915 1198 1026 1238 sexum
1049 1195 1109 1237 hu·
1171 1194 1234 1228 mis
1243 1193 1428 1229 auctoribus
1444 1195 1562 1231 laicam
1581 1197 1858 1232 communionem
1882 1197 2066 1255 indulget,-

225 1239 318 1275 mani
329 1240 394 1276 diei
405 1245 688 1287 appetentiorem,
714 1250 856 1283 tentavit
876 1245 1029 1285 deludere
1042 1247 1109 1284 Lu.
1171 1245 1275 1288 gratia
1286 1244 1349 1279 fuit
1360 1245 1556 1281 omnimode
1580 1246 1756 1292 indignus.
1782 1247 1842 1290 lpfi
1855 1257 1967 1282 tamen
1999 1248 2067 1282 fist:

225 1288 383 1326 dovicum
410 1317 418 1325 .
453 1291 560 1329 Addit
585 1296 722 1331 Nicetas
747 1296 919 1343 Paphlago
954 1323 962 1331 .
1000 1300 1108 1342 Regem
1171 1293 1379 1337 Vicariinon
1400 1295 1491 1331 fuere
1502 1295 1796 1332 anathematizati.
1825 1296 1967 1335 Causam
1978 1295 2061 1332 dant

225 1344 370 1376 Franciae
381 1343 566 1379 Ludovicum
587 1345 826 1390 &Ingilbertam
838 1351 987 1392 Reginam
1009 1345 1109 1390 conju·
1172 1344 1208 1378 in
1229 1344 1373 1387 Astione
1395 1357 1486 1381 nona
1500 1346 1620 1393 Legati
1642 1346 1857 1392 Apostoliciz
1884 1352 1945 1380 Hos
1973 1346 2065 1381 bomi-

217 1401 292 1434 gem
305 1389 450 1434 solllcitat
473 1394 599 1428 Pbotius
613 1421 625 1437 ‚
652 1399 898 1438 &Imperatores
907 1397 1108 1439 Constantino·
1172 1406 1225 1434 nes
1243 1420 1255 1439 2
1280 1396 1345 1428 cum
1359 1394 1422 1436 fint
1442 1405 1594 1439 pauperes
1619 1398 1653 1430 Θ·
1669 1402 1824 1443 peregrini
1850 1420 1862 1436 ,
1881 1399 2063 1437 judicamus

218 1442 286 1481 poli
305 1451 433 1475 creatum
452 1448 493 1476 iri
516 1444 669 1485 pollicetur
680 1468 693 1485 ‚
710 1445 744 1484 fi
756 1454 875 1487 operam
894 1453 1047 1478 navarent
1067 1447 1112 1476 ad
1170 1447 1262 1477 venia
1275 1443 1380 1485 dignos
1396 1451 1521 1485 propter.
1531 1448 1710 1479 violentiam
1723 1470 1734 1486 ‚
1759 1456 1853 1489 quam
1869 1444 2061 1489 sepertuliffe

1169 1489 1376 1534 confeffisunt.
1405 1493 1517 1529 Etiam
1529 1497 1718 1537 praesentem
1729 1493 1904 1540 synodum
1917 1496 2061 1539 profesti,

1171 1538 1331 1575 Photium
1353 1541 1514 1579 &omnia
1526 1543 1595 1587 ejus
1617 1546 1719 1588 impia
1741 1546 1826 1581 Asta
1851 1544 2061 1581 anathemate

1169 1588 1385 1627 damnarunt.
1411 1592 1495 1632 Haec
1506 1597 1620 1629 omnia
1632 1595 1754 1629 Canon
1768 1595 1903 1629 damnat
1927 1607 1968 1629 ex
1987 1596 2064 1634 San-

1170 1640 1363 1674 ‹stiMartini
1389 1642 1486 1683 primi
1498 1641 1675 1677 Pontificis
1687 1642 1830 1679 Canone
1843 1668 1855 1684 ,
1881 1643 2063 1680 damnante

1170 1689 1297 1723 varium
1318 1689 1386 1723 falsi
1397 1702 1502 1734 genus
1519 1716 1530 1732 ‚
1557 1703 1596 1727 ac
1610 1692 1758 1727 exstante
1771 1695 1805 1727 in
1820 1692 1965 1729 Actione
1976 1698 2062 1730 osta-

1170 1750 1226 1773 va.
1254 1739 1387 1784 Nempe
1399 1739 1517 1784 similes
1530 1741 1587 1777 ille
1609 1743 1773 1786 nequitias
1795 1745 1901 1788 passus
1925 1745 2063 1781 saerata

1168 1788 1408 1828 Monothelitis
1419 1814 1427 1823 .

221 1489 444 1533 impiumsuum
453 1503 588 1526 conatum
605 1496 828 1536 exequendum,
849 1495 883 1527 ὦ·
894 1499 994 1528 virum
995 1492 1108 1535 justum

220 1539 384 1573 Nicolaum
408 1543 579 1585 Pontificem
609 1555 648 1577 ex
673 1543 799 1584 Ecclesia
816 1543 877 1587 sua
907 1545 1104 1588 exigendum.

221 1590 284 1626 Eis
295 1592 366 1626 vero
378 1591 454 1628 dic‘lo
464 1593 551 1626 citius
564 1594 775 1634 pollicentibus
794 1619 805 1635 ‚
827 1594 1108 1636 frustrastultniam

218 1635 309 1681 suam
319 1638 495 1678 ostentabat.
522 1641 571 1674 Ita
585 1639 654 1675 non
664 1644 753 1677 suam
777 1642 986 1677 solummodo
997 1644 1106 1686 nequi-

223 1687 307 1722 tiam
330 1712 342 1727 ‚
369 1689 421 1722 sed
447 1690 481 1723 δε
502 1690 665 1724 Ludovici
691 1692 826 1736 impiam
862 1693 1044 1727 vanitatem
1071 1704 1107 1727 ac

224 1735 340 1770 findam
350 1737 624 1782 ingratitudinem
636 1742 671 1779 in
683 1743 800 1782 Sedem
814 1741 1042 1787 Apostolicam
1055 1742 1108 1778 de·

223 1785 308 1820 texit
318 1810 326 1818 .
353 1787 502 1823 Michael
513 1788 683 1835 Augustus
693 1792 1084 1837 Constantinopolitanus
1095 1817 1107 1833 ,

225 1837 366 1871 nomine
387 1838 421 1871 &
433 1850 466 1874 re
480 1838 642 1880 ebriosus,
667 1850 735 1876 erat
745 1842 892 1886 improlis
912 1843 997 1876 acin
1009 1843 1107 1876 furias

223 1886 332 1920 actus:
360 1886 453 1922 Hinc
464 1887 639 1925 Ludovico
651 1892 723 1936 spes
745 1891 787 1929 de
800 1892 977 1939 nugivendi
991 1890 1104 1926 Photii

223 1935 408 1981 Promiffis.

276 1985 403 2022 Verum
423 1990 596 2034 quomodo
621 2000 684 2028 tres
719 1994 906 2030 Orientales
932 1993 1041 2028 rustici
1067 2005 1105 2028 ac

224 2035 372 2070 mendici
385 2036 443 2073 has
455 2044 679 2077 momentosas
701 2043 850 2087 strophas
869 2043 955 2088 apud
966 2045 1104 2078 Franco·

222 2095 298 2120 rum
320 2084 508 2132 Augustum
530 2094 784 2132 exequerentur?
810 2094 963 2138 Exponit
972 2093 1106 2131 Nicetas

223 2133 398 2181 Paphlago
411 2163 418 2171 .
447 2145 511 2176 Hos
532 2138 622 2174 libros
643 2143 708 2179 cum
728 2146 888 2184 impudens
910 2142 1038 2177 Pbotius
1059 2145 1106 2182 de-

219 2184 391 2230 scribendos
411 2189 551 2232 muffet,
578 2191 741 2226 Zachariae
753 2192 874 2238 Copho
887 2217 898 2233 ‚
925 2191 1107 2228 Chalcedo-

219 2235 373 2271 nenfium
389 2239 424 2271 in
436 2238 596 2282 Bythinia
608 2265 620 2281 ,
646 2253 685 2275 ac-
694 2242 844 2277 Theodoro
855 2240 1047 2278 Laodicenli
1069 2244 1104 2277 in

222 2283 373 2332 Phrygia
385 2287 561 2338 Pacatiana
572 2290 766 2327 Trimitaria
789 2293 959 2337 Episcopis
981 2293 1106 2328 Metro·

223 2337 405 2379 politanis,
429 2349 494 2371 cum
498 2338 698 2383 singularibus
710 2344 837 2377 laudum
848 2347 985 2378 encomiis
998 2366 1011 2383 ,
1034 2345 1105 2377 mul-

220 2383 320 2428 cffq'ue
328 2397 363 2419 ac
368 2385 538 2430 splendidis
559 2392 728 2425 muneribus
747 2394 792 2426 ad
804 2395 990 2427 Ludo-vicum
1008 2397 1108 2427 Fran·

222 2439 280 2470 cie
297 2439 405 2482 Regem
419 2436 592 2479 deferendos
610 2442 717 2483 dedit,
745 2452 780 2477 ut
789 2449 818 2477 is
838 2445 996 2479 Nicolaum
1005 2445 1105 2479 Pomt-

219 2482 307 2528 ficem
319 2488 409 2519 velut
429 2488 656 2524 exauthoratum
678 2491 782 2527 throno
797 2496 986 2532 extruderet.
1014 2493 1105 2540 Qo·

223 2534 310 2568 circa
329 2535 420 2570 fistos
439 2537 591 2574 vicarios
614 2541 740 2577 videtur
765 2543 938 2580 dumtaxat
959 2544 1104 2578 Romam

222 2584 364 2626 misisse,
390 2586 552 2629 sparsuros
561 2589 634 2625 istic
648 2592 729 2627 fistae
738 2594 867 2637 Synodi
878 2594 983 2636 Aua,
1008 2604 1109 2637 atque

222 2633 271 2668 ita
282 2634 474 2678 Romanum
485 2639 642 2683 populum
653 2641 672 2676 ὲ
685 2642 857 2681 Pontificis
867 2644 1105 2680 communione

223 2682 439 2721 abstracturos
461 2713 468 2719 .
495 2688 561 2723 Rei
586 2690 723 2727 modum
749 2693 785 2728 in
807 2695 921 2730 ostava
946 2695 1106 2738 praesentis

220 2732 354 2776 synodi
377 2735 521 2773 Actione
540 2742 705 2782 confeffus
726 2743 772 2778 est
797 2743 960 2780 Leontius
979 2768 990 2784 ‚
1016 2744 1105 2779 fictus

226 2781 380 2819 vicarius
391 2784 637 2827 Alexandrinus
648 2816 656 2823 .
684 2792 810 2827 Pbotius
820 2794 896 2836 misit
906 2807 952 2833 me
961 2797 1105 2836 Romam,

226 2838 262 2865 ιι*
273 2835 422 2880 quidquid
442 2839 575 2875 dicerent
593 2840 663 2881 duo
685 2841 750 2886 jam
771 2846 945 2886 memorati
965 2844 1107 2884 Pseudo-

1218 1839 1300 1872 Haec
1321 1839 1424 1875 nostri
1447 1840 1598 1878 Canonis
1623 1845 1665 1881 de
1692 1844 1887 1890 imaginaria
1914 1847 2057 1890 Synodo

1168 1887 1264 1923 verba
1275 1912 1287 1928 ,
1312 1891 1478 1934 ,Quietiam
1487 1891 1619 1935 synodice
1629 1894 1668 1930 ab
1689 1900 1757 1938 igne
1772 1895 1940 1939 consumpte·
1961 1896 2037 1940 sunt
2048 1923 2060 1939 ‚

1167 1940 1305 1984 exponit
1328 1940 1465 1975 Nicetas
1476 1942 1647 1990 Paphlago
1659 1970 1666 1977 .
1696 1950 1769 1985 Iiaec
1795 1948 1949 1984 volumina
1962 1952 2065 1990 Impe-

1166 1998 1249 2026 rator
1262 1988 1392 2030 Bafilius
1404 1989 1509 2024 Photio
1529 2001 1633 2035 erepta
1640 1995 1730 2037 prius
1755 1996 1803 2027 ad
1810 1998 1955 2030 Senatum
1974 1999 2006 2030 (5
2019 2006 2061 2033 to-

1166 2047 1232 2071 tam
1242 2037 1399 2080 Ecclefizm
1406 2042 1513 2082 palam
1533 2042 1663 2086 detulit,
1681 2049 1839 2087 atqueita
1864 2058 1965 2080 omnes
1977 2049 2059 2080 illius

1167 2087 1400 2124 machinationes,
1420 2092 1591 2134 &impiam
1602 2094 1807 2139 conscientiam
1826 2097 1955 2130 omnium
1966 2100 2060 2131 oculis

1167 2140 1201 2173 6·
1211 2145 1266 2172 toti
1288 2140 1455 2185 reipublicae
1461 2141 1658 2186 spec‘landam
1666 2144 1817 2188 proposuit
1832 2171 1839 2178 .
1866 2147 1989 2190 ,Quibus
2011 2155 2058 2186 vi-

1158 2188 1201 2231 fis
1221 2190 1256 2223 ό·
1267 2191 1382 2224 auditis
1390 2197 1516 2225 attoniti
1527 2205 1628 2229 omnes
1643 2194 1810 2237 obstupuere
1821 2208 1879 2229 non
1886 2195 1982 2240 th'cm
1989 2206 2058 2240 pro‹

1164 2247 1234 2281 pter
1240 2239 1416 2284 perversam
1426 2242 1567 2285 Sopbistae
1589 2253 1715 2281 mentem
1725 2271 1736 2286 ,
1765 2247 1975 2290 versutamque
1986 2260 2057 2282 ver-

1167 2289 1333 2332 bofitatem,
1354 2290 1415 2335 fied
1425 2299 1517 2326 etiam
1526 2293 1561 2326 ob
1581 2296 1784 2330 incredibilem
1803 2300 1860 2334 Dei
1870 2302 2056 2339 patientiam

1167 2341 1386 2376 &diuturnam
1406 2343 1551 2378 vinda‘iae
1573 2346 1765 2380 dilationem.
1794 2345 1885 2389 Hosce
1896 2348 1988 2381 libros
2014 2350 2060 2383 ad

1166 2390 1388 2425 OEcumenicans
1410 2392 1510 2434 postea
1535 2397 1680 2434 synodum
1705 2398 1822 2430 delatos
1848 2423 1859 2439 ,
1886 2396 2056 2441 auc‘lorique

1161 2439 1309 2484 praesemi
1320 2443 1500 2484 cumprobro
1510 2444 1545 2478 ob
1556 2459 1588 2479 os
1609 2446 1741 2491 obtrusbs
1753 2452 1817 2493 igni
1839 2450 2037 2482 tradiderunt
2049 2475 2060 2481 -

1166 2492 1300 2532 Fastum
1319 2491 1353 2526 id
1376 2494 1440 2526 fuit
1465 2495 1501 2528 in
1514 2493 1659 2537 Actione
1682 2498 1816 2538 ostava,
1842 2509 1884 2532 ex
1898 2497 2056 2534 mandato

1167 2539 1307 2575 Adriani
1318 2542 1452 2578 secundi
1465 2542 1639 2581 Pontificis
1653 2570 1664 2586 ,
1691 2548 1748 2593 qui
1759 2547 1904 2591 ejusdem
1917 2549 2058 2594 figmen-

1164 2590 1190 2624 ti
1201 2591 1398 2636 exemplaria
1416 2593 1482 2636 jam
1499 2595 1627 2639 pridem
1655 2597 1825 2633 damnarat
1847 2599 1881 2633 δε
1894 2600 2055 2634 exusserat

1165 2642 1200 2676 in
1222 2642 1375 2680 Romana
1399 2644 1453 2678 sna
1466 2645 1626 2688 Synodo‚
1657 2648 1805 2683 exstante
1827 2647 1863 2681 in
1890 2649 2054 2691 praesentis

1166 2691 1301 2734 septima
1323 2690 1488 2734 Actione,
1515 2707 1714 2742 omnemque
1725 2698 1898 2740 Clericumy
1916 2708 1973 2732 aut
2000 2699 2059 2733 lai‹

1166 2752 1246 2776 cum
1265 2767 1276 2784 ,
1304 2741 1418 2778 eadem
1442 2745 1602 2790 figmenta
1625 2748 1829 2782 detinentem
1847 2772 1859 2789 ‚
1887 2747 2054 2782 occultan-

1166 2802 1254 2833 tem,
1282 2803 1351 2830 non
1364 2794 1549 2831 tradentem
1562 2805 1618 2835 aut
1638 2808 1828 2833 exurentem
1840 2821 1852 2837 ‚
1878 2797 2056 2841 subjeceras:

1166 2841 1436 2886 anathematiaut
1449 2857 1610 2897 perpetuae
1625 2847 1825 2892 depofitioni
1837 2871 1846 2880 .

232 2999 461 3017 ——-.-=

554 3128 1290 3245 CANON,
1394 3134 1732 3225 VII*

375 3326 480 3379 Uod
514 3328 668 3394 justum
705 3333 767 3382 est
786 3371 799 3395 ,
838 3339 881 3384 δε
916 3323 1028 3400 ῇέΡιέ
1044 3333 1360 3404 ”exequendum
1386 3335 1635 3405 Deiloquus
1670 3336 1848 3408 Moyses
1883 3337 2055 3391 eviden'}

232 3327 373 3470 Q
409 3414 475 3448 ter
511 3400 608 3463 lege
642 3406 890 3470 promulgat
918 3426 931 3456 t
967 3405 1085 3456 Cum
1120 3407 1287 3456 bonum
1322 3424 1412 3456 non
1448 3406 1498 3455 fit
1535 3408 1696 3457 bonum
1730 3446 1743 3471 ‚
1797 3409 1874 3457 nisi
1908 3407 2055 3455 secun-

408 3468 514 3518 dum
548 3473 761 3522 rationem
797 3476 1010 3527 efficiatur
1034 3512 1047 3526 .
1097 3482 1266 3528 Bonum
1301 3494 1406 3540 ergo
1439 3476 1636 3545 profecto
1671 3482 1715 3528 &
1749 3477 1876 3527 valde
1926 3474 2058 3543 pr0fi÷

325 3536 435 3579 Christ.
456 3542 799 3584 Lupioper.1'om.111.
1505 3547 1548 3582 Μ
1575 3559 1610 3583 m
1905 3557 2008 3582 cuum
