2340 3762
365 197 427 243 54
705 180 1709 233 CANONES'C'ONCJ'LIJTRULLANL

285 266 509 331 tamquam
529 263 773 321 *infinitum
808 265 985 332 'pietatis
1006 262 1149 317 'robur
1182 263 1452 326 obsignamus
1470 300 1486 324 9
1527 266 1659 315 unum
1679 265 1912 320 ‘Christum
1941 272 2102 321 Filium

284 332 375 391 Dei
422 338 464 392 δε
501 336 772 391 inca-rnatum
808 331 1091 399 praedicantes
1125 370 1140 397 ‚
1189 338 1232 388 ἅτ
1267 351 1364 400 quae
1409 332 1547 401 ipsum
1581 334 1667 387 sme
1700 335 1861 387 semine
1895 325 2063 407 peperit
2078 377 2097 402 ,

285 405 562 472 impollutam
597 404 761 470 semper
795 404 1022 454 Viroinem
1058 439 1073 464 ‚
1107 403 1281 472 proprie
1317 407 1360 457 δι
1394 404 1496 455 vere
1532 407 1767 474 Deiparam
1797 406 2116 473 decernentes‚·

286 480 330 534 ὃς
366 477 559 543 ineptam
608 471 802 529 Nestorii
882 473 1113 528 ivisionem
1142 509 1158 535 .,
1207 490 1433 540 tamquam
1477 471 1506 528 ,τὶ
1541 473 1692 527 divina
1731 476 1848 529 Isorte
1893 478 2119 535 ,semotam

287 544 615 613 persequentes,
651 542 874 591 hominem
911 542 1139 611 separatim
1175 562 1307 593 unum
1343 544 1563 594 Christum
1599 544 1871 598 decernentis
1894 586 1909 611 ,
1944 554 1987 599 &
2022 552 2106 598 im-

286 617 494 683 pietatem
518 611 755 680 Judaicam
790 616 1041 665 renovantis
1078 654 1088 664 .
1139 617 1260 683 Qu
1294 617 1442 669 etiarn
1474 634 1571 683 quae
1606 619 1653 665 in
1689 617 2107 677 Chalcedonensium,

287 684 533 755 Metropoli
551 682 638 732 -sub
674 685 896 740 Martiano
910 720 924 746 ‚
959 687 1038 750 qui
1075 682 1158 739 fuit
1194 689 1237 740 &
1272 683 1362 754 ipse
1399 690 1640 754 Imperator
1674 686 1841 750 noster,
1875 689 1902 738 a
1936 678 2116 745 sexcenssi

283 758 343 809 tis
362 763 364 765 ’
380 757 562 818 triginta
597 752 809 821 descripta
850 754 1145 804 est‘Patribus
1160 791 1174 815 ,
1209 754 1339 804 fidem
1375 755 1617 807 orthodoxe
1646 746 1992 809 confirmamus?
2010 744 2108 828 quae

218 828 224 832 '
282 842 417 882 unum
452 824 676 884 Christum
695 873 696 876 ,
712 825 885 881 413111ιιῐτι
934 827 1027 876 Dei·
1058 843 1110 880 ex
1146 824 1311 879 duabus
1346 828 1509 881 naturis
1558 826 1772 878 creditum
1805 864 1820 889 a
1865 846 2023 893 magna
2056 847 2110 879 ac

283 894 456 953 sublimi
493 913 605 946 voce
639 885 847 945 tefr'arum
883 894 1039 944 finibus
1074 895 1255 945 tradidit
1290 917 1304 956 3
1340 902 1383 947 &
1418 896 1543 947 stulte
1578 915 1631 948 ac
1666 897 1816 968 inepte
1851 885 2109 950 sentientem

281 967 516 1034 Eutychen
548 1002 563 1026 ,
609 969 690 1033 qui
737 982 942 1029 magnum
988 969 1240 1022 oeconomiae
1286 967 1536 1041 mysterium
1583 971 1837 1037 apparentia
1872 969 2109 1039 perfectum

282 1035 365 1091 effe
402 1035 578 1087 dicebat
613 1073 626 1096 ‚
675 1052 901 1102 tamquam
950 1035 1208 1085 vertendum
1255 1036 1437 1104 aliquod
1471 1054 1721 1106 portentum
1756 1055 2002 1106 tetramque
2036 1058 2112 1109 pe-

286 1108 390 1156 stem
425 1143 438 1166 ,
490 1125 544 1156 ex
581 1105 708 1156 sacris
758 1107 956 1156 Ecclesiae
991 1106 1228 1156 ambitibus
1262 1107 1509 1157 exturbavit
1543 1145 1556 1156 .
1604 1113 1708 1158 Una
1742 1125 1889 1158 autem
1923 1126 2024 1158 cum
2057 1127 2114 1159 eo

287 1180 423 1236 etiam
460 1177 713 1229 Nestorium
748 1214 762 1239 ,
798 1181 842 1226 &
877 1175 1138 1231 Dioscorum
1160 1213 1174 1238 ,
1209 1194 1394 1244 quorum
1431 1178 1505 1227 ille
1539 1178 1721 1246 quidem
1755 1178 1978 1230 divisionis
1991 1216 2004 1240 ,
2040 1178 2113 1245 hic

287 1247 393 1298 vero
429 1247 693 1299 confusionis
729 1246 927 1302 defensor
961 1263 1054 1300 erat
1086 1251 1131 1297 &
1166 1263 1460 1314 propugnator
1496 1268 1509 1299 z
1545 1251 1626 1315 qui
1654 1248 1840 1316 quidem
1874 1268 1927 1302 ex
1958 1241 2117 1318 impie}

288 1320 394 1370 tatis
431 1317 647 1370 diametro
681 1316 738 1364 ad
772 1333 906 1366 unum
941 1317 1199 1383 perditionis
1234 1319 1277 1364 &
1312 1316 1617 1378 abnegationis
1651 1321 1741 1369 Dei
1764 1318 2016 1370 barathrum
2039 1319 2115 1371 de-

290 1387 486 1438 ciderant
511 1423 524 1438 .
561 1385 643 1434 Sed
676 1390 719 1436 &
754 1402 930 1437 centum
966 1384 1185 1447 sexaginta
1219 1387 1418 1450 quinque
1438 1385 1701 1440 divinorum
1724 1391 1914 1439 Patrum
1937 1381 1998 1438 ⁴in
2031 1388 2116 1437 hac

293 1461 475 1510 civitate
524 1456 742 1523 imperiali
788 1467 1154 1517 congregatorum
1208 1451 1285 1507 sub
1310 1453 1560 1519 Justiniano
1587 1457 1692 1522 ,piae
1721 1458 1938 1507 memoriae
1972 1492 1987 1516 ,
2034 1459 2121 1524 qui

292 1529 375 1580 fuit
410 1534 651 1594 Imperator
686 1524 825 1574 noster
858 1561 872 1585 ‚
911 1527 1014 1592 pias
1049 1541 1179 1575 voces
1215 1538 1263 1573 ut
1298 1521 1324 1578 a
1360 1525 1522 1592 Spiritu
1555 1523 1700 1581 editas
1732 1524 2032 1590 cognoscimus
2068 1531 2115 1577 δε

291 1599 481 1669 posteros
516 1596 683 1645 nostros
717 1593 926 1648 docemus
963 1631 977 1654 ,
1013 1597 1093 1661 qui
1128 1592 1420 1648 Theodorum,
1445 1594 1714 1662 Mopsuestiae
1748 1596 1942 1650 Nestorii
1977 1599 2117 1660 magi-

291 1671 422 1719 strum
458 1704 472 1728 ,
506 1669 550 1717 &
580 1666 821 1727 Ori-genem
858 1668 917 1716 &t
938 1663 1189 1733 Didymum
1222 1701 1235 1725 ,
1271 1669 1328 1714 δι.-
1349 1667 1586 1728 Evagrium
1600 1702 1626 1725 ,,
1660 1668 1739 1733 qui
1773 1666 1973 1729 gentiles.
1994 1665 2121 1717 faba-⁹

292 1742 355 1792 las
390 1735 543 1788 rursiis'
569 1735 687 1785 fickas
723 1734 967 1784 retulerunt
997 1771 1011 1795 ‚
1044 1739 1106 1789 ,δι
1140 1740 1374 1803 corporum
1410 1734 1701 1802 quorumdam
1734 1773 1750 1798 ,
1796 1742 1840 1786 ἃ.
1874 1738 2122 1789 animarum

292 1810 568 1862 circuitiones
605 1810 648 1865 &
684 1806 1008 1858 immutationes
1043 1803 1116 1858 seu
1148 1803 1544 1868 transmigrationes
1578 1805 1634 1855 de
1667 1809 1840 1870 integro
1873 1807 2124 1859 ruminave4‘

294 1890 402 1934 runt
429 1917 443 1943 ,
493 1877 575 1927 suis
610 1874 868 1944 quibusdam
916 1876 1074 1928 mentis
1126 1874 1291 1931 deliriis
1327 1892 1380 1926 ac
1415 1874 1591 1931 somniis
1625 1897 1638 1930 ε
1686 1881 1730 1927 &
1764 1879 1812 1928 in
1845 1891 2121 1927 mortuorum

296 1951 641 2008 resurrectionem
676 1946 809 2015 impie
845 1963 896 1996 ac
932 1945 1247 2003 contumeliose
1285 1945 1540 2000 insultarunt
1577 1967 1590 1998 :
1639 1950 1683 1996 δι
1716 1965 1814 2015 quae
1848 1945 1874 1997 a
1911 1947 2119 2001 Theodov

296 2039 393 2078 reto
428 2020 585 2087 scripta
620 2015 714 2066 sunt
750 2014 953 2070 adversus
987 2021 1147 2066 rectam
1182 2015 1311 2070 fidem
1342 2021 1390 2067 &
1424 2015 1654 2071 duodecim
1689 2020 1812 2068 Beati
1847 2018 2011 2085 Cyrilli
2046 2034 2119 2069 ωε,

297 2095 394 2162 pita
427 2128 441 2153 ‚
475 2096 534 2137 Φ·
569 2104 666 2140 eam
699 2124 713 2148 ,
757 2104 853 2154 quae
886 2085 1048 2139 dicitur
1083 2086 1169 2137 lbae
1203 2124 1216 2149 ,
1263 2086 1501 2155 Epistolam
1535 2086 1743 2156 synodice
1776 2088 2122 2141 anathematiza-«i

297 2178 399 2219 runt
433 2165 494 2208 (9⁹-
526 2160 714 2211 execrati
749 2156 845 2207 sunt
878 2194 892 2208 .
942 2155 1079 2209 Porro
1114 2156 1237 2210 sextae
1271 2175 1449 2225 quoque
1483 2156 1632 2210 sanotae
1667 2156 1831 2226 Synodi
1855 2195 1869 2220 ‚
1905 2175 2003 2225 quae
2034 2159 2122 2208 in..-

299 2235 382 2283 hac
417 2232 600 2282 civitate
634 2228 850 2297 imperiali
884 2226 960 2278 sub
993 2225 1106 2277 divae
1140 2230 1359 2280 memoriae
1392 2232 1658 2296 Imperatore
1692 2227 1836 2277 nostro
1870 2226 2122 2277 Constanti-

299 2322 360 2354 no
393 2301 565 2371 pridem
599 2314 861 2363 congregata
896 2296 1035 2352 fuerat
1065 2329 1081 2359 ³
1114 2296 1243 2351 fidem
1264 2334 1278 2359 ‚
1318 2315 1415 2366 quae
1450 2302 1658 2362 majorem
1691 2316 1744 2350 ex
1778 2316 1832 2347 eo
1866 2296 2122 2348 firmitatem

301 2375 471 2441 accepit
507 2410 521 2434 ,
567 2368 688 2438 quod
723 2372 822 2437 pius
859 2372 1099 2437 Imperator
1132 2385 1229 2419 eam
1263 2367 1467 2438 scriptam
1503 2367 1579 2418 suo
1611 2368 1830 2431 signaculo
1864 2369 2023 2416 muniit
2058 2363 2120 2421 ad

303 2445 494 2494 futuram
529 2442 576 2489 in
611 2444 760 2492 omnia
795 2438 944 2492 saecula
978 2437 1247 2491 securitatem
1295 2456 1385 2491 non
1420 2437 1680 2491 movendam
1714 2456 1794 2488 nec
1830 2435 2083 2500 agitandam
2103 2471 2122 2496 ,

304 2531 385 2567 nos
404 2511 582 2563 servare
617 2510 760 2563 rursus
796 2509 1047 2579 profitemur
1081 2530 1095 2569 3
1130 2528 1227 2577 quae
1261 2509 1366 2562 duas
1402 2510 1616 2565 naturales
1650 2509 1899 2559 voluntates
1935 2505 2004 2557 seu
2039 2523 2125 2556 vo«

306 2587 483 2637 litiones
516 2619 529 2642 ‚
577 2579 766 2648 duasque
813 2581 1026 2631 naturales
1072 2582 1347 2648 operationes
1396 2582 1442 2629 in
1489 2582 1712 2631 incarnata
1760 2579 1944 2630 Domini
1990 2575 2124 2626 nostri—

297 2653 402 2723 Jesu
434 2650 599 2703 Christi
632 2653 724 2702 veri
757 2654 847 2700 Dei
881 2652 1127 2701 oeconomia
1162 2668 1239 2702 nos
1274 2650 1345 2718 pie
1382 2652 1552 2717 opinari
1597 2649 1752 2702 debere
1786 2686 1799 2710 ,
1850 2646 1999 2715 aper-te
2041 2643 2122 2696 do·-

306 2729 400 2779 cuit
434 2746 449 2785 3
483 2725 536 2771 iis
571 2723 650 2788 qui
686 2725 844 2774 rectum
879 2723 1075 2773 veritatis
1110 2720 1329 2772 decretum
1365 2719 1716 2770 adulteraverunt
1739 2755 1752 2779 ,
1787 2724 1845 2766 ca*
1879 2733 2009 2766 unam
2043 2731 2123 2768 voa

310 2799 524 2846 luntatem
571 2808 623 2840 ac
657 2794 966 2860 ,operationem
1015 2808 1144 2841 unam
1194 2793 1240 2840 in
1275 2808 1364 2841 uno
1397 2792 1597 2840 Domino
1643 2789 1786 2839 nostro
1809 2785 1915 2853 Jesu
1949 2784 2125 2837 Christo

312 2866 498 2933 populos
531 2861 770 2916 docuerant
805 2899 817 2922 ,
853 2864 926 2930 pia
961 2860 1172 2913 sententia
1205 2860 1503 2913 condemnatis
1537 2895 1550 2907 .
1587 2857 1790 2908 Teodoro
1824 2860 1841 2918 (
1874 2858 2125 2923 inquimus)

314 2935 510 2995 Pharan,
545 2938 671 3002 Cyro
704 2930 1001 2993 Alexandriae,
1036 2932 1237 2982 Honorio
1272 2934 1429 2981 Romae-
1456 2966 1471 2991 ,
1507 2929 1656 2992 Sergio
1686 2964 1700 2988 ,
1735 2926 1905 2996 Pyrrho
1928 2963 1941 2987 ‚
1977 2925 2125 2986 Pau105

316 3008 445 3054 Petro
458 3040 471 3064 ‚
505 3005 583 3069 qui
616 3005 664 3052 in
697 3004 779 3068 hac
814 3001 841 3051 a
876 3006 977 3051 Deo
1003 2999 1176 3055 ,servata
1210 3003 1392 3051 civitate
1424 2996 1707 3067 praesederunt
1742 3018 1760 3054 ,·
1794 2998 2014 3056 Macario,
2049 2995 2129 3063 qui

321 3074 403 3123 fuit
437 3073 789 3127 Antiochensium
823 3070 1059 3141 Episcopus
1094 3108 1108 3133 ‚
1144 3071 1361 3138 Stephano
1395 3074 1485 3134 ejus
1516 3067 1730 3136 discipulo
1763 3104 1776 3129 ‚
1809 3071 1868 3114 (9⁴
1903 3066 2128 3134 insipiente

320 3143 612 3209 Polychronio
638 3161 649 3190 ε
687 3143 767 3191 hac
803 3145 971 3196 ratione
1006 3144 1168 3191 ἰηῑειᾶο
1202 3146 1261 3188 <9¹
1294 3139 1466 3192 illibato
1501 3141 1722 3206 communi
1756 3155 1936 3205 corpore
1970 3134 2129 3185 Domi-

318 3215 367 3262 ni
404 3210 534 3262 nostri
559 3209 663 3276 Jesu
698 3213 858 3260 Christi
895 3211 952 3264 ab
985 3213 1047 3268 eis
1081 3209 1249 3262 servato
1284 3245 1296 3258 .
1354 3215 1505 3276 Atque
1562 3225 1610 3259 ut
1645 3208 1774 3260 semel
1796 3207 2002 3258 dicamus
2035 3220 2133 3252 orn*

320 3284 444 3346 nium
478 3317 492 3340 ,
525 3283 605 3345 qui
641 3283 686 3328 in
716 3283 804 3333 Dei
839 3281 1027 3335 Eccle-fia
1056 3279 1217 3331 decora
1251 3317 1265 3342 ,
1300 3296 1641 3347 ornamentaque
1679 3279 1876 3335 fuerunt,
1910 3278 1969 3321 <9⁴
2003 3273 2131 3323 lumi-

323 3354 444 3403 naria
478 3352 524 3398 in
560 3348 721 3401 mundo
754 3387 767 3410 ,
801 3352 903 3399 vitae
938 3354 1149 3401 rationem
1184 3350 1428 3401 obtinentia
1462 3387 1475 3411 ,
1510 3350 1677 3401 firmam
1711 3347 1839 3396 fidem
1875 3345 2040 3402 valere,
2074 3346 2137 3398 (²9¹,

324 3422 458 3491 usque
493 3417 550 3470 ad
583 3417 720 3473 saeculi
755 3417 1164 3476 consummationem
1201 3419 1487 3478 inconcussam
1523 3457 1537 3481 ,
1583 3438 1632 3471 ac
1667 3415 2002 3469 illabefactatam
2039 3429 2138 3479 per-f

1895 3499 2070 3536 manere
