2340 3762
69 1017 223 1056 L·1.Epist-

69 1069 117 1094 45·

66 1548 224 1589 L·7.Epist.

70 1602 117 1627 24.

64 2008 128 2039 1..6.
140 2009 223 2048 Exi-6.

624 178 929 232 Scirotus,
967 190 1028 220 ετ
1065 173 1258 220 Nous
1294 186 1682 221 ILLUSTRATI.

431 314 923 359 Senotton.

354 461 386 494 Ic
411 459 511 495 etiam
538 460 658 494 Canon
693 458 820 504 impetit
855 457 1118 501 praesumptiones

1903 196 1991 238 193

1186 254 1299 290 induci
1332 257 1363 290 se
1385 257 1570 300 permittens
1592 280 1602 296 ,
1637 256 1747 290 laudat
1774 282 1785 297 ‚
1808 259 1841 293 &
1862 261 2060 294 confirmat.

1128 316 1131 336 ἒ
1184 308 1331 341 Omnem
1346 305 1416 344 hacv
1431 308 1466 340 in
1478 318 1512 342 re
1522 300 1669 350 probavit
1690 306 1882 342 industriam
1896 333 1907 349 ‚
1932 318 2068 353 excepta

1127 389 1131 390 ⁷
1185 357 1251 390 sola
1265 355 1423 390 violentia
1438 368 1578 401 cogente
1596 358 1636 390 ad
1650 368 1768 391 unum.

1234 406 1357 441 Eadem
1381 408 1443 441 fuit
1470 407 1627 441 sententia
1640 417 1760 450 quartae
1779 407 1907 450 Synodi
1931 407 2067 442 Toleta-

1187 467 1253 496 nae,
1282 456 1494 500 praecipientis
1515 457 1555 490 de
1565 457 1702 499 Judaeis,
1728 462 1837 491 nemini
1860 459 1995 499 deinceps
2023 459 2069 490 ad

381 511 503 545 Leonis
521 510 644 550 Isauri,
665 508 781 554 dequo
792 505 1031 550 Theophanes.
1061 510 1120 541 Leo
1181 508 1356 540 credendum
1367 513 1432 539 vim
1444 505 1576 547 inferri,
1609 508 1698 549 quod
1719 508 1819 541 fidem
1839 517 1988 551 oporteat
1998 509 2062 542 esse

244 565 408 603 Imperator
427 566 514 604 coegit
520 561 551 603 J
552 561 651 594 udaeos
673 560 842 602 baptizari.
870 562 911 590 At
932 560 1003 591 vtro
1023 558 1120 600 bapti-

250 616 315 643 zati
334 618 438 644 contra
462 610 636 652 propositum
654 608 743 653 suum
764 609 911 642 diluerunt
935 606 1116 651 Baptisma:

244 664 292 693 Et
312 661 493 694 comedentes
514 660 618 704 sanc‘lo
637 671 754 693 munere
767 658 1034 701 participabantur
1046 682 1057 698 ,
1085 659 1118 692 ὃ

242 711 486 743 contaminabant
504 710 612 753 fidem.
643 711 771 745 Vocem
784 734 794 749 ‚
821 709 1034 748 comedentes,
1054 709 1118 741 elu-

242 759 331 794 cidat
352 761 515 805 Georgius
536 761 706 796 Cedrenus
725 785 736 800 ‚
763 760 875 793 dicens
895 770 952 792 eos
971 758 1094 800 jentare
1107 781 1123 805 ²„

242 810 341 853 idque
354 810 463 845 studio
473 812 554 845 &in
565 821 792 854 contemptum
804 834 814 850 ‚
841 810 1014 843 consuetos
1029 832 1040 848 ‚
1062 818 1119 840 an-

242 869 373 903 tequam
383 861 544 894 sumerent
553 861 779 894 sacrosanetam
791 857 1028 893 Eucharistiam
1038 881 1045 888 .

292 908 425 942 Canoni
446 910 606 942 consonat
626 910 758 942 Sanetus
779 908 956 951 Gregorius
971 906 1118 950 Magnus

239 957 276 998 in
286 958 403 992 litteris
423 958 464 993 ad
476 957 655 1003 Virgilium
680 956 902 991 Arelatensem
923 955 1117 999 Archi-Epi·

239 1008 373 1052 scopum
397 1008 432 1042 ὃς
457 1005 675 1042 Theodorum
713 1007 910 1051 Episcopum
937 1006 1116 1040 Maffiiien-

238 1058 317 1092 fium
330 1084 337 1090 .
367 1058 491 1091 Plurimi
505 1062 537 1104 J
540 1060 657 1092 udaicae
678 1059 825 1102 religionis
847 1063 908 1090 virt
930 1059 973 1089 ad
990 1056 1115 1094 nostram

233 1110 402 1151 perduxere
413 1114 551 1141 notitiam
562 1134 573 1149 ,
598 1109 700 1141 multos
711 1107 914 1149 consistentium
925 1113 957 1140 tn
971 1107 1031 1139 illis
1040 1114 1115 1148 par-

239 1158 321 1191 tibus
335 1161 367 1202 J
369 1159 518 1192 udaeorum
539 1165 573 1192 vi
585 1166 681 1203 magis
703 1159 745 1191 ad
758 1157 879 1199 fimtem
901 1154 1092 1199 baptismatis
1106 1181 1116 1197 ,

238 1220 330 1251 quam
346 1209 560 1250 praedtcatione
571 1210 748 1251 perductos.
776 1206 1023 1242 Lucrandarum
1046 1207 1115 1240 ani-

238 1269 365 1292 marum
375 1259 478 1292 zelum
491 1257 601 1294 laudat
615 1284 626 1299 ,
653 1270 685 1294 at
696 1258 833 1293 modum
845 1256 974 1302 penitus
995 1258 1116 1300 impro-

239 1307 295 1342 bat
316 1333 323 1340 .
349 1311 429 1342 Dum
450 1315 528 1342 enim
555 1308 709 1353 quisquam
730 1309 771 1341 ad
790 1306 982 1351 baptismam
995 1306 1115 1347 fontem

237 1369 297 1391 non
304 1360 526 1400 praedicationis
532 1357 693 1401 ficavitate
705 1383 716 1399 ,
737 1357 795 1402 sed
804 1358 960 1397 neceffitate
970 1365 1117 1399 pervene-

238 1413 280 1440 rit
303 1433 315 1448 ,
339 1410 385 1440 ad
404 1408 559 1449 pristinam
575 1407 805 1450 superstitionem
828 1418 962 1441 remeans
984 1407 1054 1439 inde
1068 1407 1118 1440 de-

236 1458 330 1489 terius
351 1461 475 1489 moritur
497 1469 507 1496 ‚·
533 1459 612 1490 unde?
633 1467 758 1489 renatus
778 1457 831 1499 esse
853 1457 1034 1489 videbatur.
1062 1455 1117 1497 Ju-

236 1505 383 1539 daeorum
393 1505 528 1540 salutem
539 1516 633 1541 tanto
648 1505 834 1541 dilestionis
854 1504 966 1540 ardore
988 1504 1112 1539 curavit

237 1555 446 1590 sanctissimus
467 1556 646 1596 Pontifex,
671 1566 709 1591 ut
733 1555 957 1600 Agrigentino
970 1581 980 1596 ‚
1006 1555 1111 1597 quibus

240 1607 355 1649 longum
367 1608 419 1640 vel
426 1606 505 1647 triste
516 1606 674 1640 videbatur
680 1606 888 1650 solennitatem
902 1604 1042 1648 sustinere
1054 1608 1113 1637 Pa-

234 1653 384 1699 scbalem‚
411 1656 589 1698 permiserit
601 1681 612 1695 ‚
638 1666 752 1690 contra
763 1655 994 1699 Apostolicum
1005 1654 1114 1688 Cano-

239 1716 339 1746 nem,
365 1705 592 1749 dispensatorie
601 1717 690 1741 extra
700 1702 821 1740 Pascha
840 1706 910 1750 post
923 1705 1114 1749 quadragin-

238 1762 273 1789 ta
281 1754 406 1789 dierum
420 1754 678 1798 poenitentialem
688 1754 995 1790 catechumenatum
1012 1754 1114 1798 bapti-

237 1804 304 1840 zari
323 1830 329 1837 .
357 1804 543 1848 Apostolici
565 1806 600 1839 in
621 1806 732 1841 Sicilia
758 1806 946 1849 patrimonii
974 1804 1113 1839 colonos

237 1854 364 1899 Judaeos
382 1854 423 1889 ad
442 1853 611 1890 Christum
631 1856 816 1891 Dominum
827 1855 971 1890 alliciens
982 1865 1101 1899 magna

236 1905 397 1939 consuetae
409 1905 568 1949 pensionis
578 1916 665 1949 parte
678 1906 798 1940 levavit
808 1930 819 1947 ‚
845 1903 1039 1950 quibusdam
1052 1902 1083 1937 id
1096 1929 1106 1945 ,

238 1964 275 1989 ut
285 1955 320 1988 in
330 1955 401 1989 fidae
419 1955 641 1991 conversionis
651 1958 762 1990 ansam
785 1957 818 1990 δε
831 1956 975 1989 fomenta
987 1979 997 1994 ‚
1023 1954 1109 1989 calu-

236 2003 439 2040 mniantibus
460 2005 655 2049 respondens
676 2032 684 2039 .
710 2011 777 2040 Nec
798 2006 848 2039 boc
868 2006 1013 2039 inutiliter
1028 2004 1108 2046 faci-

236 2065 305 2088 mus
321 2079 332 2095 ‚
358 2059 428 2096 quia
437 2053 489 2096 etfi
505 2054 560 2096 ipfi
576 2057 673 2088 minus
689 2056 822 2097 fideliter
836 2062 962 2088 veniunt
974 2080 984 2094 ‚
1009 2054 1041 2086 hi
1061 2064 1108 2086 ta-

237 2115 307 2138 men
321 2128 333 2145 ,
358 2108 409 2146 qut
419 2105 508 2137 decis
519 2110 585 2137 nati
589 2103 706 2146 fuerint
718 2130 729 2147 ‚
747 2106 817 2145 jam
822 2104 942 2147 fidelius
954 2103 1108 2145 baptizan-

237 2163 291 2189 tur
312 2179 318 2185 .
346 2157 406 2186 Aut
425 2151 502 2196 ipsias
526 2156 594 2197 ergo
615 2178 627 2195 ‚
653 2163 706 2187 aut
732 2166 829 2188 eorum
850 2153 927 2196 filios
947 2155 1107 2186 lucram.

237 2204 354 2239 Etiam
378 2201 600 2238 Richaredum
626 2229 637 2246 ,
663 2203 853 2239 Gothorum
886 2205 922 2237 in
948 2203 1110 2247 Hispania

237 2254 370 2298 Regem
383 2277 394 2294 ‚
410 2254 466 2297 qui
476 2254 576 2288 faetus
585 2252 788 2289 orthodoxus
798 2253 921 2298 Judaeos
930 2264 1045 2288 omnes
1054 2263 1110 2287 aut

239 2304 306 2338 suis
322 2302 442 2337 finibus
463 2303 640 2345 excedere,
666 2314 723 2338 aut
736 2304 939 2339 Christianos
959 2303 1028 2338 fieri
1047 2302 1111 2338 edi-

241 2362 356 2393 xerat,
373 2352 465 2389 nulla
476 2354 614 2399 pecunia
625 2352 665 2392 ad
675 2354 826 2390 Edictum
839 2354 887 2389 vel
897 2352 1111 2391 molliendum

1183 556 1421 591 voluntariam.
1447 559 1526 589 sicut
1542 561 1620 588 enim
1630 555 1711 589 homo
1729 563 1845 599 proprii
1869 556 1989 591 arbitrii
2018 569 2070 591 vo·
2085 560 2156 598 Cap·
2177 564 2221 593 55.

1184 607 1299 640 luntate
1310 610 1447 649 Serpenti
1459 606 1595 639 obediens
1605 612 1718 647 periit,
1740 607 1780 648 fic
1791 618 1913 641 vocante
1929 611 1987 641 Dei
1996 620 2067 652 gra·

1180 662 1225 688 tta
1239 681 1249 697 ,
1275 663 1397 700 propria
1420 662 1527 689 mentis
1545 654 1726 696 conversione
1746 679 1756 695 ,
1782 656 1902 699 quisque
1925 659 2069 691 credendo

1174 704 1317 748 salvatur
1342 733 1348 739 .
1375 705 1525 740 'Damnat
1551 706 1585 739 &
1605 717 1762 748 nuperam
1789 718 1902 740 eorum
1925 709 2066 742 coafflu-

1182 767 1256 789 nem
1270 758 1385 790 fastam
1396 757 1414 790 a
1428 757 1519 800 Rege
1531 755 1680 789 Sisebuto
1693 781 1703 796 ,
1730 756 1764 789 ὃ(
1778 754 1868 789 addit
1888 768 1894 787 :
1926 761 2046 798 Oportet
2057 783 2070 799 ,

1180 814 1213 838 ut
1224 806 1335 848 fidem,
1362 818 1452 849 quam
1463 811 1497 838 vi
1509 807 1559 838 vel
1572 806 1730 845 neceffltate
1736 804 1948 849 susceperunt,
1972 815 2070 841 tenere

1177 865 1316 897 cogantur
1343 880 1353 896 ‚
1379 867 1415 888 ne
1439 866 1544 889 nomen
1571 859 1691 888 Domini
1712 854 1953 898 blasphemetur,
1980 858 2014 890 6·
2034 857 2070 898 fi·

1161 906 1234 937 ¹des
1250 929 1260 945 ‚
1286 916 1376 948 quam
1382 903 1592 949 susceperunt,
1619 907 1691 939 vilis
1717 906 1991 948 &contemptibilis
2015 905 2068 939 ba-

1160 933 1300 1002 [beatur.
1330 956 1456 990 Omnes
1477 956 1495 989 a
1508 955 1571 989 fide
1592 957 1699 990 taliter
1719 958 1868 1001 suscepta
1893 955 2068 1000 Apostatas

1160 1003 1310 1075 {mandat
1321 1006 1455 1040 inflictis
1467 1005 1567 1040 etiam
1595 1010 1699 1050 poenis
1719 1008 1764 1040 ad
1776 1009 1889 1041 cultum
1899 1007 2064 1047 Christiani

1178 1056 1324 1099 dogmatis
1339 1068 1393 1099 per
1407 1056 1588 1099 Episcopos
1601 1062 1755 1097 revocari,
1782 1066 1816 1090 ut
1826 1068 1896 1100 quos
1918 1058 2065 1090 voluntas

1173 1112 1297 1147 propria
1323 1118 1380 1139 non
1414 1108 1557 1140 emendat
1584 1130 1595 1146 ,
1620 1106 1837 1148 animadverfio
1860 1107 2061 1140 Sacerdotalis

1178 1165 1324 1189 coerceat:
1351 1160 1413 1189 Eos
1435 1166 1556 1198 autem,
1583 1168 1655 1199 quos
1679 1158 1922 1191 circumciderunt
1936 1180 1946 1196 ‚
1967 1154 1993 1196 fi
2009 1155 2067 1198 filii

1176 1205 1359 1247 eorumfint,
1385 1209 1405 1239 ἃ
1411 1215 1575 1249 parentum
1584 1205 1723 1250 consortio
1738 1207 1879 1250 separari
1895 1219 1909 1248 ;
1929 1204 2067 1249 fifervt',

1171 1264 1228 1297 pro
1238 1259 1351 1297 injuria
1372 1263 1497 1299 corporis
1509 1257 1644 1291 libertati
1656 1258 1756 1290 tradi.
1787 1261 1903 1291 Eorum
1925 1257 2071 1298 baptiza-

1175 1314 1220 1338 tos
1229 1306 1310 1347 filios
1322 1316 1393 1348 ,aut
1410 1306 1509 1348 filias,
1537 1319 1573 1340 ne
1584 1303 1744 1349 parentum
1767 1309 1846 1340 ultra
1861 1308 2066 1341 involvamur

1174 1356 1322 1392 erroribus
1336 1382 1347 1397 ‚
1372 1356 1414 1391 ab
1424 1369 1538 1392 eorum
1550 1358 1719 1392 consortio
1745 1358 1880 1401 separari
1893 1357 2042 1391 decernit
2055 1381 2068 1396 ‚

1172 1417 1209 1439 ac
1230 1406 1432 1440 monasteriis
1456 1417 1512 1442 aut
1535 1407 1597 1450 piis
1615 1408 1757 1450 personis
1780 1407 1918 1442 traditos
1943 1405 1978 1439 in
2000 1405 2066 1440 fide

1173 1452 1358 1489 Christiana
1369 1467 1406 1489 ac
1417 1455 1564 1499 probatis
1577 1456 1722 1490 moribus
1738 1456 1857 1490 firmari
1875 1482 1880 1487 .

1224 1504 1267 1537 Et
1290 1503 1377 1539 hanc
1396 1505 1542 1550 regulam
1565 1506 1707 1540 omnino
1733 1507 1852 1549 recepit
1871 1517 1909 1540 ac
1937 1507 2060 1548 semper

1172 1554 1308 1588 servavit
1330 1555 1474 1590 Ecclesia
1502 1555 1654 1594 Romana
1680 1581 1686 1586 .
1716 1556 1883 1602 Qrocirca
1919 1558 2055 1599 praesens

1176 1603 1295 1638 Canon
1321 1628 1332 1644 ,
1358 1603 1534 1648 Apostatas
1559 1605 1683 1647 Judaeos
1715 1605 1873 1639 mandans
1913 1606 2057 1639 Ecclesia

1171 1654 1267 1696 ejici,
1293 1654 1373 1687 &in
1386 1655 1503 1698 prioris
1521 1655 1759 1698 superstitionis
1770 1667 1877 1699 aperta
1890 1655 2056 1699 professio-

1173 1715 1213 1738 ne
1223 1703 1371 1747 impunes
1382 1704 1520 1749 relinqui
1534 1730 1545 1745 ‚
1572 1716 1750 1749 eorumque
1762 1705 1867 1749 proles
1892 1705 1927 1738 &
1947 1707 2058 1739 servos

1172 1753 1326 1797 baptizari
1352 1762 1463 1788 vetans
1486 1779 1497 1795 ‚
1524 1755 1630 1798 palam
1652 1754 1771 1789 labitur
1802 1781 1812 1796 ,
1839 1755 1951 1798 estque
1972 1765 2059 1789 unus

1170 1813 1210 1837 ex
1221 1803 1307 1844 illis,
1332 1803 1373 1838 de
1387 1804 1505 1847 quibus
1518 1805 1553 1838 in
1564 1801 1659 1847 hujus
1670 1804 1799 1848 Synodi
1811 1806 2001 1848 praefatione
2015 1805 2059 1840 ad

1170 1853 1330 1896 Ioannem
1342 1855 1491 1889 oetavum
1514 1853 1713 1890 Pontificem
1732 1855 1841 1891 scribit
1862 1855 2051 1892 Anastasius

1171 1902 1465 1938 Bibliothecarius:
1494 1904 1646 1939 Prioribus
1659 1906 1856 1948 canonibus,
1885 1907 1937 1940 vel
1956 1907 2054 1941 decre-

1171 1959 1212 1986 tis
1223 1954 1396 1987 5anc‘lorum
1406 1956 1490 1988 Sedis
1507 1959 1649 1988 Romame
1679 1956 1856 1998 Pontificum
1868 1981 1879 1996 ,
1905 1966 1957 1990 atet
1975 1959 2054 1990 certe?

1170 2003 1253 2037 bonis
1282 2004 1411 2039 moribus
1437 2009 1630 2038 inveniuntur
1650 2005 1770 2047 adversi
1784 2031 1791 2038 .
1837 2007 1926 2040 Eum
1955 2007 2059 2051 igitur

1173 2054 1325 2087 Romana
1337 2053 1479 2088 Ecclesia
1498 2065 1675 2098 numquam
1689 2056 1817 2090 admisit
1831 2080 1839 2087 .
1866 2056 2055 2105 Qomodo

1171 2102 1236 2145 jatn
1250 2103 1405 2147 baptizati
1434 2104 1566 2139 istorum
1578 2103 1760 2148 Judaeorum
1782 2106 1846 2140 filii
1872 2117 1928 2140 aut
1950 2107 2030 2140 servi
2045 2129 2056 2145 ,

1174 2152 1217 2186 ita
1244 2154 1279 2187 ἃς
1293 2153 1434 2188 necdum
1445 2154 1599 2198 baptizati
1612 2155 1735 2198 parvuli
1760 2154 1802 2190 ab
1825 2157 1871 2190 eis
1883 2155 2059 2200 separandi

1176 2204 1250 2237 sunt
1278 2204 1312 2237 ἀ
1339 2203 1527 2247 baptizandi
1556 2230 1569 2246 ‚
1603 2206 1652 2239 uti
1675 2207 1797 2250 semper
1816 2208 2058 2241 consueverunt

1178 2253 1238 2286 filii
1268 2252 1498 2297 Apostatarum
1517 2280 1526 2288 .
1568 2255 1611 2290 Et
1632 2254 1710 2290 hinc
1731 2257 1833 2300 liquet
1856 2256 2063 2300 Baptismum

1177 2303 1283 2347 Regia
1309 2312 1366 2337 aut
1386 2304 1449 2338 alia
1471 2304 1586 2348 quavis
1608 2307 1778 2341 coactione
1802 2307 1983 2352 susceptum
1998 2301 2061 2342 effi

1176 2352 1321 2390 ormino
1332 2354 1477 2390 validum
1503 2367 1541 2390 ac
1556 2356 1685 2391 firmum
1702 2382 1708 2389 .

656 2735 1331 2824 CANON
1443 2741 1637 2826 IX.

394 3004 515 3050 Mnia
547 3006 725 3071 puerilia
759 3005 945 3056 ludibria
968 3044 981 3070 ,
1017 3007 1268 3075 insanasque
1302 3008 1664 3059 debacchationes
1700 3022 1834 3075 atque
1873 3004 2055 3068 conscri-

425 3086 502 3137 pta
541 3108 554 3131 ‚
602 3091 698 3140 quae
733 3076 843 3125 falso
892 3094 1042 3128 contra
1076 3079 1340 3130 venerabiles
1376 3082 1583 3142 imagines
1621 3078 1730 3126 fasta
1765 3077 1860 3128 sunt
1902 3113 1916 3137 ,
1962 3075 2055 3126 dari

240 3154 418 3206 oportet
453 3142 499 3189 in
535 3143 767 3212 Episcopio
801 3149 1240 3218 Constantinopoleos
1281 3187 1294 3211 ,
1341 3164 1390 3198 ut
1425 3147 1710 3197 recondantur
1746 3167 1842 3199 curn
1879 3163 2056 3196 caetcro-

240 3226 335 3257 rum
372 3213 681 3261 Haereticorum
718 3215 838 3264 libris
862 3253 876 3264 .
927 3221 969 3266 Si
1004 3221 1111 3269 vcro

1145 3224 1246 3287 quis
1280 3222 1481 3268 inventus
1518 3218 1647 3267 fuerit
1682 3219 1771 3268 haec
1806 3219 2044 3277 occultare,

239 3277 272 3326 si
305 3278 484 3346 quidem
520 3281 756 3350 Episcopus
789 3300 865 3334 aut
900 3288 1131 3356 Presbyter
1154 3326 1167 3349 ,
1202 3289 1273 3338 vel
1308 3291 1532 3339 Diaconus
1568 3288 1699 3339 fuerit
1735 3326 1748 3352 ,
1782 3288 2051 3359 deponatur3

239 3346 274 3395 fi
304 3349 409 3399 vero
444 3353 685 3402 Monachus
721 3369 796 3403 aut
831 3356 963 3405 laicus
997 3360 1412 3409 anathematizetur.

337 3503 444 3545 Christ.
465 3508 544 3549 Lupi
553 3512 638 3551 Oper.
651 3511 730 3543 Tom.
743 3511 798 3543 ΙΙΙ.

1507 3515 1533 3547 Β
1561 3514 1582 3547 b
1866 3510 2004 3545 SCHo-
