2340 3762
98 2872 158 2904 L7,
167 2867 258 2909 Epist,
276 2867 329 2893 tus
340 2882 350 2899 ,
376 2857 427 2891 uti
437 2856 521 2893 olim
533 2855 635 2891 etiam
647 2853 687 2889 ad
701 2854 838 2898 Ioannis
849 2856 956 2898 quarti
970 2856 1159 2892 Constanti-

102 2919 165 2951 103.

240 498 322 534 'urbe
331 499 495 542 fierijuffit,
520 499 577 539 quo
604 497 639 530 (5
652 498 759 539 Legati
769 496 856 542 Sedis
879 495 1043 538 Apostolicae
1072 505 1138 528 con*

227 2064 233 2069 ’
256 2052 408 2097 Epistola
421 2076 432 2094 ‚
459 2052 557 2085 sextae
567 2048 695 2094 Synodi
716 2051 888 2085 adversam
911 2060 993 2085 tunc
1011 2050 1150 2095 repullu-

322 127 340 157 1
352 124 418 170 70

248 195 432 241 Episcopos
441 194 571 231 eredere
582 207 652 232 non
662 196 789 242 possum
800 197 895 233 fuisse
904 194 989 229 ade&
1013 194 1133 228 effron-

243 256 297 282 tes
305 273 316 289 2
342 246 378 280 ὅ(
388 247 483 281 ausos
493 247 698 291 synodaliter
709 247 843 283 mentiri
855 271 861 278 .
886 245 956 279 Eos
966 244 1053 277 inter
1066 243 1133 276 fue-

244 309 282 337 te
308 297 371 332 viri
394 296 512 341 probi,
538 298 626 338 doffi
638 323 649 339 ,
677 299 795 332 saneti.
822 295 868 330 Et
886 292 1024 327 titulum
1037 291 1134 326 illum

246 348 286 384 in
298 348 364 383 vita
375 348 480 393 Sergii
491 349 589 393 primi
605 346 780 383 pontificis
794 342 938 377 omnino
959 343 1135 382 confirmat

248 396 440 433 Anastasius
456 395 750 437 Bibliothecarius:
778 395 876 436 Hujus
890 394 1044 437 Pontificis
1062 402 1136 427 tem-

244 448 369 493 pmbus
381 449 582 495 Justinlanus
606 450 771 487 Imperator
792 445 956 482 Concilium
986 451 1019 477 m
1041 447 1136 487 Regia

248 558 401 584 venerant
421 570 433 588 ‚
458 549 493 581 ὠ·
514 548 630 589 decepti
648 543 884 590 subscripserant
904 571 913 579 .
950 544 1079 580 Eadem
1100 544 1137 583 in

250 599 414 644 dignitate
424 596 526 631 etiam
537 597 634 631 sextae
645 597 785 640 Synodo
799 597 947 638 adfuerat
969 595 1061 630 idem
1072 595 1138 629 Ba—

250 648 354 681 filius.
381 646 438 688 Ad
450 648 640 690 praesentem
656 647 767 691 itaque
781 646 956 690 synodum
978 645 1138 683 invitatus

249 696 382 741 Sergius
414 699 479 732 suae
502 698 703 745 Dioeceseos,
719 696 901 742 Episcopos
935 695 1139 741 synodaliter-

248 747 440 787 consuluit,
463 748 549 786 &ad
561 748 751 792 Principem
777 748 865 787 misit
886 748 1031 792 Legatos
1044 772 1055 789 ‚
1081 746 1138 790 qui

249 798 324 832 vice
333 797 387 831 sua
398 798 576 842 Synodum
588 823 600 840 ‚
624 809 694 834 non
705 799 849 834 facerent
862 823 874 839 ‚
902 798 956 833 sed
972 797 1140 841 suspende*

248 857 326 886 xent
350 859 389 882 ac
411 847 607 892 impedirent
630 873 639 882 .
664 849 720 884 Ne
740 849 758 883 ὲ
780 848 901 884 Graecis
920 848 961 888 ad
975 847 1140 897 praesiden-

247 897 333 937 dum
353 900 630 942 compellerentur
651 924 663 942 ,
691 911 749 934 eos
769 923 781 940 ‚
806 910 878 934 non
904 899 965 939 suaa
990 896 1075 934 sedis
1101 909 1139 932 ac

249 949 395 993 personae
428 948 586 985 Vicarios
610 961 649 983 ac
681 948 826 995 Legatos
847 950 927 985 fecit
947 975 960 992 ,
996 949 1050 985 sed
1076 950 1140 983 suae

246 997 425 1039 dumtaxat
434 999 565 1043 Synodi
588 998 820 1034 patriarchalis
831 1024 841 1033 .

301 1047 489 1085 Audiamus
508 1048 564 1084 hic
584 1060 688 1094 nugas
714 1049 892 1091 Theodori
913 1039 1118 1090 ffal'samonis
1130 1073 1141 1090 ,

249 1098 546 1141 Antiochenorum
558 1098 836 1135 schismaticorum
861 1099 1078 1140 Pauiarchae,
1104 1100 1139 1133 in

249 1151 499 1190 commentariis
512 1150 794 1186 Nemo-Canonis
806 1149 965 1185 Photiani
977 1176 984 1184 .
1010 1151 1121 1189 synodo
1130 1173 1141 1190 ‚

251 1212 322 1244 quae
331 1206 365 1234 in
375 1206 478 1245 magni
492 1201 608 1234 Palatii
622 1201 709 1234 trullo
721 1211 899 1245 congregata
921 1200 981 1242 est,
1007 1202 1139 1235 aderant

249 1249 385 1286 Basilius
397 1254 556 1291 Gortynae,
582 1255 685 1284 Gretae
721 1250 826 1294 inficlae
846 1251 1035 1293 Metropolis,
1064 1254 1141 1292 Epi-

248 1299 375 1346 scopus,
401 1301 570 1342 &quidam
580 1303 741 1334 Ravennae
761 1299 949 1343 Episcopus,
975 1306 1069 1334 totius
1092 1303 1141 1338 sy-

248 1351 480 1385 'nodiRomanae
489 1350 623 1393 Ecclest'ae
645 1356 740 1385 vicem
756 1359 898 1395 gerentes
912 1377 919 1384 .
948 1353 996 1390 Et
1018 1362 1077 1385 non
1096 1349 1140 1393 so-

251 1402 315 1443 (am
325 1400 399 1444 ipsi,
422 1398 480 1443 sed
503 1402 599 1444 &qui
614 1403 678 1434 nim
688 1409 775 1435 erant
786 1403 882 1442 Papae
898 1405 1006 1444 Legati
1017 1425 1028 1440 ‚
1055 1398 1140 1442 Τόε]Ξ

250 1449 438 1496 salonicenfis
451 1474 463 1491 ,
489 1449 708 1492 sardiniensis,
733 1451 939 1487 Heracleaenus
957 1456 991 1483 in
1001 1449 1143 1488 Thracia,

252 1501 290 1536 ⁴&
302 1499 477 1542 Corinthius
489 1499 649 1544 Epist-opi.
674 1503 753 1534 sunt
772 1509 870 1534 autem
890 1502 1021 1544 Legati,
1047 1505 1100 1544 qul
1122 1501 1143 1532 ἃ

250 1551 334 1595 facie
343 1552 502 1591 dicuntur,
527 1556 581 1593 qui
589 1556 682 1584 etiam
690 1551 909 1592 particularem
922 1549 1032 1584 babent
1048 1547 1144 1592 juri-[2

251 1596 413 1635 ‘difflonem
423 1623 434 1640 ,
461 1607 496 1632 ut
508 1599 670 1640 ostenditur
682 1598 858 1642 exsecando
876 1600 964 1632 titulo
984 1604 1086 1641 quinti
1104 1600 1144 1632 ΙΙ-

251 1650 304 1686 ὄνὶ
322 1650 488 1693 imperialis
508 1674 516 1681 .
541 1648 638 1690 Errat
659 1648 748 1684 varie
764 1674 771 1683 .
798 1646 916 1683 Primo
940 1673 951 1689 ‚
977 1649 1146 1687 Ravennae

254 1699 516 1745 Metropolitam
539 1699 680 1743 Synodo
701 1697 839 1734 adfuisse
867 1725 873 1731 .
901 1698 1030 1733 Diserte
1052 1699 1145 1733 enim

254 1750 357 1786 habet
368 1748 644 1793 subscriptionum
668 1760 796 1784 tomus:
824 1752 919 1788 Locus
931 1747 1073 1792 Episcopi
1085 1753 1147 1782 Ra-

254 1805 399 1841 vennatis
411 1824 423 1841 ‚
448 1800 563 1844 utique
576 1799 717 1834 absentis
729 1825 736 1832 .
765 1799 874 1833 Basilii
886 1798 1025 1842 proinde
1048 1798 1149 1834 colle-

256 1863 302 1898 ga
322 1875 334 1892 ,
365 1851 527 1895 quoniam
553 1850 659 1895 plures
682 1849 828 1894 Legatos
849 1848 988 1893 Synodo
1010 1848 1148 1884 adfuisti:

257 1902 341 1938 dicit
357 1900 545 1935 Anastasius
558 1925 569 1941 ,
595 1901 694 1935 fuerit
706 1899 880 1934 Romanus
896 1899 1124 1944 Apocrisarius
1137 1924 1147 1940 ‚

257 1963 359 1998 quem
370 1961 451 1986 tunc
462 1952 555 1987 fuisse
567 1949 866 1993 Constantinopoli
888 1949 1031 1984 ostendit
1055 1949 1149 1993 Justi-

257 2002 354 2044 niani
368 2001 513 2047 Augusti
523 2000 563 2034 ad
574 1999 655 2043 Joan
661 2010 736 2034 nem
746 2000 922 2044 septimum
946 1999 1148 2035 Pontificem

257 2103 368 2141 lantes
378 2100 513 2137 rebelles
524 2101 771 2135 confirmatrix.
799 2100 953 2136 Secundo
974 2111 1059 2136 errat
1077 2099 1150 2135 Bal-

258 2155 379 2197 samon
408 2152 665 2189 Heracleensem
701 2151 738 2185 in
760 2149 909 2185 Thracia
946 2151 1150 2195 Episcopum

260 2203 359 2240 fuisse
369 2203 529 2237 Romanae
538 2201 629 2236 Sedis
639 2201 803 2245 Legatum
813 2199 832 2241 a
843 2202 927 2236 facie
936 2226 948 2242 ‚
976 2203 1031 2236 seu
1041 2202 1153 2246 gentis

259 2256 328 2289 suae
341 2253 516 2288 vicarium
528 2251 764 2296 Apostolicum
777 2275 787 2292 ,
813 2251 922 2285 nostra
936 2251 1037 2286 hodie
1049 2251 1151 2294 phrasi

261 2303 428 2349 Legatum
439 2313 577 2341 natum„
601 2302 665 2340 Ille
676 2301 765 2335 enim
787 2302 851 2339 fuit
874 2303 1014 2346 Europae
1026 2302 1153 2337 Metro-

261 2355 392 2399 polita,
418 2365 456 2388 ac
467 2352 641 2393 Thracicae
655 2351 845 2391 Dioeceseos
869 2351 1022 2387 Primas:-
1045 2352 1153 2387 Num-

263 2416 367 2448 quam
393 2405 548 2448 spestavit
584 2402 625 2437 ad
651 2401 846 2437 Romanum
872 2401 1151 2441 patriarchatum.

264 2454 332 2496 Sed
344 2465 450 2497 neque
461 2452 679 2493 Corinthius,
706 2451 782 2486 licet
805 2453 1023 2497 Metropolita
1050 2453 1155 2497 Illyri-

267 2506 384 2540 cianus
406 2528 417 2544 ,
443 2503 506 2537 fuit
531 2503 691 2546 ejusmodi
714 2502 860 2548 Legatus
886 2513 942 2537 aut
965 2504 1154 2538 Praefestus.

268 2555 505 2590 Balsamonem
539 2554 668 2595 decepit
702 2552 862 2596 Stephani
898 2553 1156 2589 Corinthiorum

269 2604 429 2650 Episcopi
452 2604 487 2638 in
499 2603 589 2637 sexta
608 2602 745 2645 Synodo
765 2602 900 2638 titulus:
928 2607 1060 2649 Legatos
1083 2609 1156 2647 Apo-

267 2658 374 2699 stolicae
396 2655 482 2688 Sedis
504 2660 641 2696 antiquae
666 2656 788 2686 Romae..
815 2653 952 2689 Tertius
978 2666 1066 2689 error
1089 2655 1157 2696 est,

272 2705 363 2753 'quod
375 2704 537 2748 ejusmodi
547 2703 667 2748 Legati
680 2702 847 2746 potuerint
857 2705 998 2747 Synodo
1010 2705 1157 2750 generali

271 2757 445 2801 praefidere.
471 2754 534 2791 Sed
545 2765 652 2797 neque
664 2751 963 2789 Thessalonicen-sis
975 2757 1039 2790 fuit
1050 2757 1085 2790 in
1097 2755 1158 2791 hac

272 2807 413 2850 Synodo
425 2829 437 2846 ‚
462 2804 552 2840 haud
567 2803 694 2844 dubiea
704 2803 819 2849 Sergio
833 2803 996 2840 Pontifice
1014 2805 1159 2850 prohibi-

278 2907 467 2952 nopolitani
480 2904 637 2950 Episcopi
647 2906 799 2950 profanas
810 2905 964 2949 Synodos
974 2917 1160 2950 comparere

279 2957 537 2994 fuerataSansto
550 2956 716 3000 Gregorio
737 2955 870 3001 Magno
890 2954 1075 3001 prohibitu-s
1098 2957 1161 2994 Eu-

281 3007 384 3041 sebius
395 3007 576 3051 Episcopus
590 3005 892 3040 Theffalonicenfis
901 3029 910 3040 .

333 3057 460 3104 Qinta
470 3056 603 3099 quaestio
614 3056 660 3091 est
671 3082 682 3098 ‚
709 3057 798 3103 Qis
807 3056 907 3097 fuerit
927 3055 1020 3101 hujus
1033 3056 1163 3102 Synodi

282 3105 399 3147 Praeses
414 3131 425 3146 ,
449 3107 522 3150 quis
542 3107 654 3147 locus,
682 3117 763 3151 quot
785 3107 965 3148 Canones,
991 3107 1082 3153 quod
1106 3119 1165 3142 no-

283 3167 362 3198 men
382 3153 395 3187 ?
423 3153 478 3188 Ad
504 3157 646 3199 primum
671 3157 856 3201 respondeo
881 3157 1121 3193 PraefidentIam
1145 3157 1165 3191 a

284 3203 478 3251 quibusdam
489 3206 626 3241 adscribi
639 3206 745 3241 Paulo
757 3208 855 3243 tertio
867 3207 1064 3244 Patriarchae
1076 3209 1166 3244 Conq

284 3255 585 3299 stantinopolitano
609 3280 621 3297 ‚
652 3268 755 3300 quem
788 3260 923 3294 Sanctus
957 3257 1169 3303 Nicephorus,

286 3304 476 3346 Patriarcha
485 3304 632 3339 adfirmat
642 3304 660 3340 ὲ
672 3306 757 3342 laico
768 3319 959 3352 promotum
972 3333 980 3342 .
1006 3310 1054 3345 At
1066 3309 1169 3348 verius

287 3357 335 3393 est
361 3356 454 3393 fuisse
471 3355 541 3400 eJus
567 3356 779 3391 successorem
799 3359 1003 3394 Callinicum
1017 3386 1028 3401 ,
1063 3360 1170 3395 homi-

289 3419 368 3445 nem
405 3406 532 3443 Latinae
562 3404 718 3442 Ecclesia
753 3405 884 3453 penitus
917 3409 1137 3448 adversarium
1157 3435 1170 3454 ‚

844 111 1545 162 D1'ssearar107

1201 203 1379 238 apt-umque
1403 191 1593 239 hujusmodi
1618 196 1786 240 tragoediis
1812 224 1821 233 .
1850 201 1946 237 'Eum
1972 201 2094 249 quippe

1202 244 1357 287 proximo
1369 253 1447 281 ante
1459 243 1634 287 Synodum
1644 257 1736 282 anno
1745 249 1874 284 constat
1899 252 2005 288 Paulo
2038 255 2096 289 de·

1202 296 1314 329 functo
1336 294 1528 332 successisse,
1555 295 1687 333 Malum
1710 298 1888 333 confilium
1909 304 2092 340 consultori

1201 343 1390 394 pessimum:
1419 343 1638 380 Postmodum
1657 348 1748 383 enim
1776 349 1795 383 a
1819 347 2002 392 Justiniano
2025 354 2094 390 Au·

1202 394 1299 440 gusto
1312 419 1324 436 ,
1349 405 1448 442 quem
1470 393 1512 430 ad
1534 394 1621 430 hanc
1633 396 1950 442 Pseudo-synodum
1974 402 2095 438 facien·

1201 445 1279 483 dam
1300 445 1471 486 seduxerat
1492 471 1503 487 ‚
1530 445 1595 483 fuit
1619 457 1795 484 excaecatus
1819 475 1830 491 ,
1857 450 1932 485 sede
1951 450 2098 495 ejectus,

1202 496 1364 540 relegatus
1384 522 1394 541 ‚
1410 497 1569 549 ·R0mam
1590 497 1702 535 missus
1724 500 1933 546 castigandus
1956 527 1964 536 .
1990 501 2071 544 Ejus
2083 521 2099 544 ,·

1204 556 1241 581 ut
1251 546 1313 580 viri
1327 546 1458 581 infamis
1473 572 1484 589 ‚
1510 558 1635 584 nomen
1647 549 1834 585 existimem
1847 553 1973 586 erasum
1995 551 2014 585 ὲ
2039 563 2097 596 po·-

1204 596 1391 631 sterioribus
1403 597 1533 641 Synodi
1545 599 1712 641 patronis,
1738 611 1776 634 ac
1787 601 1948 636 intrusum
1970 613 2095 637 nomen

1204 646 1323 684 Pauli,
1348 648 1428 682 Fuit
1450 647 1486 682 id
1505 648 1579 682 satis
1602 648 1717 684 facile:
1745 650 1835 686 Nam
1857 653 1948 696 supra
1969 654 2098 687 audivi-

1204 709 1278 735 mus
1298 698 1428 741 Synodi
1463 697 1561 742 hujus
1590 698 1748 734 Canones
1785 702 1819 735 δε
1840 701 1923 738 Acta
1949 714 2098 747 tempore
2143 703 2155 709 “

1205 747 1627 786 AnastasiiBibliothecarii
1641 751 1783 785 necdum
1806 752 1902 786 fuisse
1924 752 2030 787 indita
2050 764 2097 787 ar-

1204 796 1311 835 chivis
1341 798 1467 834 sedium
1479 798 1773 843 patriarchalium,
1798 813 1862 838 nec
1882 803 2039 837 translata
2060 804 2099 838 in

1208 849 1358 896 linguam
1369 850 1524 885 Latinam
1534 876 1541 883 .

1255 900 1313 937 Ad
1326 911 1477 944 quartum
1489 901 1672 944 respondeo
1682 900 1768 936 hanc
1782 902 1958 947 Synodum
1983 902 2098 946 paffim

1208 951 1316 985 vocari
1330 951 1508 985 Erraticam
1518 951 1719 988 Trullanam
1730 978 1737 986 .
1768 952 1918 990 Vocatur
1928 953 2097 989 Trullana

1208 1000 1227 1034 a
1239 1001 1315 1036 loco
1328 1002 1392 1037 suae
1401 1001 1633 1038 celebrationis
1646 1027 1656 1043 ‚
1686 1012 1787 1044 quem
1798 1003 2004 1040 Theodorus
2023 1004 2102 1040 Bab

1207 1052 1321 1086 samon
1333 1050 1415 1087 reete
1431 1051 1515 1086 dicit
1534 1051 1629 1085 fuisse
1641 1051 1804 1086 Trullum
1822 1055 1938 1097 magni
1966 1054 2102 1097 palatii.

1209 1101 1328 1135 Errant
1341 1102 1460 1147 igitur,
1487 1102 1545 1145 qui
1559 1099 1707 1136 habitam
1721 1102 1838 1137 volunt
1850 1103 1886 1136 in
1898 1114 2026 1147 magna:
2037 1104 2105 1147 Ec-⁴

1208 1150 1308 1186 clefiae
1319 1151 1445 1189 Trullo
1459 1175 1468 1184 .
1493 1151 1586 1198 Qd
1600 1151 1679 1187 vero
1689 1152 1728 1187 fit
1745 1153 1880 1188 Trullus
1894 1177 1906 1193 ‚
1930 1153 2028 1188 docet
2039 1163 2101 1190 nos

1208 1202 1243 1235 in
1257 1202 1323 1236 vita
1334 1202 1439 1247 Sergii
1451 1202 1550 1246 primi
1563 1202 1740 1237 Pontificis
1758 1203 1948 1238 Anastasius
1974 1203 2102 1238 Biblio-

1208 1251 1371 1287 thecatius
1391 1275 1402 1291 ‚
1427 1262 1529 1297 agens
1553 1252 1596 1286 de
1623 1253 1765 1289 Ecclesia
1789 1253 1945 1288 Romana
1968 1253 2103 1289 Sansto'z

1209 1312 1282 1336 rum
1294 1302 1426 1336 Cosmae
1451 1302 1485 1336 ἀ
1509 1301 1690 1337 Damiani:
1717 1305 1857 1338 Trullum
1880 1303 2017 1346 Ecclesia
2037 1306 2119 1337 sen·

1206 1358 1276 1397 gius
1289 1348 1434 1397 Pontifex
1451 1350 1527 1395 fusis
1548 1352 1662 1386 chartis
1683 1353 1832 1398 pgumbeis
1854 1359 2015 1396 cooperuit.
2042 1349 2115 1387 Est'

1209 1402 1332 1436 turritae
1344 1404 1642 1437 concamerationis
1654 1404 1793 1445 species,
1821 1415 1921 1446 quam
1944 1415 2006 1439 nos
2029 1402 2104 1437 Bel·

1211 1451 1460 1501 gae-lucernam,
1483 1452 1660 1494 cuppulam
1671 1451 1942 1497 Italiappellant.
1969 1452 2105 1490 Ibidem

1212 1502 1301 1536 sexta
1318 1500 1474 1545 Synodus
1503 1502 1608 1535 fuerat
1628 1502 1811 1537 celebrata.
1838 1502 1882 1540 Et
1904 1502 1950 1537 ita
1974 1504 2103 1547 respon·

1212 1553 1283 1590 sum
1295 1551 1341 1586 est
1353 1551 1454 1589 etiam
1464 1549 1506 1585 ad
1519 1552 1715 1587 secundunn
1743 1552 1826 1588 Haec
1838 1551 1936 1597 porro
1947 1552 2104 1596 synodus

1213 1610 1350 1637 vocatur
1361 1601 1506 1635 Erratica
1525 1601 1545 1634 a
1569 1602 1667 1636 variis
1688 1601 1756 1643 ejus
1778 1603 1897 1646 partim
1915 1601 2105 1641 erroribus,

1213 1651 1332 1695 partim
1342 1650 1469 1685 ausibus
1479 1652 1658 1685 temerariis
1669 1673 1682 1692 a
1706 1653 1799 1694 supra
1821 1650 1952 1686 abunde
1965 1651 2104 1686 demon·

1213 1701 1338 1737 strati&
1365 1701 1539 1735 Marianus
1560 1702 1679 1735 Scotus
1701 1701 1794 1735 addit
1813 1702 1877 1736 esse
1900 1700 2105 1737 haereticam.

1215 1751 1289 1787 Nec
1298 1751 1366 1786 fine
1376 1752 1471 1787 causa
1488 1775 1496 1784 .
1523 1751 1660 1785 Etenim
1672 1751 1796 1794 primus
1808 1753 1930 1787 Canon
1951 1751 2020 1788 dati
2044 1760 2104 1785 aut

1214 1802 1339 1845 accepti
1352 1802 1438 1843 apud
1452 1798 1582 1835 haerefin
1607 1801 1809 1845 baptismatis.
1827 1802 2036 1836 iterationem
2056 1801 2104 1842 af÷
2122 1800 2157 1830 Α·
2174 1799 2245 1836 69²·

1215 1853 1322 1885 firmat
1332 1851 1395 1885 effe
1407 1862 1476 1884 rem
1491 1863 1558 1884 non
1573 1852 1660 1885 firmi
1671 1850 1839 1896 dogmatis
1853 1877 1863 1892 ‚
1874 1852 1929 1886 sed
1939 1851 2105 1886 variabilis

1217 1901 1466 1945 dispensationis
1491 1900 1805 1942 &consuetudiniS,
1833 1902 1924 1946 quod
1938 1912 2020 1936 tunc
2042 1902 2106 1945 pri-

1218 1950 1295 1987 dem
1305 1949 1346 1986 ab
1356 1952 1450 1985 omni
1462 1950 1605 1985 Ecclesia
1619 1961 1688 1987 erat
1711 1951 1753 1986 de
1774 1951 1881 1987 haeres»
1892 1953 2105 1987 damnatum-

1268 2001 1325 2037 Ad
1337 2002 1471 2036 tertium
1483 2002 1667 2045 respondeo
1679 2003 1744 2036 esse
1754 2003 1912 2040 Canones
1921 2013 2056 2039 centum
2069 2002 2106 2036 δε

1217 2051 1321 2086 duos.
1360 2052 1410 2085 Ita
1430 2051 1549 2098 diserte
1566 2050 1744 2085 adfirmant
1766 2053 1902 2086 Sanstus
1924 2050 2108 2091 Thatafius

1217 2100 1405 2136 Patriarcha
1430 2100 1823 2146 constantinopolitanus
1847 2127 1858 2144 ,
1893 2103 2029 2146 septima
2049 2103 2108 2148 850,

1220 2151 1326 2187 nodus
1361 2151 1398 2184 in
1419 2151 1618 2186 refutatione
1641 2163 1825 2187 conventu-s
1852 2152 2109 2192 Iconoclastici‚

1221 2202 1362 2238 Photius
1383 2202 1419 2235 in
1432 2197 1551 2236 Nomo
1564 2221 1576 2227 -
1589 2202 1752 2243 Cmone,
1777 2203 1811 2237 &
1831 2202 1998 2248 incogniti
2019 2201 2109 2246 apud

1221 2250 1498 2295 Christophorum
1512 2251 1686 2300 justellum
1710 2253 1850 2287 aucioris
1864 2253 1995 2288 libellus
2012 2254 2110 2297 syno-

1221 2302 1329 2339 dicus.
1358 2301 1478 2344 Neque
1503 2300 1579 2336 ideo
1609 2313 1694 2337 errat
1714 2302 1902 2338 Cardinalis
1923 2304 2111 2345 Batonius,

1224 2355 1367 2390 adserens
1377 2352 1472 2387 fuisse
1484 2363 1620 2388 centum
1645 2354 1679 2390 &
1690 2363 1770 2391 tres:
1797 2353 1877 2396 Ejus
1887 2354 1977 2387 enim
1988 2352 2110 2394 codex,

1222 2406 1273 2439 uti
1285 2404 1326 2439 de
1337 2404 1483 2438 Nicaenis
1498 2402 1694 2437 canonibus
1714 2404 1813 2437 etiam
1834 2402 1989 2437 Ruffinus
2007 2402 2085 2437 fecit
2096 2426 2110 2442 ,

1222 2455 1318 2499 possit
1332 2465 1435 2487 unum
1446 2452 1542 2487 fuisse
1553 2454 1690 2497 partitus
1700 2451 1849 2487 in'duos.
1877 2452 1984 2487 Addit
2004 2453 2037 2486 in
2062 2451 2111 2485 vi·

1223 2506 1265 2541 tis
1285 2503 1389 2550 Sergii
1410 2503 1508 2547 primi
1535 2514 1573 2537 ac
1597 2503 1730 2547 Joannis
1754 2503 1885 2546 septimi
1904 2502 2110 2539 Pontificum

1226 2555 1413 2591 Anastasius
1425 2550 1703 2589 Bibliothecarius
1725 2565 1773 2587 eos
1796 2560 1830 2587 in
1844 2552 1902 2597 fix
1922 2559 2010 2587 tomis
2020 2551 2112 2596 fuiffe‘

1231 2605 1392 2650 descriptos
1409 2628 1420 2645 ,
1445 2606 1466 2637 ἃ
1492 2604 1590 2639 tribus
1629 2603 1821 2637 patriarchis
1845 2628 1857 2645 ‚
1884 2599 2113 2643 Alexandrina*

1227 2655 1550 2698 Constantinopolitano
1563 2677 1573 2694 ‚
1599 2666 1635 2688 ac
1645 2654 1820 2688 Antiocheno
1831 2679 1842 2695 ‚
1853 2655 1887 2689 s&
1897 2659 2012 2688 caeteris
2025 2654 2111 2685 Pm—

1221 2707 1336 2751 sulibus
1348 2731 1358 2747 ‚
1384 2711 1437 2747 qui
1460 2712 1494 2739 in
1514 2713 1643 2746 tempore
1666 2706 1716 2740 illo
1735 2714 1937 2738 convenerant
1954 2727 1965 2743 ,
1984 2699 2110 2745 subscri-

1223 2767 1295 2800 ptos
1307 2781 1319 2798 ‚
1338 2755 1489 2799 mtffosque
1509 2760 1541 2787 in
1567 2757 1736 2790 Romanam
1755 2753 1859 2787 urbem
1876 2754 1922 2785 ad
1939 2750 2111 2793 confirman-

1228 2809 1320 2845 dum,
1344 2807 1398 2840 vel
1425 2812 1457 2838 in
1470 2804 1615 2849 superiori
1635 2805 1693 2837 Ioco
1701 2802 1946 2846 subscribendum
1968 2804 1990 2836 ἂ
2010 2804 2113 2845 Sergio

1228 2856 1387 2899 Pontifice,
1414 2860 1652 2898 capiteomnium
1662 2855 1866 2887 sacerdotum.
1895 2852 1979 2887 Haec
1992 2851 2111 2892 verba,

1228 2911 1292 2952 ,Qui
1311 2908 1360 2940 illo
1380 2913 1510 2948 tempore
1531 2913 1757 2944 convenerant,
1787 2903 1829 2938 ad
1849 2903 1937 2940 solos
1958 2902 2114 2936 Praesules

1214 2958 1334 2998 ‘referri
1345 2950 1476 2999 oportet
1492 2980 1503 2996 ‚
1528 2966 1597 2989 non
1609 2954 1651 2988 ad
1662 2952 1865 2990 patriarchas
1875 2977 1888 2995 a
1910 2964 1995 2996 quos
2019 2951 2112 2986 idem

1230 3006 1417 3046 Anastafius
1428 3004 1519 3050 supra
1532 3003 1716 3041 adfirmavit
1727 3004 1866 3047 Synodo
1877 3015 1947 3039 non
1959 3002 2113 3039 adfixisse}

1230 3058 1355 3103 Rogati
1381 3055 1594 3100 postmodum
1619 3055 1867 3099 subscripserant
1893 3078 1906 3095 ‚
1939 3047 2113 3099 quomod&

1230 3110 1348 3143 factum
1372 3107 1407 3144 &
1427 3107 1446 3141 a
1469 3105 1585 3140 multis
1608 3103 1650 3139 ad
1672 3104 1845 3149 synodum
1870 3101 2114 3139 Sardicensem.

1231 3160 1276 3194 Et
1285 3157 1397 3194 charta
1411 3156 1557 3191 Romam
1568 3156 1661 3190 missa
1682 3155 1814 3191 videtur
1832 3150 2117 3199 Hierosolymita·

1231 3221 1311 3245 num
1322 3220 1392 3243 non
1402 3206 1549 3246 habuisse
1558 3206 1792 3250 subscriptum.
1902 3212 1906 3218 ·
1982 3215 1985 3219 ’

1280 3259 1379 3298 Abos
1401 3258 1533 3303 insuper
1555 3268 1663 3294 naevos
1675 3255 1793 3295 habuit
1813 3253 1927 3291 eadem
1938 3252 2094 3296 Synodus
2107 3277 2115 3286 .

1231 3308 1350 3348 Primo
1379 3333 1391 3351 ,
1417 3308 1620 3359 lastinianus
1638 3304 1836 3352 Augustus„
1859 3302 2045 3343 temeritate
2066 3305 2117 3338 us,

1233 3372 1298 3407 que
1309 3359 1374 3394 huc
1385 3359 1469 3403 apud.
1481 3359 1643 3397 Ecclefias
1657 3355 1804 3395 inaudita
1813 3378 1826 3398 2
1852 3353 2022 3393 subscribit
2039 3364 2118 3388 ante

1233 3408 1350 3454 omnes
1363 3408 1567 3453 patriarchas
1578 3420 1587 3446 a
1612 3407 1725 3448 Etiam
1735 3415 1813 3445 anto
1831 3404 2118 3495 loeumsszrsvzafum

1569 3465 1571 3467 “
1799 3465 1807 3477 ’·
1833 3460 1846 3492 ἶ
1953 3466 1973 3493 u
1991 3489 1994 3492 .
2030 3466 2072 3492 n-
