2340 3762
628 111 807 156 INDEX
839 111 1079 167 Renum,
1117 124 1178 153 ετ
1214 109 1574 160 venzonum.

204 198 396 245 Imaginum
415 195 599 232 adorationi
619 207 689 231 non
708 195 895 232 ‚adversatur
921 196 950 231 S.
963 197 1085 283 Ggego-

254 250 339 290 rius.
951 258 992 293 17
1019 270 1025 277 .
1055 257 1085 281 1.

204 299 272 337 Pro
295 297 482 343 imaginum
504 297 598 332 cultu
617 297 696 332 lecta
722 299 883 332 sacrarum
904 297 1085 331 litterarum

253 360 294 385 ac
304 350 486 384 sanctorum
495 347 632 385 Parrum
644 347 831 389 testimonia
844 347 880 380 in
891 346 967 380 Vll.
982 347 1087 390 Syno-

254 398 319 433 do.
680 403 682 405 '
819 407 1085 445 241.1·2.243·2-

202 447 392 494 Imaginum
409 447 547 488 ,cultusa
569 446 644 482 V11.
665 446 802 491 Synodo
814 452 1001 492 acceptatus
1014 471 1025 488 ,
1050 447 1086 481 ἀ

253 497 514 539 anathematismi
526 499 746 544 promulgati.
949 508 1026 544 242·
1053 508 1084 535 1·

203 548 321 594 Imago
342 549 406 583 Dei
419 546 527 588 Patris
546 550 632 593 apud
654 549 831 584 Armenios
852 549 928 583 satis
938 547 985 583 est
1001 547 1087 585 ,anti-

252 611 340 643 qua:
366 599 501 643 quando
527 601 563 633 in
589 600 727 634 Ecclesia
752 600 906 634 Romana
925 597 1059 633 admissa
1075 621 1086 637 ,

252 650 435 684 incertum.
462 659 540 696 219.
555 662 587 686 2.
614 651 752 694 Spiritus
772 650 906 685 Sanstus
928 646 1086 683 columbae

249 699 355 742 specie
382 700 461 734 redte
486 701 663 744 expressus.
690 699 767 735 ibid.
794 699 870 733 Nec
884 699 1014 743 pictura
1040 699 1086 732 so-

249 749 323 783 lum
349 774 361 795 ,
398 750 452 785 sed
478 750 512 793 &
537 750 647 785 statuae
682 751 873 794 Sanstorum
910 749 1086 793 usurparat.

251 809 334 836 220-
358 811 388 836 1-

199 846 476 892 imperatoribus,
502 850 672 896 Regibus,
693 850 756 890 &e
782 847 1088 892 urbemingredien-

249 898 340 933 tibus
351 899 600 940 obviamitum.
627 898 727 943 2861.
757 893 1085 940 Uti&Patriarchis,

249 946 479 988 Metropolitis
496 970 506 986 ,
533 947 596 986 &c-
949 943 1027 984 286·
1054 959 1076 984 2

199 996 409 1040 Imperatoris
420 1006 489 1029 non
500 995 546 1029 est
558 996 732 1039 Synodum
742 1008 935 1032 convocare.
965 1006 1042 1044 357.
1054 1009 1083 1034 2.

201 1045 411 1090 Imperatoris
424 1045 543 1088 solium
557 1046 592 1080 in
604 1047 753 1090 Ecclesia:
765 1047 850 1091 atrio
866 1047 1079 1089 collocatum,

256 1106 333 1142 125.
355 1107 386 1139 1.

197 1143 344 1189 'Imperio
355 1157 410 1190 per
421 1144 548 1181 haeresin
577 1147 648 1182 Leo
658 1149 785 1184 Isaurus
806 1148 945 1184 excidit.
972 1157 1085 1193 4001.-

200 1195 379 1240 Imperium
391 1197 586 1235 Occidentis
598 1209 668 1233 non
693 1199 756 1240 fuit
769 1199 948 1242 Orientalis
969 1197 1086 1243 Augu-

251 1245 292 1279 sti
304 1245 501 1287 beneficium
512 1270 520 1286 ,-
974 1258 1076 1296 3992

199 1292 379 1338 Imperium
390 1297 584 1333 Romanum
596 1299 659 1333 fuit
671 1299 810 1335 divisum
820 1326 828 1333 .
1006 1297 1076 1339 ibid

198 1344 347 1390 insignia
368 1347 521 1383 Heroum
540 1349 606 1392 jam
627 1349 751 1393 pridem
761 1351 898 1385 inventa
911 1375 918 1382 .
970 1359 1083 1387 212-1-

198 1392 412 1438 {avocandos
425 1399 488 1437 esse
499 1399 633 1434 Sanstos
643 1400 766 1444 dogma
780 1401 825 1435 est
839 1399 1086 1444 Apostolicum‚

249 1447 341 1481 secus
366 1449 456 1489 quod
481 1460 592 1492 preces
617 1450 741 1484 nostras
762 1449 915 1484 audiant:
944 1450 1086 1484 Contra-

249 1495 334 1530 rium
346 1507 455 1536 tamen
466 1499 636 1533 afferentes
648 1521 661 1538 ,
688 1498 773 1532 male
784 1498 897 1538 olent.
948 1508 1027 1544 219-
1056 1508 1085 1533 1-

201 1542 381 1582 Invocatio
408 1547 600 1585 Sane'torum
626 1546 762 1583 traditio
790 1548 836 1581 est
870 1547 1085 1590 Apostolica.

250 1593 375 1636 2184.
401 1596 432 1629 S.
457 1595 687 1640 Augustinus,
713 1607 751 1630 ac
775 1597 909 1641 liturgia
932 1597 962 1630 S.
974 1595 1084 1630 Bafilii

250 1643 289 1678 in
308 1645 446 1688 speciem
457 1645 679 1687 adversantes,
705 1656 934 1690 exponuntur.
963 1644 1042 1683 218·
1056 1658 1085 1683 2·

249 1704 365 1740 2119·1-
390 1695 418 1728 S.
429 1696 540 1731 lvonis
550 1696 667 1741 opinio
682 1694 744 1732 hac
764 1698 800 1731 in
823 1707 859 1731 re
881 1707 951 1732 non
973 1698 1087 1740 recipi-

250 1753 325 1781 tur,
1007 1746 1085 1781 ibid.

200 1794 306 1842 Qod
327 1794 370 1833 de
394 1795 522 1838 Joanna
543 1795 670 1842 Papisl'a
691 1797 941 1838 circumfertur,
965 1797 1087 1833 fabulis

250 1845 495 1883 accensendum.
511 1857 621 1894 323.1.
649 1847 788 1884 Occafio
802 1847 918 1881 fabulae
931 1872 938 1878 .
964 1849 1043 1891 406
1056 1858 1085 1881 2·

200 1893 345 1939 Ioannes
357 1895 582 1931 Damascenus
591 1899 784 1934 Sanstorum
807 1898 992 1941 imaginum
1003 1905 1087 1928 acer-

251 1941 353 1976 rimus
365 1942 507 1976 vindex.
535 1956 650 1988 2442.
683 1947 787 1981 dictus
797 1951 944 1982 Manzur.
974 1954 1086 1990 245-1·

194 1993 341 2039 Joannes
352 2001 476 2026 nomen
486 1991 569 2024 olim
579 1992 874 2034 frequentissimum
886 2017 893 2025 .
971 1992 1045 2040 389·
1058 2003 1087 2031 1-

201 2039 417 2087 Jovinianum
430 2037 638 2074 Monachum
650 2041 686 2072 in
698 2041 831 2074 Clerum
854 2041 1063 2084 adsumptum
1077 2065 1087 2081 ,

249 2089 323 2133 plus
343 2088 450 2129 nimio
473 2088 612 2123 vestibus
627 2089 879 2134 indulgentem,
907 2092 937 2126 S.
968 2091 1089 2125 Hiero-

250 2149 371 2181 nymus
383 2137 570 2183 perstringit
583 2164 590 2170 .
969 2151 1045 2188 319.
1059 2153 1087 2178 2·

199 2190 293 2227 Irene
315 2200 392 2223 cum
410 2188 551 2223 decenni
573 2187 643 2223 filio
669 2190 729 2224 suo
740 2189 966 2226 Constantino
987 2193 1086 2234 impe·

248 2239 334 2275 rium
355 2239 479 2285 accepit
504 2263 516 2280 ‚
542 2239 632 2283 quod
655 2240 745 2277 Deus
770 2240 892 2284 insigni
929 2240 1086 2276 miraculo

251 2287 448 2323 honoravit.
954 2302 1032 2339 233.
1057 2304 1085 2329 2·

200 2338 421 2384 Irregularitas
431 2350 486 2383 per
499 2338 690 2383 Digamiam
703 2339 883 2379 inducitur,
893 2351 950 2373 cur
963 2341 975 2372 ἓ
996 2341 1084 2378 61-2·

199 2388 409 2424 Itinerarium
434 2389 671 2433 Apostolorum
697 2388 935 2433 apocryphum.
963 2400 1042 2436 242.
1056 2403 1084 2426 2.

249 2439 460 2484 Exemplaria
480 2439 552 2486 igni
571 2439 606 2473 in
623 2439 698 2476 Vll.
722 2440 859 2485 Synodo
872 2439 1055 2483 adjudicata
1067 2467 1074 2476 .

256 2500 278 2526 2
334 2512 341 2520 .
363 2499 391 2526 1.

201 2499 355 2583 judaiiitd
368 2539 570 2582 Baptismum
581 2538 614 2572 vi
627 2551 695 2574 non
707 2539 1082 2589 compellendi.193.1.2.

201 2587 300 2633 Judaei
313 2589 537 2625 lconoclastiae
547 2587 722 2632 authores,
748 2600 810 2635 qua
823 2590 878 2625 via
893 2587 910 2629 ?
960 2601 1038 2639 223·
1055 2603 1082 2627 1.

250 2640 285 2672 (θ’
302 2637 386 2684 seqq.

201 2687 384 2732 Judaeorutn
403 2688 519 2725 ritibus
539 2690 784 2726 communicare
810 2713 821 2731 ‚
846 2689 865 2723 ὲ
889 2690 1083 2725 Canonibus

252 2739 437 2783 frequenter
458 2741 682 2776 interdictum.
983 2741 1038 2776 66-
1056 2752 1083 2777 1·

201 2786 368 2832 Iudicium
389 2788 537 2831 Praelati,
563 2791 639 2826 licet
661 2791 835 2837 iniquum,
860 2790 997 2827 subditis
1020 2792 1083 2825 for-

251 2837 443 2873 midandum
454 2865 462 2873 .
961 2850 1038 2888 323.
1055 2852 1082 2876 1·

202 2886 425 2930 juramentum
440 2888 608 2934 corporale
620 2913 632 2931 ,
658 2891 715 2931 qui
726 2889 905 2934 praestetur.

202 2937 311 2982 Jurare
325 2948 366 2971 ex
377 2939 612 2975 consuetudine
637 2950 692 2974 aut
707 2940 894 2986 ignorantia
915 2951 971 2984 per
985 2940 1082 2974 falsos

252 2986 367 3027 Deos,
392 2988 486 3031 culpa
498 3000 566 3022 non
590 2999 693 3025 caret.
949 2999 1025 3037 159.
1057 3000 1083 3025 1·

202 3035 310 3080 Jurare
321 3038 413 3083 super
424 3037 603 3084 Evangelia
629 3049 685 3075 aut
709 3041 738 3076 S.
763 3040 906 3076 Crucem
926 3041 970 3075 est
994 3050 1082 3075 vetu-

252 3087 357 3121 stum.
956 3101 1031 3138 375.
1047 3102 1077 3126 2·

202 3136 375 3181 Iustiniani
388 3136 531 3185 Augusti
564 3140 745 3176 temeritas.
944 3141 1024 3178 226.
1049 3153 1079 3178 2-

627 3240 658 3275 L

202 3334 361 3423 LAici
372 3339 410 3374 ad
424 3340 666 3389 Religiosorum
676 3341 879 3381 refectorium
900 3340 984 3376 olim
1008 3351 1075 3375 non

309 3389 452 3426 admiffi.
951 3399 1030 3430 210·
1046 3403 1076 3429 2·

981 2901 1037 2936 45·
1054 2900 1080 2925 1·
1119 2937 1121 2939 a

1894 138 1919 169 2

1151 192 1244 229 Laici
1257 203 1324 226 non
1335 191 1381 226 est
1391 192 1432 227 de
1445 193 1612 240 Episcopis
1625 199 1782 242 judicare.
1853 136 1888 182 4
1930 139 2027 253 3241.

1151 243 1426 287 Laiciquomodd
1450 244 1610 291 paulatim
1627 249 1763 287 chorum
1784 252 1906 290 intrare
1925 268 2031 301 coepe·

1200 304 1266 328 rint
1275 319 1283 326 .
1896 314 1905 334 ι
1961 330 1968 337 .
2019 332 2028 340 .

1152 344 1259 386 Laicis
1272 342 1430 384 nonlicet
1439 344 1551 380 officio
1562 345 1717 383 Cantoris
1733 359 1792 388 ‚aut
1802 316 2032 390 Lestog'gfuss.

1151 405 1317 479 Laigdusin
1326 444 1467 480 Ecclesia
1479 445 1635 482 Romana
1662 445 1846 493 numquam
1868 404 2029 488 iugi-¹¹3:

1202 494 1297 529 ficem
1308 493 1446 530 elee-tus.
1754 496 1756 498 ’
1895 510 1976 548 270.
1998 515 2033 540 2=

1151 547 1260 583 Laicus
1274 543 1460 589 segregetur,
1487 544 1566 588 quid
1590 546 1765 593 designet?
1914 551 1971 591 62.
1999 563 2031 588 2.

1153 594 1275 638 Lapsos
1286 595 1327 629 ad
1338 594 1496 631 Photium
1508 596 1688 641 Episcopos
1700 599 1816 643 Legati
1830 599 1976 635 Romani
1989 601 2032 637 ad

1200 645 1427 688 poenitentiam
1439 647 1619 686 invitarunt
1633 672 1641 679 .
1670 658 1780 696 377.1.
1820 649 1901 685 Duo
1917 650 2030 685 libello

1201 694 1357 730 Romano
1377 695 1573 737 subscribere
1594 697 1795 739 detrectant,
1821 700 1906 735 cur?
1945 700 2023 736 ibid.

1200 744 1257 786 Ob
1267 747 1511 781 contumaciam
1523 748 1541 781 a
1550 748 1690 791 Synodo
1701 749 1795 792 spreti
1808 774 1815 781 .
1919 749 2028 799 378.1.

1153 794 1264 829 Latria
1289 797 1343 830 seu
1355 798 1491 834 servitus
1510 798 1571 837 soli
1582 798 1660 837 Deo
1669 798 1811 838 defertur
1823 824 1830 831 .
1908 800 1984 848 176.
1999 812 2026 836 1.

1154 843 1262 879 Latria
1276 870 1284 877 .
1311 844 1400 884 Vide
1412 871 1422 887 ,
1447 851 1592 882 Crucem.
1894 862 1969 898 131-
1997 860 2029 887 2-

1153 892 1301 928 Lavandi
1313 896 1395 929 olim
1406 896 1522 945 ingens
1534 897 1715 938 existimata
1727 899 1900 935 neceffitas.
1917 910 2029 948 139-1.

1201 942 1313 984 Vide,
1339 945 1459 985 balnea,

1151 992 1190 1026 In
1211 993 1383 1028 Leaorem
1403 998 1642 1037 promovendus
1671 1000 1710 1035 fit
1720 1000 1796 1035 ante
1806 1001 2030 1043 examinatus,

1198 1053 1296 1087 atque
1308 1043 1343 1077 in
1356 1043 1499 1079 Ecclesia
1523 1049 1632 1091 legens
1642 1050 1813 1091 probatus.
1918 1048 1971 1098 89-
1998 1060 2028 1084 2·

1151 1093 1297 1135 Leuoris
1320 1101 1379 1133 aut
1389 1093 1546 1135 Cantoris
1555 1095 1667 1130 officio
1680 1099 1775 1142 fungi
1787 1112 1856 1133 non
1875 1100 1952 1134 licet
1975 1100 2029 1134 lai-

1199 1143 1265 1179 cis.
1952 1147 2031 1182 ibid.

1152 1194 1267 1239 Legati
1294 1192 1480 1239 Apostolici
1515 1195 1811 1240 Constantinopoli
1849 1195 2033 1234 honorifice

1201 1245 1345 1288 excepti.
1371 1244 1488 1292 3651.
1517 1246 1677 1281 Concilio
1701 1245 1792 1280 VIlI.
1816 1248 2032 1291 praefuerunt,

1199 1305 1269 1328 non
1279 1304 1389 1329 autem
1407 1295 1544 1330 Bafilius
1555 1296 1740 1342 Augustus.
1895 1296 1970 1346 366.
1998 1310 2030 1336 2.

1151 1344 1270 1389 Legati
1290 1344 1479 1388 Apostolici
1503 1346 1702 1391 Episcopum
1723 1346 2032 1391 Constantinopoli-

1197 1405 1312 1429 tanum
1332 1395 1366 1428 in
1378 1394 1438 1428 Vl.
1452 1397 1590 1439 Synodo
1615 1408 1690 1432 ante
1705 1396 1968 1431 Alexandrinum
1994 1398 2030 1431 &

1194 1443 1448 1484 Antiochenum
1471 1447 1579 1481 sedere
1601 1447 1837 1490 dispensatorie
1856 1447 2033 1480 diffirnula-

1197 1502 1291 1527 runt.
1933 1506 1987 1543 49.
2002 1508 2031 1534 2.

1148 1542 1267 1589 Legati
1292 1541 1477 1586 Apostolici
1505 1544 1701 1581 Patriarchis
1727 1554 1820 1580 erant
1837 1546 2032 1593 superiores.

1270 1618 1276 1624 .
1299 1603 1327 1632 1,-

1148 1603 1266 1688 Legaitsi
1278 1642 1464 1686 Apostolici
1481 1655 1517 1679 ut
1529 1644 1700 1689 Prophetae
1712 1647 1921 1689 suscipiendi.
1938 1656 2025 1693 30-1·

1148 1692 1266 1738 Legati
1288 1694 1397 1727 Bafilii
1418 1694 1562 1739 Augusti
1584 1708 1621 1730 ac
1647 1697 1676 1730 S.
1699 1697 1820 1740 Ignatii
1848 1697 2030 1739 supplicant

1198 1743 1333 1784 Nicolai
1343 1743 1437 1788 Papae
1451 1745 1632 1783 sanastiones
1641 1747 1828 1781 confirmari
1839 1768 1850 1783 ‚
1861 1745 2031 1781 Photium-

1197 1804 1260 1836 que
1270 1791 1417 1830 damnari
1429 1817 1436 1824 .
1906 1806 1923 1842 3
1928 1805 1984 1842 59.
1998 1807 2029 1831 2.

1147 1841 1265 1885 Legati
1276 1841 1294 1873 ὲ
1305 1842 1365 1874 VI.
1377 1841 1513 1884 Synodo
1528 1854 1594 1877 non
1609 1844 1673 1878 fine
1684 1843 1846 1888 Principis
1857 1844 2033 1879 liberalita-

1199 1899 1231 1922 te
1241 1889 1379 1925 dimiffi.
1916 1904 1969 1943 50.
2001 1906 2029 1930 1.

1148 1937 1266 1982 Legati
1277 1937 1498 1974 Orientalium
1510 1939 1769 1975 patriarcharum
1792 1944 1968 1987 legationis
1979 1944 2031 1979 lit-

1198 1998 1280 2022 teras
1292 1996 1443 2022 tenentut
1452 1989 1606 2023 exhibere
1621 2015 1629 2023 .
1765 1991 1840 2039 368.
1857 2005 1887 2029 2.
1909 2003 2029 2040 391.1.

1148 2038 1266 2083 Legati
1287 2037 1432 2072 Romani
1454 2040 1488 2072 in
1511 2040 1602 2074 omni
1627 2041 1768 2085 generali
1793 2042 1931 2085 Synodo
1954 2055 2031 2078 ante

1198 2099 1313 2122 omnes
1339 2088 1539 2124 patriarchas
1566 2090 1716 2125 sederunt
1740 2092 1774 2125 ὅ(
1801 2091 2007 2136 praesederunt
2019 2120 2026 2128 .

1199 2138 1272 2173 Nec
1283 2138 1390 2172 obstat
1405 2139 1446 2172 V.
1460 2139 1614 2182 synodus
1626 2165 1633 2172 .
1906 2154 1980 2190 352.
1994 2156 2026 2181 2.

1148 2187 1264 2233 Legati
1276 2189 1422 2226 Romani
1434 2190 1468 2227 in
1482 2190 1540 2228 Vl.
1567 2191 1704 2236 Synodo
1717 2191 1958 2227 Monotheliras
1980 2206 2028 2228 ac-

1154 2268 1157 2271 .
1197 2240 1347 2274 cusarunt
1360 2265 1367 2271 .
1925 2254 1977 2291 34.
1991 2256 2021 2281 2.

1149 2289 1267 2334 Legati
1290 2290 1435 2323 Romani
1459 2291 1492 2324 in
1514 2291 1656 2334 Synodis
1677 2292 1883 2336 generalibus
1902 2294 2026 2337 semper

1197 2338 1334 2382 primam
1347 2339 1525 2374 habuerunt
1539 2342 1742 2385 agendorum
1753 2343 2022 2386 propositionem,

1196 2390 1336 2432 primum
1349 2390 1536 2435 suffragium
1547 2392 1610 2426 ἃς.
1763 2393 1840 2440 267.
1858 2405 1883 2429 1-
1901 2404 1978 2440 392·
1995 2405 2022 2429 1-

1147 2438 1277 2483 Legatis
1290 2439 1487 2483 Apostolicis
1499 2442 1824 2485 Constantinopolim
1850 2443 1947 2477 missis
1968 2456 2025 2478 co-

1195 2488 1302 2533 gnitio
1312 2489 1353 2523 de
1363 2490 1454 2527 causa
1466 2490 1586 2536 Ignatii
1598 2493 1774 2527 commissa.
1794 2503 1867 2540 327.
1875 2505 1902 2529 1-
1925 2492 2023 2527 Pote-

1195 2539 1309 2573 statem
1333 2540 1553 2582 excesserunt,
1580 2544 1710 2576 causam
1734 2542 1933 2576 Photianam
1952 2543 2026 2576 defi-

1195 2588 1341 2629 niendo,
1370 2588 1445 2637 328·
1469 2600 1493 2625 1.
1521 2591 1665 2637 ideoque
1687 2592 1885 2637 Episcopatu
1907 2604 1944 2627 ac
1965 2591 2024 2626 ho-

1195 2649 1276 2672 nore
1290 2640 1479 2674 sacerdotali
1494 2652 1676 2676 exuuntur.
1905 2639 1981 2689 328·
1994 2654 2025 2680 2·

1145 2686 1178 2724 A
1201 2688 1336 2733 Legatis
1350 2689 1512 2724 Romanis
1535 2690 1663 2726 libellus
1683 2691 1758 2727 fidei
1778 2702 1957 2737 numquam
1968 2703 2026 2735 po-

1192 2738 1335 2773 stulatus.
1361 2750 1472 2787 3512.
1500 2739 1573 2775 Nec
1587 2742 1697 2775 litterae
1708 2742 1952 2776 communionis
1965 2743 2024 2776 Ec·

1192 2788 1290 2823 clefiae
1300 2800 1355 2823 aut
1366 2790 1588 2834 delegationis.
1596 2802 1670 2838 352.
1679 2803 1705 2827 1.
1715 2790 1866 2825 Parentes
1879 2792 1919 2826 ad
1932 2792 2023 2826 Con-

1192 2839 1306 2873 cilium
1318 2839 1442 2874 direetae
1452 2840 1741 2885 legebantur‚secus
1750 2842 1879 2876 secretae.
1907 2853 1947 2890 35
1955 2854 2017 2878 2.z-

1145 2889 1285 2935 Legatus
1312 2888 1474 2938 Principis
1492 2892 1525 2924 in
1537 2893 1631 2926 causa
1653 2891 1728 2926 fidei
1739 2902 1845 2927 merus
1855 2893 1918 2929 fuit
1930 2892 2024 2928 audi-

1194 2950 1263 2975 tor.
1967 2967 1973 2974 -
1987 2954 2017 2978 2-

1145 2988 1327 3037 Legislatot
1341 2989 1467 3035 legibus
1480 2990 1542 3024 suis
1555 2990 1765 3036 adstringitur
1775 3018 1782 3025 .
1894 2953 1973 3039 {g}
1991 3003 2018 3028 1·

1145 3039 1213 3073 Leo
1226 3040 1351 3074 Isaurus
1362 3042 1379 3073 a
1392 3038 1505 3083 Judaeis
1515 3041 1683 3083 deceptus.
1698 3053 1813 3090 2232-
1828 3042 1958 3081 Callide
1969 3052 2021 3086 pe-

1192 3089 1349 3124 detentim
1362 3090 1521 3135 imagines
1531 3091 1654 3126 studuit
1674 3093 1844 3130 eliminare
1857 3117 1864 3124 .
1893 3102 1972 3139 224·
1988 3102 2018 3132 1-

1190 3138 1231 3173 1η
1243 3139 1448 3175 orthodoxos
1459 3138 1600 3175 desaeviit
1615 3166 1626 3182 ,
1653 3142 1808 3180 Ecclefias
1817 3141 1995 3180 denudavit
2005 3164 2017 3181 ,

1193 3190 1329 3234 parietes
1348 3187 1511 3226 dealbavit
1524 3214 1535 3231 ,
1562 3193 1647 3227 sacra
1671 3193 1740 3227 vasa
1753 3193 1929 3230 conflavit,
1955 3192 2014 3226 &c-

1192 3249 1270 3286 224.
1295 3251 1325 3278 2.
1353 3240 1433 3283 Ejus
1460 3242 1551 3275 variae
1575 3243 1608 3276 in
1634 3241 1810 3278 Ecclesiam
1835 3241 1994 3278 violentiae
2005 3263 2014 3271 ·

1191 3300 1269 3336 225.
1288 3301 1316 3326 1.
1339 3290 1488 3325 Ecclefiae
1500 3292 1660 3326 Romanae
1687 3293 1914 3336 patrimonium
1935 3287 2015 3323 fisco

1189 3339 1315 3374 addixit
1326 3364 1335 3379 ,
1359 3340 1529 3384 pluresque
1542 3341 1695 3377 Ecclefias
1707 3344 1740 3376 in
1754 3335 2008 3377 patriarchatum

1190 3389 1598 3436 constantinopolitanum
1622 3392 1811 3436 transcripsit
1837 3399 1950 3470 '12f212‘
1981 3399 2008 3424 1·

1859 3449 1878 3471 n
1894 3448 1911 3471 e
1925 3447 1960 3471 ικ
