2340 3762
128 2175 194 2216 stet.
214 2178 240 2213 ,εξ

134 2758 193 2794 33.
214 2760 271 2792 βό.

389 158 483 213 388

308 247 462 285 punitatis
472 269 484 286 ‚
509 256 543 280 ut
553 249 714 284 diceremus
736 254 849 293 negotia
868 248 965 287 nostra
982 259 1048 280 cum
1055 248 1165 289 fiducia
1177 272 1187 288 ,

314 294 349 327 Θ·
369 305 427 327 non
450 304 615 340 accepimus
638 325 645 332 .
676 300 818 343 ‚Qualiter
838 307 905 339 ergo
923 296 1065 331 habemus
1085 298 1186 340 loqui?

312 341 532 388 Tranquillus
540 348 695 390 Princeps
704 346 847 389 reposuit
859 360 869 379 .·
895 350 978 380 Deus
987 350 1053 381 ideo
1063 350 1187 382 audivit

311 394 544 436 deprecationem
565 409 660 430 meam
671 421 682 436 ‚
710 398 744 437 s&
757 397 889 429 adduxit
898 397 950 430 hos
968 397 1089 441 sanllos
1102 406 1185 432 viros

308 454 351 478 ose
372 447 505 483 omnibus
525 446 666 487 partibus
687 448 816 486 mundi,
843 450 964 490 nequid
969 448 1129 492 secundum
1134 448 1186 489 fa-

309 499 382 528 ciem
390 494 447 536 fiat
457 518 468 535 ‚
489 493 548 537 sed
555 507 594 528 ex
605 507 688 539 aequo
694 505 828 538 ponatur
830 499 978 538 judicium
981 499 1163 541 justtffimum
1174 525 1180 533 .

309 547 419 583 Dicitis
434 549 477 576 uti
490 550 648 591 accipiatis
661 547 787 581 verbum
801 545 972 591 securitatis
982 573 993 589 ‚
1021 552 1055 584 (θ’
1064 551 1183 592 quando

309 594 373 636 quis
382 594 403 623 ἃ
412 604 458 625 me
470 594 605 635 tristatus
628 598 680 631 vel
690 596 880 641 laesusfuerit
887 623 898 638 ‚
927 602 992 633 volo
1009 610 1041 634 ut
1053 602 1163 633 dicatis
1174 625 1181 632 .

307 643 417 676 idcirco
426 640 502 686 sunt
521 644 567 678 bic
581 645 751 689 sanbliffimi
772 651 882 682 Vicarii
900 657 1029 684 omnium
1046 649 1181 694 sedium,

306 701 339 724 ut
359 695 509 739 quidquid
523 695 643 731 habetis
655 705 690 743 in
703 698 944 741 justificationem
970 701 1117 742 vestram,
1146 702 1184 734 lo-

306 749 443 787 quamini
453 769 461 777 .
490 745 534 780 Et
549 747 704 783 Patritius
722 746 870 784 Bahanes
883 763 894 784 .·
922 755 1045 794 Propter
1056 756 1183 793 Impera-

304 801 397 837 torem
407 795 531 835 nostrum
537 796 673 842 sane‘Ium
685 798 763 834 nihil
764 799 966 843 prohibemini
977 827 988 842 ‚
992 803 1080 843 jubet
1091 807 1180 841 enim,

304 844 340 883 ,(9
360 845 428 879 vult
440 871 451 887 ‚
479 849 513 880 (9·
533 849 688 894 acquiescit
710 859 744 884 ut
764 852 947 894 loquamini,
966 851 1024 896 sed
1042 854 1182 886 videntes

293 944 297 947 .
296 896 330 937 J
332 896 430 929 udices
439 898 679 941 convicia‘vestra
692 913 742 935 nec
752 903 857 936 audire
868 914 922 937 vos
936 905 1040 946 volunt
1053 928 1060 936 .
1081 903 1181 943 Com-

301 946 390 990 pleta
406 948 630 991 eratipsorum
650 951 828 996 iniquitas,
856 951 994 998 ideoque
1015 953 1181 996 responde-

301 1007 402 1031 runt:
429 1002 497 1031 Nos
508 1002 644 1044 Judices
664 1014 713 1036 eos
738 1013 796 1036 non
813 1000 1004 1046 suftipimus.
1032 1003 1181 1036 Bahanes

302 1046 429 1092 rogavit
443 1052 592 1085 causam:
621 1054 732 1093 Rejicit
744 1054 843 1096 regula
858 1052 1070 1097 Patriarebia,
1095 1053 1130 1086 Za·
1142 1057 1179 1085 ir-

300 1099 518 1140 rationabiliter
535 1102 680 1141 judicant
702 1104 715 1146 ι.>
742 1101 891 1146 Rogavit
916 1102 984 1136 duo
1010 1125 1018 1134 .
1045 1101 1158 1145 Primo
1170 1127 1179 1142 ,

302 1147 360 1181 An
375 1148 534 1182 Romana»,
545 1150 646 1190 sedis,
675 1152 844 1194 praesertim
856 1151 937 1186 dum
962 1153 1033 1186 alix
1044 1153 1179 1187 Patriar·

301 1197 695 1239 clialesipsiadsistesent‚
720 1201 879 1243 judicium
903 1204 1006 1248 posset
1020 1202 1180 1237 recusari?

300 1248 453 1280 Secundo
465 1272 475 1287 ,
505 1248 559 1282 An
573 1262 687 1284 omnes
701 1252 762 1285 istae
785 1252 873 1286 sedes
885 1251 1036 1299 errassent
1048 1254 1082 1288 in
1095 1253 1179 1297 Pho·

297 1297 340 1329 -tii
354 1299 444 1331 musa
456 1324 465 1339 2
493 1302 525 1332 :St
536 1301 636 1333 eriam
660 1313 748 1336 nunc
769 1303 1041 1338 irrationabiliter
1057 1304 1092 1338 &
1104 1316 1180 1338 con-

276 1355 277 1359 ’
299 1358 347 1381 tra
360 1349 518 1384 Curiones
536 1351 740 1394 judicarent?
767 1352 1024 1398 Amphilochius
1038 1354 1179 1389 Pseudo-

298 1398 482 1443 Episcopus
503 1401 688 1444 Cyzicenus
708 1403 919 1449 Hellesponti
939 1404 1156 1448 Metropolita
1171 1428 1180 1444 2

289 1450 465 1497 ,respondit
476 1452 517 1485 ad
536 1453 643 1486 solum
657 1454 855 1488 secundum:
883 1456 1179 1494 Irrationabiltffime.

295 1495 457 1544 {papatum
477 1501 589 1547 Roma
611 1496 891 1548 Constantipolim
915 1506 949 1538 in
961 1504 1180 1548 Photiicaput

296 1549 449 1592 migrasse
458 1573 470 1590 ,
495 1551 637 1595 ideoque
648 1553 742 1594 illum
753 1555 770 1587 a
783 1555 854 1587 solo
866 1556 944 1588 Deo
963 1554 1100 1597 judicari
1112 1555 1180 1596 pos-

298 1597 331 1630 se
341 1598 491 1644 censebat
499 1601 644 1645 omnino
658 1601 747 1635 idem
758 1600 1018 1646 Amphilochius
1034 1627 1046 1643 ‚
1068 1600 1180 1636 verum

297 1649 420 1683 naenias
431 1649 623 1688 istascoram
634 1650 790 1695 Principe
803 1647 872 1686 non
895 1654 958 1686 fuit
972 1653 1067 1696 ausus
1077 1652 1180 1686 effuti-

297 1710 334 1733 re
348 1723 355 1730 .
374 1699 524 1734 Perrexit
537 1700 684 1735 Bahanes
706 1702 748 1736 de
767 1701 891 1737 sedium
907 1701 1180 1745 patriarchalium

299 1749 455 1793 Legatis:
482 1754 588 1784 Extra
603 1750 722 1794 sensum
741 1755 850 1795 regulae
874 1756 908 1788 (τ
934 1754 1180 1788 patriarcharum

295 1797 421 1844 suorum⁴
431 1800 599 1844 judicant?
624 1800 669 1834 Et
681 1801 833 1845 Episcopi
846 1803 1027 1845 Photiani;
1054 1808 1161 1838 Extra
1174 1828 1184 1838 .

295 1848 415 1898 'Qare
440 1850 476 1894 in
501 1860 714 1887 contumaces
739 1850 828 1886 aliud
855 1854 1000 1887 nescIeus
1025 1853 1180 1886 Patritius

298 1900 461 1936 conclufit
479 1913 488 1933 ε
514 1906 560 1943 Ite
582 1904 627 1935 ad
645 1901 838 1942 Patriarchia
861 1926 872 1942 ,
902 1904 941 1943 (ψ
956 1903 1179 1944 certificamini.

299 1950 351 1985 Ita
371 1951 454 1988 olim
466 1952 652 1992 Macar-ium
673 1948 894 1990 patriarcham
909 1950 1181 1993 Antiochenum‚

298 2001 396 2036 sextae
413 2000 552 2043 Synodo
571 1999 773 2045 acquiescere
799 2001 970 2041 nolentem
994 2026 1005 2043 ,
1033 2002 1179 2036 Romam

298 2048 340 2083 ad
354 2049 571 2096 Agathonem
582 2052 706 2096 Papam
728 2051 812 2085 misit
825 2050 1005 2095 Imperator
1018 2053 1178 2087 Constan-

299 2100 390 2143 ¹tinus
400 2101 596 2147 Pogonatus
609 2127 616 2133 .
644 2102 687 2135 Et
700 2100 872 2135 adversum
896 2102 1016 2141 similes
1028 2103 1062 2136 in
1075 2104 1179 2146 Syno-

298 2150 344 2192 do
355 2151 616 2187 Chalcedonensi
627 2152 849 2186 clamaverunt
860 2152 1012 2196 Episcopi
1024 2152 1180 2196 Illyricia-

300 2202 335 2236 ni
348 2216 360 2236 .·
386 2206 452 2247 ,Qui
463 2204 670 2242 contradicunt
682 2226 693 2243 ‚
712 2205 837 2235 Romam
848 2202 1016 2236 ambulem.
1044 2203 1181 2243 Patriar-

299 2250 448 2287 chalium
471 2253 671 2298 Legatorum
694 2252 794 2291 fidem
815 2252 850 2286 &
873 2255 996 2292 testum
1016 2253 1109 2296 juxta
1122 2253 1179 2286 Pa—

300 2302 516 2339 triarcharum
538 2305 671 2345 suorum
692 2303 845 2338 mandata
860 2304 1042 2346 processum
1068 2303 1180 2338 multis

300 2354 417 2396 suasit,
443 2365 476 2389 at
486 2354 674 2398 persuadere
695 2366 766 2388 non
791 2354 898 2397 potuit
921 2354 1054 2388 Basilius
1067 2353 1177 2399 Augu-

300 2405 390 2445 stus,
415 2403 556 2447 ideoque
565 2403 1013 2443 Bahanisinterlocutionem
1031 2404 1177 2448 probavit

301 2456 335 2489 &
357 2455 439 2490 dixit
458 2468 465 2487 :
495 2461 546 2496 Ne
567 2456 676 2494 dicatis
696 2480 707 2495 ,
734 2460 864 2488 Fratres
878 2479 888 2494 ,
914 2456 993 2498 quod
1011 2456 1105 2490 velim
1128 2466 1180 2488 vos

301 2510 420 2545 mittere
441 2507 505 2539 illuc
515 2529 525 2545 ,
550 2515 582 2539 ut
588 2513 693 2548 pereat
704 2511 771 2547 quis
783 2505 911 2545 vestrum
920 2530 931 2546 ‚
945 2504 1026 2546 testis
1039 2505 1077 2551 est
1087 2509 1181 2543 Deus,

302 2560 443 2598 quoniam
463 2567 548 2597 quem
560 2555 662 2598 misero
683 2557 753 2597 illo,
778 2560 811 2593 in
821 2554 972 2598 conspedlu
995 2561 1084 2592 totius
1096 2558 1181 2589 sena·

304 2614 354 2637 tus
376 2603 532 2648 &sanblae
541 2607 645 2643 synodi
657 2607 738 2647 dico,
764 2607 872 2639 iterum
882 2606 1017 2638 reducam
1034 2617 1098 2640 eum
1109 2605 1180 2638 buc.

304 2653 433 2689 Verum
444 2655 485 2690 ad
498 2655 671 2688 Ruffinum
685 2656 834 2689 Ecclesiae
862 2655 1076 2699 Aquilejenfis
1097 2655 1184 2693 Pres-

307 2707 461 2751 byterum
473 2730 483 2745 ,
510 2704 657 2744 Romam
668 2704 708 2738 ab
721 2705 892 2744 Anastasio
904 2706 1009 2750 primo
1022 2705 1183 2740 Pontifice

306 2764 483 2796 'evocatum
497 2780 507 2796 ,
534 2754 645 2795 scribit
667 2756 801 2794 ,Sanetus
822 2756 1051 2798 Hieronymus
1073 2769 1079 2788 :
1107 2759 1186 2788 Tan-

308 2810 372 2843 tum
382 2812 527 2841 Romanae
542 2805 773 2847 urbisjudicIum
780 2801 863 2849 fugis
876 2829 886 2845 ,
913 2813 945 2838 ut
956 2811 1051 2850 magis
1071 2805 1185 2848 obsidio-

310 2871 379 2894 nem
400 2857 601 2896 Barbaricam
623 2857 714 2898 quam
729 2864 849 2897 pacatae
870 2856 953 2893 urhis
976 2858 1053 2889 velis
1067 2855 1186 2900 s'enten-

310 2916 386 2944 tiam
401 2907 559 2952 sustinere.
587 2906 639 2944 Ex
650 2905 767 2940 eodem
793 2905 911 2943 timore
922 2903 1093 2942 Photian'ae
1111 2916 1186 2939 con-

310 2959 499 2994 secrationis
526 2956 682 3001 Episcopi
708 2956 942 3000 responderunt
964 2967 971 2987 ε
999 2960 1055 2991 Hic
1075 2961 1187 2989 exami-

311 3019 420 3048 nentur
442 3013 557 3052 negotia
570 3032 578 3040 .
605 3007 720 3055 Qare
741 3016 830 3039 tanta
853 3007 1064 3039 contumacia
1085 3005 1187 3039 lassati

313 3058 499 3102 Apostolici
510 3057 636 3092 vicarii
658 3067 713 3100 per
722 3055 925 3099 Stephanum
939 3055 1088 3094 Ecclesiae
1100 3055 1189 3090 Con-

313 3108 613 3152 stantinopolitanae
622 3107 811 3141 Diaconum
821 3117 858 3139 ac
870 3106 1049 3143 Norarium
1061 3106 1126 3150 legi
1136 3117 1188 3141 cu*

316 3168 425 3192 rarunt
450 3158 558 3193 Sanffi
583 3157 754 3199 Pontificis
781 3156 916 3191 Nicolai
942 3156 983 3190 ad
1005 3156 1191 3190 Dioeceseos

316 3206 694 3251 Constantinopolitanae
717 3206 899 3250 Episcopos
924 3207 959 3240 ὃ(
981 3206 1128 3244 Clericos
1152 3206 1193 3240 de

321 3254 383 3290 hac
393 3257 487 3288 causa
508 3258 628 3295 litteras
643 3282 653 3298 ,
680 3268 740 3291 nec
760 3268 830 3290 non
852 3258 886 3291 &
899 3255 991 3300 supra
1016 3257 1190 3300 expositam

322 3304 462 3347 Adriani
472 3305 601 3338 secundi
613 3308 798 3346 Romanam
811 3306 983 3350 synodum
995 3331 1005 3347 ‚
1030 3317 1099 3341 eam
1111 3306 1190 3340 mui-

321 3355 365 3390 tis
384 3352 543 3393 encomiis
566 3353 696 3391 Sanctus
714 3358 860 3400 Ignatius
878 3357 912 3391 &
925 3356 1109 3390 orientales
1132 3358 1190 3390 Le-

320 3405 393 3451 gati
404 3405 478 3438 sunt
488 3403 646 3447 prosecuti
660 3424 671 3440 5
696 3414 790 3446 atque
809 3416 879 3439 tum
902 3406 1052 3444 laudatus
1064 3406 1195 3451 Stepha-

322 3466 384 3491 nus
397 3455 431 3490 in
445 3451 602 3489 Photium
612 3451 646 3486 δε
656 3450 831 3486 fastionem
842 3454 909 3495 ejus
920 3465 960 3488 ex
975 3454 1115 3491 ambone
1126 3468 1195 3501 pro-

903 166 1537 210 Dlssnna-Arlo

1252 250 1422 284 nunciavit
1449 250 1538 285 hunc
1564 252 1765 294 synodalem
1801 257 2100 300 anathematismum
2119 278 2129 298 τ

1252 299 1356 333 Photio
1373 300 1514 344 saeculari
1537 301 1694 346 &fon-nst
1710 304 1872 340 anathema
1885 332 1895 348 ‚
1921 311 2024 347 Phario
2034 324 2129 354 tyran-

1250 363 1286 383 no
1312 352 1346 384 (⁴2⁴
1366 351 1502 394 neophyto
1527 352 1692 388 anathema
1720 381 1731 397 ‚
1758 356 1864 391 Photio
1887 357 2074 403 fihismatico
2093 368 2129 400 (τ

1250 402 1392 442 damnato
1419 403 1583 436 anathema
1606 428 1616 444 ‚
1644 406 1748 439 Photio
1770 408 1879 441 maecbo
1904 411 1938 443 cb·
1964 414 2129 448 l’arricidae

1249 451 1410 485 anathema
1419 477 1429 493 ‚
1458 453 1647 488 Fabricatort
1658 459 1877 492 mendaciorum
1885 461 2047 495 anathema
2059 487 2069 501 ‚
2082 467 2132 496 In·

1248 509 1363 535 ventor}
1378 503 1585 547 perversorum
1606 507 1777 550 dogmatum
1802 509 1964 544 anathema
1991 537 2001 552 ,
2027 512 2131 546 Photio

1249 564 1324 585 novo
1335 556 1471 588 Maximo
1484 561 1589 594 Cynico
1606 557 1771 591 anathema
1783 583 1795 599 ‚
1821 572 1896 594 novo
1907 560 2040 604 Dioscoro
2055 574 2132 596 ana-

1247 602 1369 643 thema,
1397 617 1472 638 novo
1486 606 1513 647 J
1519 608 1588 639 udae
1610 607 1774 641 anathema
1796 633 1807 649 ‚
1833 612 1964 645 omnibus
1982 611 2132 655 sequenti-

1247 653 1300 685 bus
1324 653 1534 695 &fautoribus
1557 659 1622 697 ejus
1646 659 1807 693 anathema
1820 685 1832 700 ‚
1858 664 1993 706 Gregorio
2018 664 2132 696 dudum

1250 702 1397 747 Episcopo
1419 705 1595 749 syracusano
1611 709 1777 743 anathema
1790 734 1800 750 ‚
1826 713 1991 755 Eulampio
2010 712 2132 756 depofito

1246 755 1279 787 <5
1292 753 1477 799 schismatico
1486 757 1666 791 anathema.
1695 761 1748 794 De
1763 760 1862 795 Petro
1883 763 2028 796 Sardensi
2052 763 2131 806 Epi·

1246 806 1344 848 scopo
1358 830 1368 846 ,
1394 807 1509 849 Lydiae
1529 807 1749 852 Metropolim
1771 835 1782 850 ,
1810 812 1898 845 nulla
1920 813 1956 845 fit
1981 814 2131 852 mentio,

1245 857 1354 940 ‘390‘ss
1356 867 1443 891 mare
1462 855 1668 894 Adriaticum
1688 860 1755 904 jam
1778 862 1903 914 pridem
1934 862 1975 897 de
1999 864 2059 897 illo
2083 863 2131 912 ju-

1271 918 1318 941 ica
1346 918 1397 942 et.

1436 1124 1722 1176 Acrro
1792 1127 1944 1179 VIII.

1339 1256 1375 1299 D
1405 1254 1580 1295 Actionem
1602 1262 1750 1296 octavam
1765 1285 1775 1301 ,
1800 1263 1913 1297 fastam
1936 1263 2034 1298 nonis
2058 1265 2130 1300 No.-

1254 1345 1262 1350 .
1364 1309 1569 1352 vembribus,
1598 1311 1688 1354 loqui
1702 1314 1801 1356 coepit
1813 1312 1855 1348 de
1865 1313 2062 1359 imaginariae
2071 1315 2129 1359 sy-.

1250 1358 1604 1405 nodiexemplaribu5‚
1629 1374 1667 1396 ac
1688 1363 1728 1396 de
1747 1364 1867 1398 exactis
1890 1375 1945 1408 per
1968 1363 2127 1399 Photium

1245 1408 1280 1442 in
1305 1409 1424 1452 scripto
1451 1411 1642 1455 juramentis
1669 1411 1970 1457 ac'profeffionibus
1993 1414 2128 1450 Basilius

1247 1458 1417 1502 Augustus
1435 1471 1489 1503 per
1500 1460 1666 1498 Bahanem
1687 1462 1888 1498 Patricium:
1916 1470 2043 1507 Propter
2056 1465 2129 1498 mul·

1244 1515 1307 1544 tam
1319 1507 1482 1551 versutiam
1502 1522 1536 1543 ac
1548 1512 1696 1544 malitiam
1703 1514 1938 1553 praecedentibus
1949 1514 2129 1556 temporibus

1241 1556 1406 1600 subfhripst‘t
1416 1561 1614 1594 Sacerdotium
1623 1586 1633 1600 ‚
1661 1563 1695 1595 (ν
1706 1564 1836 1596 Senatus
1851 1588 1862 1603 ‚
1889 1566 1923 1597 (a
1935 1573 1998 1598 tota
2009 1569 2122 1597 civitas

1245 1612 1279 1637 in
1299 1605 1387 1646 caulis
1409 1608 1524 1647 injustis
1546 1631 1556 1647 ,
1583 1620 1658 1651 quas
1681 1612 1833 1651 noluerunt
1852 1635 1860 1643 .
1898 1613 2015 1646 Coaffl
2036 1614 2130 1651 enim

1246 1654 1373 1689 fuerant
1394 1656 1412 1690 a
1431 1656 1598 1697 Michaele
1621 1658 1773 1704 Augusto
1788 1685 1795 1693 .
1824 1661 1918 1700 Hodie
1939 1670 2036 1696 autem
2060 1663 2129 1701 vult

1249 1709 1406 1747 Divinitus
1413 1706 1612 1751 gubernatum
1622 1714 1778 1752 imperium
1788 1709 1912 1751 nostrum
1922 1736 1933 1753 ,
1959 1716 2084 1746 intuens
2093 1717 2128 1750 itt

1246 1754 1475 1800 misericordiam
1497 1760 1553 1792 Dei
1576 1759 1761 1804 benigniffimi
1797 1762 1830 1796 (ἓν
1851 1761 2130 1806 compatientiffimi‚

1245 1807 1383 1845 manibus
1395 1807 1499 1848 vestris
1511 1820 1563 1842 eas
1574 1812 1714 1853 incendi,
1740 1813 1775 1846 (9⁶
1788 1810 1896 1856 sperat
1914 1819 1948 1852 in
1970 1811 2130 1856 misereri?-

1246 1867 1311 1889 nem
1322 1858 1387 1897 eius
1414 1860 1449 1892 &
1470 1865 1503 1898 in
1510 1858 1633 1902 sanc‘i‘as
1646 1856 1789 1901 orationes
1801 1862 1914 1904 vestras
1927 1887 1939 1903 ,
1963 1863 2131 1905 quodigno·

1240 1904 1341 1948 scatur
1353 1913 1433 1940 omni
1443 1907 1554 1947 homini
1564 1916 1733 1954 ignorantia
1742 1912 1806 1945 haec
1815 1937 1826 1952 ,
1853 1922 1918 1945 tam
1928 1914 1949 1943 ἃ
1953 1911 2061 1954 sant-911
2071 1914 2130 1944 Ec,

1245 1954 1327 1997 fleſset
1340 1956 1493 1994 Catholica
1505 1984 1515 1999 ,
1540 1962 1630 2001 quam
1641 1962 1663 1993 ἁ
1671 1960 1756 2003 sacro
1766 1963 1876 1994 senatu
1887 1984 1899 2001 ,
1924 1962 1959 1995 (tt
1969 1970 2034 1995 tota
2055 1967 2131 1995 eivi-

1246 2014 1309 2043 tate
1323 2006 1419 2048 nostra
1431 2032 1441 2047 ‚
1462 2007 1551 2049 fimul
1574 2010 1608 2042 (τ
1619 2016 1734 2043 caeteris
1746 2010 1910 2052 regionibus
1920 2033 1928 2042 .
1956 2012 2048 2054 ,Quid
2059 2013 2126 2055 ergo

1246 2056 1366 2090 videtur
1371 2055 1531 2098 sane‘iitati
1542 2057 1647 2095 vestrae
1658 2058 1676 2089 ἓ
1703 2058 1805 2095 Placet
1814 2058 1866 2091 hoc
1882 2061 1942 2094 Deo
1968 2059 2100 2098 &vobis
2110 2061 2128 2098 ,ἔ

1245 2105 1373 2144 Placuit
1384 2106 1447 2140 toti
1461 2104 1598 2149 Synodo
1610 2130 1618 2144 2
1644 2107 1755 2155 Qare
1760 2108 1888 2155 jubente
1900 2107 2007 2150 Bafflio
2016 2107 2127 2151 Christi

1246 2161 1338 2189 amico
1363 2157 1398 2190 ὁ*
1418 2167 1526 2199 magno
1548 2160 1729 2201 Imperatore
1741 2182 1752 2199 ‚
1772 2157 1897 2201 postium
1917 2157 1956 2199 est
1975 2164 2010 2196 in
2031 2159 2127 2198 medio

1244 2207 1349 2244 synodi
1376 2217 1435 2239 vas
1454 2209 1609 2248 AEneum,
1635 2209 1722 2240 adid
1741 2217 1847 2250 aptum
1859 2233 1870 2250 ‚
1891 2208 2014 2251 plenum
2034 2214 2101 2253 igne
2116 2234 2129 2250 ‚

1245 2257 1279 2296 (ς
1302 2256 1395 2289 delati
1408 2254 1483 2298 fiant
1493 2254 1683 2299 inmarsupio,
1708 2259 1728 2294 ἃ
1739 2258 1947 2301 Theophylat‘Jo
1959 2283 1971 2300 ,
1991 2255 2130 2297 reveren·

1246 2306 1352 2346 diffimo
1366 2309 1494 2344 Diacono
1518 2307 1552 2344 ᾧ·
1564 2305 1796 2350 Refi‘rendario‚
1823 2320 1920 2343 omnes
1943 2315 2016 2346 tomi
2037 2310 2130 2349 chyro-

1240 2355 1422 2400 grapborum
1436 2381 1446 2395 ‚
1474 2363 1526 2399 qui
1538 2356 1745 2402 exactisuma
1767 2358 1890 2401 photio,
1915 2359 1956 2396 ab
1976 2364 2056 2396 omni
2076 2357 2131 2402 sa-

1244 2415 1327 2444 crato
1349 2407 1489 2450 Catalogo
1514 2409 1548 2446 (θ’
1567 2409 1670 2442 ordine
1691 2409 1867 2447 clericorum
1884 2433 1895 2449 ,
1921 2418 1986 2446 tam
2006 2419 2127 2452 magnae

1246 2455 1399 2497 Ecclefiae,
1427 2458 1518 2499 quam
1529 2468 1630 2494 earum
1643 2482 1654 2498 ‚
1679 2469 1745 2500 quae
1762 2458 1842 2501 soris
1859 2458 1951 2502 sunt,
1981 2469 2128 2500 quamque

1245 2512 1334 2546 etiam
1358 2508 1378 2542 ἁ
1401 2513 1520 2550 magnis
1546 2509 1581 2541 ὁ·
1596 2514 1728 2550 parvis,
1754 2510 1789 2543 (ν
1809 2507 1940 2542 mnibus
1963 2510 2128 2547 Senatorio.-

1246 2558 1425 2601 dignitatis‚
1450 2558 1486 2591 (τ
1505 2552 1606 2595 multis
1626 2559 1696 2591 aliis
1714 2581 1725 2598 ‚
1752 2567 1816 2591 tam
1853 2557 2010 2600 illustribus
2035 2560 2130 2601 quam

1246 2606 1421 2651 ignobilibus
1434 2631 1445 2646 ‚
1470 2615 1558 2650 atque
1567 2613 1606 2641 iis
1615 2614 1667 2650 qui
1676 2614 1709 2642 in
1719 2615 1798 2645 omni
1820 2617 1886 2645 arte
1911 2609 1945 2642 (15
1957 2604 2127 2651 disciplina,
2146 2632 2149 2635 Α

1248 2659 1282 2691 (⁴5
1292 2655 1410 2699 diverso
1414 2655 1513 2697 studio
1523 2658 1575 2701 effi:
1595 2657 1780 2697 videbantur
1790 2683 1801 2700 ‚
1828 2657 1918 2702 usque
1938 2659 1981 2694 ad
1990 2658 2129 2699 pellam!

1247 2706 1381 2750 &pisces
1395 2709 1559 2743 vendentes
1570 2732 1581 2748 ‚
1607 2710 1642 2742 Θ·
1661 2710 1802 2752 lignarios
1813 2731 1824 2748 ‚
1849 2711 1883 2743 Θ·
1895 2720 1965 2741 acus
1968 2707 2126 2749 facientes.

1247 2756 1370 2801 Insuper
1396 2758 1430 2790 δ’
1438 2757 1508 2791 libri
1518 2781 1529 2797 ‚
1552 2763 1604 2801 qui
1610 2758 1681 2800 fit‘lc?
1691 2758 1845 2802 conscripti
1851 2757 1924 2800 sum
1935 2765 2037 2790 contra
2048 2758 2128 2793 Bea-

1249 2809 1382 2848 tiffimum
1395 2809 1554 2843 Nicolaum
1565 2811 1684 2849 Papam
1701 2831 1711 2847 ,
1737 2807 1916 2850 &gestorum
1924 2805 2079 2843 relationes
2091 2815 2126 2838 ac

1249 2858 1354 2902 synodi·
1369 2881 1379 2896 ,
1394 2867 1459 2898 ,quae
1471 2866 1572 2890 contra
1582 2858 1602 2889 5
1603 2857 1804 2896 acratiffimum
1817 2855 2028 2891 Patriarcbam
2038 2861 2128 2901 Igna-

1250 2913 1324 2946 tium
1330 2904 1506 2949 fas‘laesunt
1516 2907 1536 2941 ἁ
1550 2904 1654 2938 Photio
1665 2930 1672 2938 .
1698 2908 1743 2943 Et
1758 2911 1902 2948 accipiens
1917 2909 2060 2950 Georgius
2082 2916 2127 2938 re-

1250 2957 1467 3000 verendtffimus
1489 2955 1753 2999 orphanotrophus
1761 2955 1887 3000 ,fingulos
1905 2956 2016 2989 libellos
2041 2957 2130 2989 &to-

1249 3019 1311 3046 mos
1325 3006 1429 3045 tribuit
1441 3005 1606 3043 bominibus
1622 3013 1804 3048 utrorumque
1813 3009 1832 3039 5
1833 3006 2053 3046 anbliffimorum
2079 3008 2108 3039 V
2105 3010 2129 3040 i-

1250 3063 1395 3092 cariorum
1404 3079 1414 3096 ‚
1443 3063 1494 3099 qui
1505 3054 1649 3099 miserunt
1660 3062 1757 3088 omnia
1787 3063 1820 3089 in
1832 3063 1928 3100 ignem
1940 3081 1950 3097 ,
1977 3058 2010 3090 Θ
2020 3065 2130 3094 crema-

1251 3118 1284 3146 ra
1303 3106 1379 3151 sunt
1397 3131 1408 3147 ‚
1437 3108 1471 3140 &²
1496 3106 1620 3143 redacta
1644 3112 1677 3144 in
1703 3106 1830 3139 nihilum
1855 3132 1862 3139 .
1890 3106 2129 3140 Profeffionum

1251 3158 1384 3192 istarum
1405 3154 1633 3203 chyrographa
1653 3157 1745 3190 exuti
1765 3157 1939 3192 voluerunt
1959 3155 2076 3200 Legati
2088 3153 2129 3189 ad

1251 3205 1465 3243 evertendum
1496 3217 1636 3241 errorem
1669 3205 1710 3240 de
1730 3206 1934 3253 obligatione
1955 3203 2128 3248 juramenti

1252 3257 1437 3295 Herodiani
1451 3279 1471 3297 ‚›
1487 3257 1522 3290 in
1535 3257 1626 3301 quod
1637 3256 1736 3291 etiam
1748 3257 1860 3295 statuit
1872 3256 2010 3291 secunda
2021 3253 2128 3291 Sanffl

1254 3307 1362 3342 Basilii
1373 3307 1492 3351 Magni
1511 3307 1551 3343 ad
1564 3307 1718 3342 sanetum
1730 3306 2006 3352 Amphilochium
2031 3314 2130 3336 cano,
2147 3297 2221 3336 Cup«
2237 3306 2285 3334 ⁵9«

1255 3360 1327 3392 nica
1344 3358 1492 3401 Epistola
1507 3369 1515 3395 ς
1531 3355 1629 3392 Adeo
1639 3357 1721 3395 olim
1733 3359 1788 3393 ille
1799 3368 1886 3392 error
1894 3355 1939 3391 est
1949 3352 2034 3396 zpud
2047 3352 2130 3386 Graeae

1254 3420 1311 3442 cos
1322 3407 1474 3452 grassatus
1490 3432 1496 3439 .
1523 3407 1610 3455 Qis
1621 3408 1719 3454 porro
1729 3409 1766 3445 fit
1780 3405 1925 3440 Ecclesiae
1944 3403 2130 3439 Constanti-

1255 3458 1454 3502 nopolitanae
1480 3456 1728 3492 Referendarius
1750 3479 1761 3497 ‚
1798 3452 2129 3538 exponitscsstliiaostllafii
