2340 3762
57 2884 118 2918 1..7-
141 2892 214 2917 oto.

56 3296 193 3330 A.1173·

691 181 757 211 De
793 180 1026 211 oetAvA
1062 165 1305 212 SYNooo
1338 163 1680 214 Genauam.

1949 177 2049 233 389

266 249 415 288 scholion
435 250 611 295 marginale
623 264 634 286 .·
663 251 842 284 Patriarcha
853 250 1144 292 ,Constantinopolita-
1194 263 1195 266 ’
1207 249 1360 291 festivitas
1370 249 1577 284 celebraretur.
1605 256 1807 295 Interfuerum
1827 260 1991 303 Episcopi,
2016 258 2077 294 Ab·

265 311 324 333 nus
349 300 595 342 Referendarium
620 309 789 344 quempiam
807 300 923 344 semper
948 301 1038 333 habet
1056 325 1066 340 ,
1092 308 1144 343 qui

1210 299 1293 332 bates
1307 325 1316 340 ,
1342 304 1470 334 Comites
1482 325 1492 341 ,
1519 302 1649 343 Barones
1660 316 1671 336 :
1698 307 1743 336 Et
1755 313 1846 343 multa
1859 312 1959 345 multis
1987 313 2075 352 largi-

267 353 440 391 lmperatori
461 364 570 384 omnem
590 354 653 392 ejus
677 355 834 385 denunciat
855 352 1035 390 <voluntatem
1053 375 1064 390 ,
1092 358 1143 393 qui
1190 360 1252 398 ²tut
1265 349 1319 382 ell-
1350 354 1394 390 Et
1404 361 1436 382 ut
1448 359 1593 392 appareat
1604 353 1758 388 multitudo
1775 367 1889 399 eorum,
1915 369 1967 403 qut
1986 367 2075 394 inter-

264 401 380 433 aditum
391 407 423 433 in
437 403 553 439 Palatio
560 401 676 443 semper
687 401 776 436 habet
787 404 830 434 ad
839 401 1025 443 referendum
1049 405 1143 442 Impe-
1190 418 1192 439 1
1198 399 1326 441 fuerunt
1335 424 1345 439 ,
1372 401 1436 432 cum
1456 406 1484 439 V
1487 403 1648 436 Vilhelmus
1670 404 1707 436 de
1718 406 1824 439 saneto
1837 409 1866 449 J
1872 421 1961 445 oanne
1981 420 2075 448 Nort.

263 457 358 494 ratori
369 451 637 494 quaecumquesunt
649 452 836 490 Patriarcbae
863 453 896 485 &¹
907 451 1039 493 Ecclefiae
1051 449 1139 494 necefi
1189 445 1192 499 Ξ
1206 456 1338 483 manniae
1352 453 1522 484 Procurator
1535 477 1544 491 ‚
1571 456 1605 487 (ς’
1616 458 1641 483 V
1644 453 1804 489 thhelmus
1818 456 1903 497 filius
1924 462 2074 498 H-tnnonis

259 498 347 543 satia
372 524 383 539 ,
402 510 460 542 per
478 514 568 543 quem
588 511 680 536 ettam
701 507 864 544 Imperator
887 527 898 541 ‚
924 504 1007 544 quod
1022 502 1121 544 placet
1130 526 1141 542 ‚
1187 523 1190 550 3
1204 499 1384 543 Senescallus
1395 503 1569 535 Brttanniae
1581 507 1763 538 comederent
1788 512 1820 539 in
1831 510 1962 549 quadam
1986 522 2076 546 came.

266 550 454 589 Patriarcbae
464 552 646 595 transmittit
656 577 663 585 .
693 553 863 587 Consonat
873 553 1008 595 antiqua
1022 551 1140 585 notitia
1188 553 1189 557 ’
1202 562 1238 583 ra
1248 575 1257 590 ‚
1282 549 1496 592 prohibuerunt
1518 563 1555 584 ne
1574 559 1643 594 quis
1656 556 1740 587 miles
1759 559 1919 590 comederet
1929 566 1961 592 in
1973 564 2074 595 eadem

262 602 448 634 officiorum
462 602 607 636 Ecclesiae
630 602 1004 645 Constantinopolitanae
1016 615 1027 635 .·
1054 601 1139 642 Refe-

262 652 420 682 rendarius
430 653 473 683 ad
486 655 635 694 Principes
649 679 658 693 ,
686 652 821 696 virosque
833 665 954 696 magnos
967 653 1011 684 ad
1019 650 1137 693 Episco-

258 704 295 741 pi
305 702 421 734 Secreta
430 706 570 743 quaea'am
583 705 746 736 indicanda
757 728 768 745 ,
796 706 830 737 (9·
843 703 991 746 quidquid
998 700 1116 735 libuerit
1127 724 1138 747 ρ

262 756 409 784 mittitur.

311 800 439 835 Exinde
463 803 557 837 falsos
587 803 738 838 Vicarios
758 827 769 844 ,
791 804 847 848 qui
875 802 1076 847 imaginariae
1102 799 1135 839 ¹in

261 850 413 884 Sauftum
425 852 621 887 Pontificem
633 855 810 891 Nicolaum
824 852 960 895 Synodo
971 859 1136 892 tamquam

260 899 497 940 patriarchales
508 903 624 944 Legati
642 903 909 944 subscripserant,
936 900 1056 943 inquiri
1082 910 1134 931 vo-

260 948 323 981 luit
335 948 469 987 Basilius
483 949 669 995 Augustus.
699 951 741 984 Et
752 962 828 985 ante
845 962 960 984 omnes
974 950 1135 983 accusatus

261 999 323 1031 fuit
348 1000 456 1032 nescio
478 1000 552 1043 quis
573 1001 686 1035 Petrus
707 999 909 1041 monachus,
935 1001 1045 1034 Roma
1070 999 1133 1033 huc

258 1047 433 1082 adductus:
465 1049 604 1084 Videtur
624 1052 718 1085 fuisse
741 1051 797 1085 ille
809 1051 952 1084 Nicolao
975 1050 1132 1084 Pontifici

258 1098 387 1135 rebellis
398 1123 408 1139 ,
435 1099 469 1132 ὅ(
481 1100 807 1144 Constantinopolim
831 1101 871 1136 ad
886 1099 1043 1143 Ph0tium
1055 1112 1131 1135 cum

258 1147 451 1191 quibusdam
462 1150 535 1184 aliis
546 1151 702 1196 fugitivus
715 1152 870 1195 Apossata
881 1174 891 1190 ,
918 1163 1000 1195 quos
1013 1151 1066 1185 stbi
1082 1162 1132 1186 ca-

255 1198 424 1242 stigandos
437 1201 556 1235 remitti
569 1202 656 1244 supra
669 1201 686 1235 a
703 1202 818 1236 Basilio
830 1202 982 1246 Augusto
994 1201 1131 1245 postula-

257 1248 305 1282 vit
327 1248 484 1284 Pontifex
507 1249 674 1285 Adrianus
698 1250 855 1287 secundus
875 1276 883 1284 .
920 1252 974 1286 Ad
996 1251 1130 1285 Petrum

252 1297 352 1336 istum
363 1299 449 1334 dixit
463 1300 620 1335 Patricius
631 1300 797 1338 Bahanes:
824 1306 893 1336 Haec
907 1302 993 1347 jubet
1006 1300 1129 1345 sanlius

253 1351 421 1391 Imperator
432 1351 523 1392 noster
533 1377 542 1393 ‚
569 1353 602 1385 o·
625 1361 689 1386 tota
695 1352 804 1396 sanila
815 1356 836 1386 5
835 1353 942 1395 qnodus
953 1357 1130 1396 interrogari

251 1406 283 1432 te
292 1422 303 1438 ‚
328 1403 409 1444 ‚Quis
418 1413 450 1435 es
460 1427 471 1442 ‚
498 1403 532 1435 &
542 1404 622 1444 unde
632 1409 719 1436 venis
733 1428 743 1443 ,
756 1405 790 1436 ὠ·
801 1405 877 1445 quid
885 1403 958 1436 dicis
972 1426 983 1442 ,
1004 1405 1038 1436 (a
1050 1404 1131 1445 quod

250 1448 290 1487 est
310 1459 379 1492 opus
404 1461 485 1484 tuum
509 1454 590 1493 quod
599 1453 700 1494 egisti?
725 1457 870 1485 Inventus
893 1463 925 1485 es
948 1458 979 1483 in
992 1453 1128 1498 concilio,

250 1501 331 1539 quod
332 1501 407 1540 fecit
419 1500 542 1532 Photius
561 1509 663 1532 contra
687 1503 886 1540 Beatzffimum
899 1502 1017 1542 Papam
1040 1505 1128 1533 Nico-

249 1548 331 1581 laum
343 1574 352 1589 ,
381 1560 435 1583 aut
447 1549 548 1588 dedisti
561 1550 691 1583 libellum
700 1560 802 1583 contra
821 1563 885 1583 eum
899 1551 916 1581 ,ἕ
940 1550 1126 1593 Respondit

250 1599 328 1630 vero
341 1598 522 1632 monachus
534 1613 541 1631 ;
568 1604 674 1641 Neque
679 1599 815 1642 praesens
828 1601 888 1632 illic
898 1604 1039 1631 inventus
1047 1598 1126 1641 sum,

248 1657 345 1689 neque
366 1647 444 1680 banc
465 1647 704 1691 conscriptionem
724 1645 795 1682 novi
813 1673 818 1680 .
845 1652 966 1682 Etenim
989 1651 1129 1691 nunquid

247 1706 298 1739 ego
310 1695 386 1738 solus
399 1696 468 1740 sum
480 1701 587 1733 Petrus
597 1707 630 1732 in
643 1699 718 1733 hanc
739 1699 840 1732 urbem
863 1702 882 1732 ἃ
894 1701 987 1732 Roma
1005 1697 1126 1741 adflen-

246 1747 350 1781 dens?
377 1750 435 1781 Alii
446 1750 524 1782 dena
535 1751 629 1783 millia
641 1749 853 1793 adscenderunt
876 1753 961 1782 Petri
973 1771 980 1781 ι
1008 1750 1125 1789 Verum·

247 1803 350 1830 tamen
370 1798 487 1842 legatur
506 1799 554 1840 iste
575 1800 689 1833 libellus
711 1812 813 1840 meus,
841 1811 926 1842 quem
946 1798 1067 1839 defero,
1092 1800 1126 1831 (9⁰

248 1844 296 1878 bic
307 1847 581 1890 manifestafaciet,
606 1862 673 1892 quae
693 1862 759 1884 mea
762 1849 853 1895 sunt.
880 1847 1027 1882 Libellus
1046 1859 1124 1880 con-

245 1895 373 1930 tinebat
388 1895 474 1935 tria.
503 1899 618 1932 Primo
640 1900 871 1942 protestabatur
890 1897 955 1932 sese
977 1896 1017 1930 ab
1028 1898 1120 1930 omni

243 1943 443 1990 imaginariae
456 1947 583 1989 Synodi
607 1950 839 1991 cooperatione
863 1948 897 1981 δε
922 1946 1120 1981 conscientia

240 1994 436 2029 innoxium.
466 1995 615 2029 Secundo
639 1995 778 2036 habebat
798 1996 863 2031 haec
887 1995 1000 2030 verba:
1028 2001 1123 2038 Impe-

239 2043 370 2082 rialibus
393 2044 547 2076 auditibus
571 2045 725 2083 moltstmm
745 2058 802 2078 non
824 2048 930 2079 intuli.
958 2047 1037 2078 Hoc
1056 2047 1098 2078 est
1113 2068 1122 2083 ,

240 2094 327 2136 apud
350 2093 550 2133 Michvtelem
575 2095 763 2138 Augustum
789 2107 857 2128 non
881 2095 1028 2129 accusavi
1045 2096 1121 2128 San-

241 2144 331 2177 &um
353 2143 552 2178 Pontificem
566 2145 767 2184 Nicolaum,
794 2156 855 2179 nec
877 2146 910 2177 in
935 2145 1038 2188 ipsum
1065 2157 1118 2187 po-

239 2194 436 2227 ssulavifieri
455 2193 645 2236 Synodum:
673 2195 837 2230 Consueta
860 2196 949 2228 enim
976 2196 1118 2238 nequitia

233 2244 287 2276 cufi
314 2242 453 2278 Photius
478 2244 672 2279 &Michael
695 2245 867 2290 Augustus
884 2245 987 2279 videri
1009 2245 1117 2278 nolue-

241 2303 317 2326 runt
330 2296 383 2328 sua
396 2296 530 2338 sponte,
559 2295 612 2329 sed
624 2295 665 2329 ad
682 2296 905 2329 accusantium
923 2305 1030 2338 preces
1041 2296 1118 2329 ima·

239 2345 399 2386 ginariam
410 2345 579 2387 Synodum
593 2346 627 2378 in
639 2346 801 2389 optimum
820 2345 1017 2383 Pontificem
1040 2357 1116 2379 con·

238 2393 398 2428 cinnaffe.
425 2393 517 2428 Hinc
543 2396 681 2429 &fictos
692 2395 984 2439 Synodipetitores
1005 2395 1114 2429 subor-

238 2453 378 2482 narunt.
407 2445 450 2481 Et
471 2444 535 2478 huc
555 2446 654 2479 etiam
667 2446 837 2489 respiciunt
863 2445 954 2479 verba
982 2445 1113 2479 Patricii

239 2492 383 2527 Bahanis
403 2507 414 2526 :
442 2499 500 2527 Aut
528 2507 585 2528 non
609 2496 716 2536 dedisti
744 2495 875 2529 libellum
899 2505 998 2528 contra
1024 2497 1112 2528 eum?

236 2541 356 2576 Tertio
377 2544 504 2587 petebat
525 2545 685 2588 apostafiae
710 2547 743 2580 ὃ(
770 2545 909 2581 aliorum
937 2545 1111 2581 criminum

237 2593 389 2634 veniam,
416 2595 654 2639 gratiosamque
681 2595 741 2629 &a
759 2595 864 2639 poenis
875 2596 1056 2629 immunem
1077 2596 1112 2628 li-

232 2644 376 2678 centiam
398 2645 437 2677 ad
460 2645 641 2679 sanstorum
664 2644 902 2688 Apostolorum
927 2646 1043 2679 limina
1068 2656 1113 2679 re-

231 2694 381 2726 meandi.
408 2694 557 2729 Libellus
577 2696 714 2738 Synodo
746 2695 888 2739 placuit,
914 2695 1024 2738 estque
1045 2706 1111 2728 mo·

231 2742 354 2779 nachus
365 2743 383 2775 a
396 2745 542 2781 criminis
554 2746 733 2788 suspicione
745 2745 914 2779 absolutus
926 2769 934 2777 .

282 2793 363 2827 Haec
375 2794 442 2836 ejus
457 2794 573 2836 verba,
600 2797 657 2828 Alii
685 2797 763 2829 dena
789 2796 884 2828 millia
910 2798 997 2829 Petri
1017 2799 1110 2829 Roma

230 2839 443 2883 adscenderunt
465 2868 475 2883 ,
502 2847 639 2888 exponit
666 2845 699 2878 in
727 2843 860 2880 historia
888 2846 1107 2880 Ecclefiastica

231 2891 393 2925 Eusebius
406 2893 583 2937 Episcopus
603 2896 825 2929 Caesareensis:
854 2899 938 2929 Petri
963 2897 996 2929 &
1019 2898 1108 2933 Pauli

231 2947 352 2974 nomina
358 2941 489 2983 fidelium
500 2944 582 2980 liberi
593 2945 691 2978 crebro
701 2945 812 2987 ferunt
826 2969 833 2978 .
860 2946 929 2994 Q
943 2956 1014 2979 mos
1036 2958 1108 2989 prae÷

230 2992 339 3024 sertim
361 2992 466 3036 viguit
488 2993 522 3027 in
536 2994 675 3032 Ecclesia
687 2996 856 3030 Romana.
884 2997 989 3029 Addit
1011 2997 1108 3030 Euse-

231 3041 412 3075 biusetiam
426 3041 533 3076 saneti
546 3044 680 3085 Joannis
693 3045 847 3089 Apostoli
870 3056 991 3079 nomen
1015 3047 1106 3080 fuisse

230 3091 382 3125 fidelibus
402 3091 703 3134 frequentissimum.
734 3096 868 3132 Etenim
892 3096 925 3129 in
939 3097 1103 3139 Baptismo

229 3141 402 3184 profanum
413 3152 533 3176 nornen
547 3142 581 3175 in
594 3145 735 3179 sanctum
761 3155 884 3179 mutare
905 3145 951 3179 est
964 3146 1106 3180 vetustis-

229 3192 304 3226 s1ma
317 3191 528 3225 Ecclefiarum
540 3193 717 3236 disciplina.
744 3196 828 3229 Rem
841 3196 999 3240 insignem
1012 3197 1105 3230 refert

228 3241 264 3274 in
279 3240 436 3286 Sigeberti
448 3241 691 3277 Gemblacenfis
703 3244 927 3288 supplemento
942 3244 1105 3280 Robertus

230 3291 343 3325 Abbas
356 3293 539 3326 Montensis
552 3306 562 3325 .·
588 3296 726 3326 Henricus
744 3295 932 3334 Rexjunior,
962 3295 1100 3329 Henrici

228 3341 358 3374 secundi
374 3340 560 3386 Anglorum
572 3342 674 3386 Regis
687 3344 771 3378 filius
783 3367 793 3383 ,
819 3344 863 3376 ad
873 3343 1011 3377 Domini
1036 3349 1102 3378 Na-

231 3390 320 3422 talem
325 3390 393 3430 fuit
404 3397 436 3424 in
450 3394 511 3427 But
518 3394 611 3438 prope
624 3395 734 3435 Bajoc.
763 3397 808 3427 Et
816 3399 885 3436 quia
895 3402 963 3427 tunc
971 3395 1102 3435 primum

230 3438 347 3473 tenebat
359 3447 469 3475 curiam
493 3447 526 3476 in
538 3446 762 3485 Nortmannia‚
794 3445 888 3478 volun
907 3453 941 3477 ut
952 3446 1102 3488 magnifice

1185 615 1188 624 l

1185 632 1189 669 l

1201 612 1338 641 camera,
1363 607 1414 642 qui
1432 613 1488 634 non
1502 597 1657 636 vocaretur
1667 605 1873 640 VVilbelmus.
1901 611 1946 642 Et
1973 613 2073 652 ejecistis

1201 651 1269 683 aliis
1280 652 1317 683 de
1327 662 1442 684 camera
1454 676 1464 692 ‚
1491 652 1694 696 remanserunt
1702 666 1820 693 eentum
1844 659 1878 691 (π
1889 661 1986 693 decem
1998 664 2074 696 melt-

1200 709 1266 741 tes,
1292 698 1355 734 hoc
1377 702 1419 734 est
1437 726 1447 741 ,
1476 702 1601 737 nobiles
1628 705 1754 748 equites
1766 730 1774 742 ,
1802 715 1853 749 qu}
1872 720 1970 742 omnes
1988 723 2072 746 vaea-

1200 750 1308 783 bantur
1321 750 1509 785 VVilhelmus
1521 777 1532 792 ‚
1555 751 1687 796 exceptis
1693 756 1832 796 plurimis
1853 760 1920 791 aliis
1942 761 2073 803 eiusdem

1199 806 1323 833 nominis
1336 826 1345 841 ‚
1358 807 1409 843 qui
1419 804 1602 842 comederunt
1617 810 1649 836 tn
1659 806 1728 838 aula
1738 817 1802 839 cum
1812 810 1904 850 Rege.
1933 810 2073 847 Guiliel-

1199 861 1288 883 mum
1318 847 1427 894 Regni
1456 854 1703 895 conquestorem
1739 857 1866 899 placare
1893 860 2071 904 satagentes

1197 898 1315 933 subacti
1331 900 1433 945 Angli
1446 903 1685 946 adsumpserant
1696 907 1808 949 paffim
1823 908 1890 951 ejus
1902 921 2043 944 nomen.

1246 949 1353 983 Etiam
1368 952 1499 993 quidam
1512 954 1646 988 Basilius
1667 953 1919 1000 Tripolitanus‚
1946 961 1980 994 ὃς
2002 962 2072 1005 qui-

1196 998 1269 1033 dam
1283 1000 1443 1034 Leontius
1456 1013 1614 1038 mercator
1630 1006 1873 1047 Alexandrinus
1898 1020 2013 1044 venere
2034 1012 2070 1045 in

1196 1049 1409 1092 suspicionem
1437 1050 1501 1085 fini
1529 1051 1755 1088 patriarchalis
1781 1057 1966 1092 Vicariatus
1991 1073 1999 1092 ε
2026 1060 2071 1095 Et

1195 1102 1283 1134 austa
1294 1101 1338 1134 est
1352 1101 1491 1143 suspicio
1500 1113 1516 1139 ,·
1535 1102 1624 1144 quod
1637 1102 1686 1136 illi
1699 1104 1893 1148 figmentum
1908 1108 1992 1142 istud
2003 1110 2072 1143 nol·

1193 1149 1261 1184 lent
1272 1150 1376 1194 palam
1389 1150 1678 1188 anathematizare.
1708 1154 1802 1189 Hinc
1812 1156 1853 1189 ad
1868 1157 1953 1200 ipsos
1974 1159 2071 1194 Sena-

1194 1211 1266 1242 tus.-
1294 1203 1444 1246 Quoniam
1455 1213 1512 1234 non
1525 1203 1619 1243 (vultir
1642 1203 1898 1240 anathematizare
1909 1231 1920 1247 ‚
1945 1216 2070 1251 apparet

1192 1255 1262 1292 quia
1272 1257 1491 1294 comparticipes
1501 1255 1568 1297 ejus*
1585 1253 1651 1295 estis
1666 1278 1676 1294 ,
1702 1265 1736 1289 ut
1763 1266 1818 1289 aut
1836 1256 2070 1294 anathematize-

1192 1307 1265 1335 mini
1292 1303 1326 1335 δ’
1347 1302 1403 1344 ipfi
1424 1300 1441 1343 ,’
1458 1299 1515 1336 aut
1539 1306 1708 1343 tradamini
1726 1306 1853 1349 legibus.
1884 1308 1928 1341 Et
1950 1308 2069 1355 Legati

1192 1352 1337 1386 Romani
1350 1365 1357 1384 z
1385 1355 1537 1396 ,Quoniam
1549 1353 1607 1388 'non
1616 1361 1776 1400 patiuntur
1787 1357 2049 1395 anathematizare
2057 1384 2069 1401 ,

1189 1401 1322 1443 quifecit
1333 1404 1444 1435 malum
1456 1403 1506 1436 boc
1516 1427 1527 1442 ,
1555 1404 1690 1439 Photium
1699 1430 1708 1446 ‚
1734 1408 1899 1440 tradantur
1910 1408 1994 1442 nobis
2005 1433 2016 1449 ,
2035 1411 2070 1443 ὁ·

1190 1450 1368 1493 descendant
1390 1451 1534 1494 nobiseum
1558 1458 1701 1487 Romam.
1731 1454 1824 1489 HInc
1846 1456 1945 1490 ambo
1967 1458 2070 1498 territi

1191 1510 1268 1534 mox
1282 1501 1411 1534 dixere:
1440 1501 1607 1535 Anatbema
1619 1510 1646 1536 el
1660 1529 1669 1542 ,
1695 1510 1746 1546 qui
1761 1506 1844 1538 dedit
1855 1505 1985 1540 libellum
2006 1519 2070 1541 con-

1189 1558 1238 1586 tra
1250 1552 1368 1591 Papam
1378 1552 1555 1583 Nicolaum.
1583 1552 1747 1587 Libellum
1763 1555 1890 1596 Synodi
1912 1557 2071 1602 imagina-

1189 1599 1242 1632 riae
1254 1599 1441 1642 petitorem.
1471 1600 1601 1634 Exinde
1614 1602 1730 1646 Legati
1746 1603 1891 1638 Romani
1915 1617 2069 1650 rogavere

1190 1649 1399 1692 Principem,
1425 1661 1461 1683 ut
1486 1650 1644 1694 legeretur
1667 1652 1788 1687 Canon
1812 1654 1918 1689 Sancti
1928 1656 2068 1695 Martini

1190 1698 1382 1740 pontificis,
1409 1699 1568 1734 damnans
1579 1703 1727 1743 quemvis
1759 1703 1868 1738 fistum
1895 1705 1929 1739 ἀ
1956 1707 2068 1747 scoeni·

1187 1750 1465 1784 cumVicarium.
1494 1750 1569 1784 Fuit
1580 1751 1680 1789 letius
1704 1753 1945 1787 &innovatus.

1237 1799 1317 1831 Hoc
1330 1801 1411 1831 item
1423 1800 1501 1831 loco
1512 1805 1687 1842 interrogati
1693 1799 1766 1842 fiant
1775 1804 1970 1842 Metropolitae
1982 1828 1992 1844 ,
2018 1811 2070 1848 qui

1183 1844 1342 1888 suhftripti
1368 1855 1455 1879 erant
1478 1852 1510 1878 in
1537 1849 1734 1892 imaginariae
1760 1852 1886 1893 Synodi
1910 1853 2006 1893 libro,
2034 1857 2071 1894 de

1182 1902 1314 1936 propriis
1323 1895 1586 1937 subscriptionibus
1598 1922 1608 1936 ,
1619 1911 1686 1940 quae
1700 1896 1788 1934 erant
1797 1907 1830 1934 in
1839 1902 1912 1934 libro
1925 1927 1936 1942 ,
1963 1904 2068 1944 vestra

1180 1942 1255 1987 sunt
1265 1943 1575 1987 baesubfiriptiones?
1602 1951 1647 1979 Et
1673 1950 1817 1983 dixerunt
1844 1964 1963 1985 omnes:
1993 1955 2068 1987 AB-‚

1187 1994 1262 2034 SIT
1274 2019 1281 2025 .
1310 1995 1459 2038 Excepto
1470 2004 1580 2028 tamen
1596 1995 1779 2033 Theodoro
1800 1999 2067 2043 stauropolitano

1188 2046 1351 2091 Episcopo
1379 2070 1389 2085 ,
1424 2045 1527 2078 Cariae
1553 2045 1771 2090 Metropolita
1799 2074 1807 2081 .
1848 2050 2067 2095 Subscripsisse

1185 2095 1247 2129 fuit
1274 2096 1442 2129 convietus
1469 2105 1525 2135 aut
1552 2095 1712 2135 confessus
1739 2110 1746 2130 :
1774 2098 1869 2137 Hinc
1895 2102 1935 2135 ad
1963 2102 2065 2144 laicos

1184 2146 1322 2189 abjectus
1334 2145 1472 2188 Synodo
1484 2146 1634 2189 deinceps
1655 2158 1723 2181 non
1747 2148 1895 2184 intersuit
1907 2174 1914 2182 .
1945 2150 2065 2187 Hono-

1185 2197 1225 2230 ris
1238 2197 1333 2230 causa
1352 2193 1418 2229 haec
1430 2195 1584 2229 subticuit
1612 2196 1819 2239 synodalium
1836 2199 1991 2234 Actorum
2005 2203 2064 2237 Di-

1181 2245 1312 2290 gestor:
1339 2245 1440 2291 Qod
1467 2246 1514 2278 vir
1539 2256 1736 2290 magnorum
1764 2249 1956 2285 meritorum
1984 2253 2062 2287 esset

1184 2295 1407 2336 Theodorus,
1433 2296 1523 2336 quod
1538 2296 1644 2340 Regia
1666 2299 1697 2330 vi
1710 2299 1898 2341 compulsus
1909 2301 2062 2345 deliquia

1182 2348 1245 2386 set,
1273 2347 1307 2380 &
1332 2345 1421 2394 quod
1447 2356 1523 2379 cum
1551 2346 1668 2381 Basilio
1695 2346 1846 2392 Augusto
1873 2349 2061 2392 Patriarcha

1179 2396 1326 2440 ignatius
1340 2396 1526 2442 disponeret
1548 2395 1699 2435 Adriano
1719 2397 1876 2433 Pontifici
1904 2412 1962 2444 pro
1989 2402 2060 2445 ipso

1180 2446 1373 2489 supplicare.

1228 2495 1358 2534 Exinde
1370 2494 1572 2533 introdustus
1590 2498 1633 2532 est
1645 2496 1847 2533 Theodorus
1862 2499 2034 2535 Critbinus
2045 2527 2056 2543 ,

1176 2544 1398 2580 Iconoclastiae
1410 2547 1443 2579 in
1458 2546 1564 2591 Regia
1577 2547 1708 2583 civitate
1719 2549 1923 2584 resuscitator
1942 2551 1977 2584 <Sc
1989 2552 2056 2584 Do-

1176 2598 1264 2637 stor,
1291 2596 1347 2640 qui
1359 2596 1399 2629 ab
1414 2596 1617 2640 Apostolicis
1638 2599 1672 2633 ὅ(
1683 2598 1909 2633 Orientalibus
1921 2600 2054 2643 Legatis

1175 2646 1213 2680 ad
1226 2646 1474 2689 resipiscendum
1495 2646 1577 2680 serio
1590 2648 1695 2681 suasus
1712 2648 1890 2691 persuaderi
1917 2660 1983 2682 non
1998 2661 2054 2692 po-

1174 2697 1258 2736 tuit,
1285 2697 1338 2730 sed
1359 2707 1420 2730 nec
1436 2696 1569 2730 verbum
1593 2698 1700 2731 voluit
1722 2698 1930 2742 respondere.
1960 2698 2053 2734 Hinc

1173 2747 1202 2780 ei
1224 2745 1383 2780 Patricius
1405 2746 1556 2782 Bahanes
1576 2747 1667 2781 dedit
1679 2747 1839 2790 Principis
1861 2748 1969 2791 effigie
1982 2750 2052 2783 insi-

1172 2796 1302 2840 gnitum
1317 2796 1474 2830 numisma
1489 2821 1499 2837 ,
1524 2797 1558 2829 ὃ(
1569 2797 1676 2830 dixit:
1703 2800 1868 2838 Imperator
1881 2797 1971 2837 noster
1979 2797 2053 2842 san.

1172 2848 1235 2880 c‘lus
1246 2848 1370 2880 mandat
1381 2847 1422 2879 ad
1431 2856 1459 2880 te
1470 2858 1588 2884 monens
1599 2871 1611 2887 ‚
1635 2844 1762 2889 Suscipis
1792 2846 1937 2890 numisma
1946 2847 2051 2882 chara-

1173 2897 1259 2930 c‘leris
1282 2899 1360 2931 mel?
1387 2898 1431 2930 Et
1453 2895 1651 2930 Theodorus
1672 2911 1682 2930 .·
1709 2898 1853 2940 Indignus
1874 2896 1942 2941 sum
1957 2922 1967 2938 ,
1988 2898 2047 2941 fied

1168 2945 1292 2990 sus‘cipio
1302 2948 1378 2980 illud
1390 2946 1482 2990 super
1495 2948 1591 2980 millia
1601 2952 1666 2980 auri
1685 2942 1846 2991 &argenti
1864 2973 1870 2980 .
1896 2947 2044 2986 Perrexit

1171 2996 1338 3031 Bahanes:
1365 3001 1525 3039 Imperator
1537 2997 1627 3037 noster
1640 2995 1765 3039 sandius
1785 2999 1948 3031 admonens
1972 3000 2046 3037 dicit

1169 3048 1211 3079 ad
1234 3057 1263 3080 te
1287 3071 1297 3087 ,
1327 3051 1459 3079 Honoras
1486 3045 1635 3090 numisma
1659 3052 1843 3081 exarationis.
1868 3059 1939 3081 meae
1959 3050 1972 3082 ?
1998 3049 2042 3083 Et

1169 3096 1391 3131 Theodorus.-
1417 3097 1578 3129 secundum
1600 3098 1679 3139 quod
1699 3106 1810 3139 oportet
1830 3097 1966 3132 honorari
1992 3109 2045 3131 nu-

1170 3145 1274 3188 misma
1286 3150 1412 3190 Regium
1425 3170 1436 3186 ,
1446 3145 1548 3179 honoro
1562 3171 1568 3178 .
1597 3147 1739 3181 Rursum
1754 3145 1919 3182 Bahanes:
1937 3152 1971 3193 J
1973 3148 2040 3182 ubet

1169 3201 1352 3238 Imperator,
1374 3195 1534 3231 Inhonoras
1555 3197 1631 3233 illud
1647 3198 1659 3231 ?
1686 3198 1729 3232 Et
1755 3197 1973 3235 Theodorus:
2002 3201 2041 3230 Ut

1167 3248 1265 3288 quid?
1292 3250 1363 3278 Non
1374 3244 1512 3282 inhonoro
1520 3248 1598 3280 illud
1607 3272 1614 3279 .
1641 3247 1734 3282 Hinc
1747 3247 1895 3287 Bahanes
1905 3247 2039 3283 conclu-

1167 3295 1225 3328 fit:
1247 3296 1347 3340 Jubet
1367 3299 1531 3338 Imperator
1547 3296 1637 3337 noster
1650 3296 1774 3341 sanstus
1785 3299 1880 3334 dicere
1902 3297 1979 3334 tibi,
2006 3297 2039 3331 st

1167 3350 1324 3389 imaginem
1334 3356 1429 3379 meam
1442 3370 1452 3386 ‚
1479 3349 1514 3379 id
1522 3346 1578 3387 est,
1609 3349 1742 3384 mortalis
1754 3351 1846 3392 Regi:
1857 3356 1913 3378 non
1934 3348 1983 3378 vis
1993 3349 2039 3378 in·

1169 3394 1328 3434 honorare,
1353 3393 1408 3437 sed
1427 3395 1632 3430 honorabiliter
1648 3395 1793 3440 sust-epistt
1808 3398 1925 3427 timanu
1947 3405 2038 3435 mea,

1165 3447 1304 3487 quomodo
1317 3449 1373 3480 Dei
1396 3446 1515 3480 virilem
1536 3452 1695 3491 imaginem
1716 3448 1835 3478 Domini
1854 3442 1954 3533 2ther
1956 3446 1989 3487 J
1989 3442 2038 3490 ‘su

1903 3498 1931 3526 ri
1955 3498 1966 3524 i
1976 3517 1989 3539 ‚
