2340 3762
357 165 470 218 420.

287 247 440 282 Eremitae
449 245 490 280 ab
502 242 723 281 Anachoretis
735 244 891 279 differunt
901 264 909 272 .
1073 239 1128 286 96.
1145 250 1172 275 1.

287 297 509 342 Evangelicus
520 295 635 336 Codex
645 294 812 329 Christum
826 291 1031 333 re'praesentat
1044 315 1051 322 .
1062 288 1173 338 3182.
1193 255 1199 328 l

288 347 496 386 Eucharistia
504 345 648 388 >antiquis
657 342 738 374 dieta
752 340 950 382 sanfflffiatio
962 367 969 374 .
1050 351 1127 389 313.
1140 347 1174 379 3..

286 396 489 437 Eucharistia
500 392 784 429 communicaturo
798 390 881 425 olim
893 391 929 431 in
945 401 1062 426 manus
1077 391 1153 425 data
1163 415 1170 422 .

344 451 417 494 165.
433 456 461 481 1.
482 443 589 476 Aliter
609 441 706 480 viris,
731 442 824 475 aliter
862 441 1000 483 faeminis
1015 467 1022 475 .
1050 440 1128 478 166.
1145 451 1174 477 1-

285 493 490 536 Euclaaristia
509 491 612 534 etiarn
637 502 690 534 per
707 488 951 535 Acolythosad
960 491 1110 529 absentes
1122 491 1177 525 de-

296 562 301 576 -.
336 546 400 580 lata
419 568 428 576 .
458 552 535 590 113.
563 552 591 577 1.
626 541 705 585 Ejus
725 552 835 576 tamen
861 541 1104 586 administratio
1128 540 1174 576 est

287 623 305 627 a.
337 604 435 639 penes
445 591 654 627 Sacerdotem
665 603 703 626 ac
719 592 914 628 Diaconum
926 618 937 635 ,
963 603 1035 636 rum
1048 592 1107 627 sub
1118 603 1174 635 pa-

336 644 387 677 nis
400 667 411 683 ,
437 651 508 683 tum
522 642 581 676 sub
595 642 666 682 vini
679 642 784 686 specie
794 667 803 685 ,-
1005 652 1080 691 113.
1100 653 1128 682 1.
1142 653 1172 677 2.

287 692 491 734 Eucharistia
504 693 642 728 mortuis
654 692 823 737 quondam
835 693 912 731 data
925 718 936 734 ,
959 695 1043 728 cur?
1072 703 1113 739 15
1122 703 1171 728 1-1·

341 743 445 791 Qiod
454 742 472 777 a
484 742 648 781 Conciliis
658 741 852 790 prohibetur
863 768 875 785 ,
901 755 958 778 cur
972 745 985 778 ἓ
1093 741 1177 776 ibid.

286 793 492 834 Eucharistia
503 793 587 834 olim
598 804 668 836 non
681 794 740 828 nili
750 794 769 829 a
779 793 897 838 jejunis
907 797 920 834 (
932 806 1001 829 uno
1011 793 1067 832 die
1080 803 1174 827 exce-

336 846 418 888 pto)
430 843 611 887 sumebatur
622 868 630 884 .
645 859 647 862 ·
1027 841 1081 891 81.
1099 855 1126 879 1.
1139 851 1171 883 2,

287 892 491 932 Eucharistia
500 894 581 929 telle
592 894 677 939 dista
690 898 801 930 Gratia
816 920 824 928 .
1052 893 1127 930 166-
1143 903 1171 928 1·

286 943 525 984 Eucharistiam
537 944 558 989 ᾗ
570 956 639 981 non
658 944 770 990 jejuno
792 945 899 989 accipi
920 945 1085 979 summum
1107 942 1172 978 fuit

315 1010 318 1013 v
337 995 374 1030 in
399 995 543 1031 Ecclesia
565 996 708 1031 crimen.
736 994 834 1043 824·
860 994 962 1042 Qod
973 1004 1080 1028 tamen
1093 992 1173 1032 duo-

298 1063 301 1066 ·
336 1044 398 1081 bus
411 1047 445 1080 in
457 1046 579 1082 casibus
593 1046 689 1091 plane
702 1047 779 1080 licet
790 1071 798 1079 .
1093 1041 1171 1084 ibid,

285 1094 524 1137 Eucharistiam
534 1097 553 1139 a
565 1096 654 1139 pastu
680 1097 803 1137 sumere
815 1091 1002 1137 nullatenus
1024 1092 1171 1138 praecepti

335 1146 457 1180 Divini
471 1145 517 1178 est
533 1168 545 1184 ,
564 1143 687 1176 'contra
699 1142 943 1176 Tertullianum
953 1168 960 1175 .
1071 1142 1125 1181 81.
1141 1154 1170 1178 2.

288 1193 531 1235 Eucharistiam
554 1191 603 1234 bis
624 1192 743 1227 eodem
766 1192 820 1226 die
830 1193 977 1227 sumendi
995 1194 1077 1228 ritus
1089 1194 1170 1228 olim

334 1243 376 1284 ab
390 1242 558 1288 Episcopis
579 1242 624 1276 est
639 1241 801 1285 sublatus,
827 1253 1037 1288 praeterquam
1061 1245 1096 1287 in
1109 1254 1172 1278 coe-

335 1305 379 1328 na
390 1292 553 1333 Domini.
790 1290 795 1294 ’
829 1295 831 1297 ’
948 1291 954 1297 ”
1091 1291 1171 1328 ibid.

287 1343 527 1385 Eucharistiam
540 1341 689 1378 Christus
701 1344 830 1387 speciali
852 1344 895 1380 de
908 1345 1002 1380 causa
1025 1345 1094 1388 post
1109 1354 1174 1379 coer

335 1405 414 1429 nam
427 1393 549 1429 obtulit
563 1418 570 1426 .
597 1391 652 1431 82.
669 1407 690 1427 1.
719 1394 827 1430 Unica
840 1396 932 1440 panis
954 1396 1075 1439 species
1094 1396 1172 1429 sem-

336 1456 391 1488 per
401 1446 436 1479 in
448 1443 593 1479 Ecclesia
604 1445 668 1479 fuit
681 1445 795 1480 usitata
813 1470 821 1478 .
843 1445 846 1448 ’
1060 1454 1136 1490 105.
1150 1455 1171 1479 2

248 1513 251 1516 ι
288 1493 528 1534 Eucharistiam
541 1494 574 1527 in
587 1495 824 1529 communione
842 1494 1019 1535 domestica
1033 1493 1171 1538 quilibet

337 1543 397 1577 sibi
418 1542 624 1577 ministrabat
638 1555 649 1575 :
674 1544 810 1577 secusin
823 1545 982 1585 Ecclesia.
1043 1544 1127 1591 '113.
1141 1554 1170 1578 1·

285 1592 526 1634 Eucharistiam
536 1591 594 1625 sub
605 1593 766 1635 vesperam
778 1593 815 1635 in
828 1602 923 1626 coena
933 1591 1079 1626 Domini
1089 1591 1172 1626 mul·

336 1655 376 1678 rae
396 1642 480 1679 olim
507 1641 658 1676 Ecclefiae
678 1643 880 1685 sumpserunt
903 1643 938 1685 ὅ(
960 1642 1169 1677 obtulerunt.

338 1691 394 1731 82.
409 1705 439 1738 1.
467 1692 530 1737 Sed
541 1702 656 1735 contra
682 1693 895 1727 traditionem
918 1692 1168 1737 Apostolicam.

336 1744 416 1779 ibid.

287 1792 514 1836 Eucharistica
536 1793 740 1835 consecratio
754 1794 826 1834 lasti
848 1794 979 1828 &melli
1005 1794 1169 1837 perperam

298 1860 303 1866 ¹
338 1844 521 1890 impertita.
1009 1841 1012 1845 ’
1034 1854 1110 1878 112-
1139 1855 1169 1879 2·

286 1895 431 1938 Eusebio
457 1891 645 1934 Caesareenfi
665 1891 684 1927 ὲ
707 1891 781 1933 Vll.
801 1891 940 1940 Synodo
960 1892 1085 1930 dietum
1098 1902 1172 1923 ana-

337 1945 446 1980 thema
458 1967 466 1975 .
1051 1949 1130 1987 243.
1143 1951 1171 1975 2·

288 1992 495 2039 Eutychiani
523 1991 622 2026 etiam
645 1991 712 2025 sine
736 1989 912 2026 Unstione
931 1989 972 2024 ad
993 1989 1170 2025 Ecclesiam

340 2042 466 2080 admiffi
477 2068 485 2083 .
514 2041 607 2083 Diffi
628 2040 807 2076 Manichaei
820 2065 831 2083 ‚
860 2039 1110 2082 Valentiniani,
1137 2041 1170 2075 ὅ(

339 2092 549 2129 Marcionitae
560 2117 570 2133 ,
598 2093 679 2125 cur?
1051 2090 1127 2133 ¹160.
1144 2102 1171 2127 1.

291 2144 498 2188 Eutychiani
511 2141 750 2182 Monothelitis
761 2142 833 2175 sunt
845 2142 953 2177 assensi
966 2167 972 2174 .
1078 2151 1129 2183 12.
1144 2152 1170 2176 1.

290 2193 584 2239 Eutychianismus
595 2192 613 2231 a
624 2190 859 2227 Monothelitis
873 2191 1092 2233 resuscitatus.
1113 2191 1171 2226 Af-

342 2246 489 2280 feruntur
500 2243 641 2277 rationes
652 2268 659 2274 .
1074 2253 1123 2278 12.
1140 2251 1171 2276 2.

292 2296 466 2337 'Evocandi
479 2294 623 2335 Romam
635 2293 818 2338 Episcopos
829 2291 968 2343 potestas
981 2292 1106 2327 Divina
1119 2292 1173 2326 est.

344 2358 367 2383 2
394 2345 423 2382 6.
442 2357 470 2382 1·

294 2357 535 2438 Evogationem
548 2393 738 2432 Romanam
759 2394 962 2439 impediendi
986 2393 1177 2438 potestatem

346 2449 380 2483 in
394 2445 602 2489 Principibus
625 2455 806 2489 numquam
830 2445 979 2479 Romani
999 2443 1179 2482 Pontifices

307 2512 311 2517 ’
347 2503 574 2543 agnoverunt.
602 2493 671 2543 296
694 2507 725 2532 2.
748 2502 826 2542 2'97.
845 2506 873 2531 1.
898 2494 1000 2532 Nulla
1012 2495 1181 2529 consuetu-

346 2548 393 2582 do
407 2546 456 2589 jus
478 2546 622 2584 Romam
643 2543 824 2589 appellandi
844 2544 1052 2579 &evocandi
1077 2542 1179 2591 potest

348 2605 491 2631 evertere
505 2618 512 2625 .
537 2604 661 2640 3974,-
690 2594 860 2639 Ejusmodi
882 2594 1083 2634 consuetudo
1104 2590 1182 2630 reete

351 2646 471 2681 dicitur
482 2644 706 2680 Barbarorum.
736 2643 849 2690 298.1.
865 2645 904 2679 ln
917 2644 1065 2682 Barbaris
1075 2643 1184 2678 extin-

351 2699 424 2737 sta,
450 2696 484 2734 in
507 2691 693 2731 Catholicis
715 2696 852 2728 revixit.
880 2694 959 2729 ibid.
982 2695 1048 2729 His
1072 2704 1181 2728 tamen

317 2763 319 2766 v
353 2745 525 2791 privilegia
547 2743 653 2778 Scotis
679 2755 717 2782 ac
727 2743 976 2789 Belgisindulta
998 2756 1067 2782 non
1079 2743 1180 2777 adver.

353 2799 464 2832 santur
475 2820 482 2827 .
916 2794 996 2832 ibid.
1019 2795 1052 2832 &
1063 2791 1142 2843 298-
1154 2804 1183 2830 2·

307 2845 498 2889 Exarchus,
525 2842 605 2890 quid
617 2844 636 2881 3
1107 2843 1184 2881 ibid.

740 2946 768 2983 F

383 3049 500 3086 Estum
518 3044 768 3086 secundinarum
787 3043 910 3082 Christi
922 3044 1003 3082 τεᾶὲ
1021 3043 1189 3092 proscribi·

405 3109 477 3134 tur.
1066 3108 1084 3134 1
1135 3121 1143 3128 ·
1156 3108 1186 3133 2·

315 3146 371 3184 De
391 3148 472 3182 Fide
497 3147 674 3194 disputatio
698 3159 740 3183 ex
762 3145 948 3194 particulari
973 3106 1190 3182 contentione

326 3208 328 3210 ·
365 3196 527 3231 unitatem
538 3209 605 3234 non
618 3196 768 3234 inducit.
1071 3194 1148 3236 118·
1161 3207 1189 3233 1·

320 3245 361 3278 In
372 3244 450 3289 Fide
460 3246 576 3281 dubius
585 3273 596 3292 ‚
621 3247 667 3282 est
679 3246 845 3284 haereticus
855 3273 863 3281 .
1069 3256 1146 3298 390-
1159 3259 1189 3284 2·

323 3290 572 3330 Fidemecreto
593 3297 627 3329 in
640 3296 867 3343 V11.Synodo
889 3298 1007 3343 Legati
1017 3309 1059 3332 ac
1076 3307 1192 3332 omnes

376 3342 784 3387 Episcopisubscripserunt
797 3373 805 3382 .
834 3347 967 3385 Additae
988 3347 1195 3383 acclamatio-

377 3404 435 3427 nes
458 3391 494 3425 δε
519 3391 776 3428 anathematismi
802 3421 810 3429 .
845 3408 929 3446 244.
951 3409 983 3435 2·
1010 3397 1131 3441 Estque
1155 3396 1196 3434 ab
1222 3434 1225 3436 ,

378 3441 529 3479 Adriano
538 3440 643 3486 primo
651 3442 882 3480 confirmatum
890 3471 899 3476 .
1072 3459 1095 3487 2
1097 3456 1151 3495 50.
1161 3458 1197 3484 .1‚

1295 1993 1412 2031 nodis,
1438 1993 1798 2035 nequitsibiarrogare‚

740 156 921 200 Lunzx
954 155 1195 208 RERUM,
1231 166 1293 195 ετ
1327 151 1694 201 νεκΒοιιυΜζ

1236 239 1334 274 Fidei
1344 239 1497 276 definitio
1507 241 1541 274 in
1556 239 1616 274 V1.
1627 241 1766 285 synodo
1777 245 1936 281 omnibus
1944 252 2116 292 discutien-

1287 290 1328 324 da
1338 292 1552 335 proponitur.
1578 302 1679 345 47²²·
1716 293 1773 328 Ab
1794 295 1951 333 omnibus
1976 308 2119 348 accepta-

1287 350 1319 374 ta
1330 365 1341 380 ,.
1574 355 1576 358 ’
2040 352 2118 388 ibid.

1238 391 1375 433 Filioque
1385 390 1403 425 a
1415 391 1490 426 Vll.
1502 393 1639 435 Synodo
1649 394 1814 436 symbolo
1822 396 1979 435 insertum
1994 425 2001 433 .
2015 412 2119 449 254⁴·

1237 441 1412 482 Formosus
1423 443 1604 486 Episcopus
1618 443 1806 484 Portuensis
1829 447 1863 481 in
1877 449 2036 495 Bulgariae
2045 453 2124 487 Me-

1288 491 1447 535 tropolim
1461 503 1531 526 non
1541 492 1587 526 est
1602 493 1844 539 incardinatus,
1868 501 1949 534 cur?
1993 512 2071 550 333.
2083 515 2116 541 2.

1237 542 1383 581 Franciae
1393 554 1531 588 regnum
1544 554 1581 577 ac
1593 545 1788 580 Occidentis
1798 548 1972 592 imperium
1991 563 2055 593 qua
2067 564 2119 587 oc-

1288 593 1417 678 σειόἱέοηε
1441 594 1483 633 ad
1522 593 1652 637 stirpem
1678 594 1869 637 Carolinam
1901 599 2097 639 devolutum
2108 625 2117 634 .

1290 652 1309 689 3
1360 667 1366 674 -
1382 653 1411 679 1.

1238 692 1357 726 Franci
1377 691 1529 739 &Angli
1553 705 1669 732 contra
1681 696 1944 741 V11.syn0dum
1966 701 2119 738 videntur

1286 743 1483 787 conspirasse
1493 769 1500 777 .
1527 746 1727 782 Francorum
1738 758 1930 793 argumenta
1952 751 1994 786 ab
2004 752 2120 787 Adria-

1263 800 1266 805 '
1288 804 1334 827 no
1353 793 1460 837 primo
1480 795 1650 831 confutata
1664 821 1672 829 .
1699 808 1778 845 253.
1797 809 1827 835 1.
1848 800 2000 836 Francici
2018 802 2116 847 hujus

1287 843 1403 877 erroris
1413 845 1586 882 exordium
1598 858 1637 881 ac
1646 848 1803 885 successus
1812 874 1820 882 .
1847 861 1892 898 25
1897 862 1926 899 3.
1937 862 1971 886 2.
1990 854 2025 887 j&
2031 850 2120 896 seqq.-

1238 893 1356 935 Franci
1376 893 1563 931 Hincmaro
1584 897 1774 943 posteriores
1793 899 1955 936 evocandi
1981 903 2118 948 potessa-

1290 951 1357 977 tem
1364 942 1556 979 Patriarchae
1567 957 1636 981 non
1646 946 1823 982 detrahunt
1834 972 1842 983 .
1942 960 2022 998 297.
2039 962 2067 988 1.
2082 963 2118 988 2.

1239 993 1439 1036 Francorum
1466 993 1621 1028 nonnulli
1649 994 1806 1038 Episcopi
1831 995 1981 1031 adversus
2007 1000 2119 1046 imagi-

1289 1054 1370 1080 num
1390 1043 1519 1077 cultum
1539 1040 1735 1078 hallucinati
1756 1070 1764 1078 .
1791 1044 2016 1091 Qamobrern
2039 1049 2116 1083 V11.

1288 1095 1311 1129 S
1315 1092 1447 1137 ynodus
1457 1093 1492 1127 in
1506 1093 1647 1127 Ecclesia
1663 1093 1827 1129 Vaticana
1838 1098 1856 1129 a
1867 1095 1982 1132 Leone
1993 1098 2054 1134 lv.
2065 1099 2122 1134 de·

1289 1143 1494 1190 pleb-2572·
1507 1144 1657 1179 Errorem
1671 1142 1710 1177 ad
1723 1145 1875 1190 reliquias
1884 1147 2117 1184 traduxerunt.

1288 1193 1421 1227 Malum
1441 1193 1554 1228 hocin
1566 1193 1719 1238 Belgium
1737 1195 1862 1240 serpsit.
1892 1197 1987 1233 Hinc
1997 1198 2119 1235 Mona·

1288 1242 1345 1278 chi
1358 1241 1546 1278 Gandenses
1558 1245 1717 1287 martyrio
1727 1246 1833 1281 affieeti
1844 1270 1852 1279 .
1880 1246 1957 1282 ibid.
1981 1247 2054 1284 Nec
2072 1252 2120 1285 so·

1290 1294 1356 1329 lam
1377 1294 1452 1327 faffi
1475 1293 1708 1337 quaestionem,
1734 1294 1788 1329 sed
1808 1297 1959 1340 &ipsum
1980 1299 2057 1334 fidei
2067 1299 2121 1334 de-

1289 1353 1415 1379 cretum
1443 1344 1620 1382 arietarunt
1640 1369 1648 1384 ,.
1676 1344 1755 1380 ibid.
1781 1346 1928 1385 Fuerunt
1952 1348 2120 1394 imperiti,

1287 1394 1454 1438 inquieti,
1478 1394 1628 1439 superbi.
1707 1400 1709 1402 '
1979 1390 2061 1446 258.
2086 1412 2121 1439 2·

1239 1445 1267 1478 S.
1281 1446 1469 1479 Franciscus
1480 1445 1594 1480 omnia
1603 1446 1740 1482 Ordinis
1750 1447 1797 1482 sui
1810 1449 2003 1485 monasteria
2014 1450 2044 1484 S.
2057 1450 2121 1485 Ec-

1293 1495 1391 1528 clesiae
1402 1494 1563 1528 Romana:
1573 1495 1680 1528 voluit
1691 1497 1755 1530 effe
1763 1497 1911 1532 alodium
1927 1522 1935 1530 .
1968 1513 1973 1521 Δ
1991 1507 2070 1546 ²90·
2084 1511 2120 1537 2-

1237 1544 1538 1585 Francofordiensis
1564 1543 1724 1586 Synodus
1738 1545 1888 1580 adversus
1910 1548 2054 1583 Felicem
2081 1550 2118 1583 δε

1289 1592 1492 1635 Elipandum
1506 1592 1808 1628 Nestorianismum
1818 1595 2006 1630 suscitantes
2018 1596 2123 1640 postu·

1290 1643 1375 1676 lata:
1403 1652 1474 1686 quae
1485 1641 1629 1686 graviter
1649 1642 1757 1687 lapsa.
1784 1654 1862 1693 254.
1873 1655 1904 1681 2.
1931 1644 2124 1686 Adrianum

1289 1692 1477 1734 asententia
1486 1702 1556 1727 non
1567 1692 1718 1734 deflexit„
1983 1705 2062 1748 255.
2087 1707 2123 1740 2.

1634 1817 1638 1820 -
1667 1795 1703 1830 G

1338 1893 1492 1930 Allicana
1502 1894 1647 1932 Ecclesia
1659 1897 1846 1932 facultatem
1856 1895 2060 1941 disceptandi
2077 1895 2123 1935 de

1361 1945 1557 1990 recipiendis
1575 1957 1632 1979 aut
1643 1947 1825 1987 rejiciendis
1841 1944 2049 1994 generalibus
2060 1947 2121 1993 Sy-

1896 2004 1917 2009 ·“
2002 1994 2034 2030 8.
2047 2007 2077 2031 1.
2088 2008 2121 2036 2.

1243 2042 1415 2079 Gallicana
1429 2040 1569 2077 Ecclesia
1590 2041 1661 2082 post
1682 2039 1909 2077 Hincmarum.
1926 2004 2063 2078 ᾶξέῐαίς
2083 2055 2123 2078 ac

1254 2106 1258 2110 -
1293 2090 1457 2129 mandatis
1472 2090 1635 2128 Rornanae
1649 2089 1800 2129 Ecclesiae
1818 2091 1883 2129 fuit
1904 2089 2125 2130 obedientissi-

1292 2153 1344 2176 ma
1355 2165 1363 2175 .
1997 2142 2044 2179 26
2087 2142 2120 2179 '2-

1243 2193 1424 2232 Gallicanae
1443 2192 1478 2228 ὃ(
1491 2192 1650 2227 Romanae
1669 2191 1816 2228 Ecclefiae
1835 2190 1949 2229 eadem
1969 2153 2122 2238 est‘··12'ga-

1293 2243 1360 2278 tio..
2001 2254 2022 2283 2
2050 2241 2123 2283 8.·2.

1244 2291 1410 2338 Georgius
1429 2291 1818 2340 Constantinopolitanus
1838 2255 2063 2330 Monothenia
2086 2295 2123 2328 in

1265 2362 1267 2364 -
1293 2342 1355 2379 VI.
1369 2342 1510 2388 synodo
1527 2341 1567 2375 ad
1579 2343 1717 2385 seipsum
1730 2341 1845 2378 rediit.
1863 2342 1918 2388 36.
1935 2343 2122 2388 1.Dogma-

1295 2393 1376 2428 ticas
1398 2394 1429 2427 S.
1445 2388 1635 2438 Agathonis
1657 2391 1817 2435 Epistolas
1837 2392 1987 2437 suscepit.
2018 2403 2075 2442 37.
2086 2404 2119 2430 2·

1297 2442 1437 2477 Plurimi
1452 2442 1608 2489 Episcopi
1625 2441 1808 2487 Georgium
1823 2442 1940 2476 secuti.
1988 2452 1990 2459 ¹
2018 2440 2075 2493 38.
2090 2453 2119 2479 1.

1248 2493 1492 2529 Graduatorum
1502 2492 1714 2538 praecedentia
1726 2493 1762 2527 in
1776 2491 2008 2539 Religionibus
2018 2491 2121 2530 vereri

1296 2542 1470 2585 disciplinae
1480 2542 1609 2576 adversa
1619 2566 1626 2574 .
1998 2539 2074 2580 188.
2087 2554 2119 2580 2·

1248 2594 1352 2630 Graeci
1365 2592 1555 2639 Bulgariam
1570 2602 1626 2639 per
1647 2590 1882 2629 fraudesasede
1893 2592 2047 2630 Romana
2067 2592 2122 2627 ab-

1298 2644 1460 2678 duxerunt
1470 2667 1478 2674 .
1995 2642 2075 2692 396.
2087 2654 2122 2679 2-

1249 2695 1352 2731 Graeci
1378 2693 1558 2736 Episcopos
1574 2703 1589 2731 >,
1614 2703 1652 2726 ac
1676 2691 1818 2737 Legatos
1843 2692 2123 2733 circumscribere,

1299 2742 1523 2789 ignominiose
1542 2744 1696 2787 tractate,
1723 2754 1760 2780 ac
1771 2744 1936 2781 remittere
1955 2741 2122 2781 solebant.

1323 2804 1354 2830 0.
1369 2803 1397 2831 1.

1251 2803 1354 2881 Grgci
1376 2844 1519 2878 Francos
1539 2850 1576 2877 ut
1587 2841 1752 2886 legitimos
1763 2841 1890 2885 imperii
1901 2840 2128 2877 Occidentalis

1301 2893 1470 2939 Augustos
1481 2891 1656 2926 noluerunt
1668 2893 1840 2936 agnoscere
1850 2915 1861 2934 ,
1886 2902 1943 2926 cur
1955 2893 1968 2925 Ρ
1976 2900 2125 2941 399-1-7..

1252 2944 1356 2982 Graeci
1367 2941 1566 2981 fraudulenti
1577 2953 1614 2975 ac
1626 2942 1797 2977 mendaces
1807 2965 1814 2974 .
2004 2939 2032 2979 8.
2049 2949 2077 2978 1.
2091 2952 2124 2977 2·

1252 2995 1358 3034 Graeci
1383 2994 1492 3039 plures
1517 2991 1672 3028 Ecclesias
1697 2991 1855 3028 Romano
1889 2988 2128 3027 patriarchatui

1302 3044 1455 3091 subjectas
1478 3042 1680 3079 subtraxere.
1705 3052 1784 3089 397.
1799 3053 1829 3079 2·
1852 3041 1973 3078 Donec
1994 3039 2127 3078 tandem

1304 3095 1345 3130 ad
1357 3105 1465 3129 veram
1476 3103 1613 3128 matrem
1623 3092 1683 3126 sint
1692 3093 1826 3126 redustae
1837 3115 1846 3124 .
2002 3087 2082 3138 398.
2093 3101 2128 3127 2.

1255 3145 1360 3181 Graeci
1382 3143 1541 3179 Pontifici
1561 3143 1716 3180 Romano
1735 3142 1909 3187 primatum
1929 3142 1963 3177 ἃ
1976 3139 2131 3177 infallibi-

1304 3196 1433 3230 litatem
1443 3193 1612 3230 invident.
1862 3203 1980 3241 377.2.
2001 3187 2080 3238 398-
2095 3201 2128 3229 2·

1257 3246 1361 3281 Graeci
1377 3244 1520 3290 Synodis
1529 3241 1735 3290 generalibus
1745 3253 1850 3290 nugas
1860 3242 1967 3279 solent
1978 3240 2106 3278 adsuere
2115 3260 2129 3277 2

1306 3298 1340 3332 &
1350 3296 1427 3331 seria
1438 3305 1587 3330 truncare
1598 3320 1605 3329 .
1692 3320 1694 3322 >
2004 3287 2080 3339 396·
2096 3298 2126 3323 2-

1259 3347 1381 3384 Graecis
1390 3345 1550 3382 familiare
1560 3344 1606 3380 est
1616 3344 1734 3389 scripta
1746 3342 1926 3392 adulterare
1935 3366 1942 3376 .
2015 3350 2018 3353 ’
2027 3336 2081 3383 56-
2097 3347 2114 3371 1
2121 3360 2130 3368 ·

1260 3397 1460 3442 Gregorius,
1486 3395 1520 3431 id
1532 3395 1578 3430 est
1591 3419 1603 3436 ,
1629 3394 1835 3440 vigilantius
1845 3418 1853 3428 .
2001 3395 2049 3433 32
2051 3395 2082 3432 3-
2096 3398 2128 3422 2·

1262 3449 1291 3483 S.
1313 3447 1490 3492 Gregorius
1535 3445 1682 3492 Magnus
1714 3444 1811 3480 initio
1834 3433 2129 3521 Epistolaruznser·
