2340 3762
397 144 489 202 328

320 227 523 263 exEcclefiae
540 226 681 262 ambone
699 225 848 261 ratificati
859 247 871 262 ‚
895 236 934 257 ac
951 232 1022 256 tum
1038 245 1049 261 ‚
1073 220 1140 264 quo
1154 220 1196 255 ad

322 279 557 323 Episcopatum
576 287 746 320 nunquam
755 275 904 316 respirare
921 281 978 305 aut
989 270 1099 305 reduci
1128 272 1192 321 pos-

321 330 378 368 set,
390 329 537 363 oculis&
546 327 695 362 manibus
707 320 923 357 truncandum
933 320 1100 356 definierat
1110 320 1198 356 Pho-

322 379 408 423 tius;
436 378 548 413 verum
569 376 677 409 mistos
697 379 883 404 executores
906 370 1028 404 milites
1048 377 1080 404 in
1092 369 1198 414 ftrvili

321 428 400 468 veste
415 434 550 473 geminas
562 423 685 466 sportas
710 420 750 453 ab
771 419 903 455 humeris
923 433 985 454 una
995 423 1012 454 ἑ
1019 427 1139 464 pertica
1147 420 1199 464 su-

317 477 447 524 spensas
467 474 607 515 bajulans
630 471 748 510 evasit,
773 482 811 504 ac
833 483 889 516 per
909 471 1030 506 multas
1048 471 1198 516 regiones

320 527 513 570 incognitus
530 520 670 562 erravit,
696 533 764 557 uno
777 521 934 557 Diacono
954 521 1124 565 Cypriane
1146 533 1199 555 co-

320 576 473 613 mitatus,
498 571 710 606 sanffiffimus
721 573 848 612 Senex,
874 573 975 606 faetus
996 570 1133 612 exiliis,
1159 569 1200 605 de

317 623 437 668 quibus
457 624 491 657 in
507 622 654 666 Epistola
673 623 714 657 ad
727 621 885 657 Hebraeos
907 620 1106 665 Apostolus:
1135 624 1200 654 Cir-

316 678 482 708 cumierunt
504 680 539 706 in
557 673 671 707 melotis
691 672 862 715 &pellibus
880 676 1012 713 caprinis
1024 695 1035 712 ,
1061 680 1177 715 egentes
1189 696 1199 711 ,

316 723 476 768 angustiati
488 748 500 764 ,
524 722 630 766 ‘ffffi'ffl
639 747 650 763 ‚
661 722 770 765 quibus
782 724 889 766 dignus
903 733 960 755 non
970 729 1035 756 erat
1047 723 1176 755 mundus
1189 745 1199 761 ,

320 781 352 807 in
359 773 568 818 solitudinibus
582 782 719 808 errantes
731 798 742 815 ,
768 780 801 807 in
807 772 960 817 speluncis
971 798 982 814 ,
1007 774 1040 805 (9¹
1053 778 1085 805 in
1097 783 1201 806 caver-

319 830 369 858 m's
391 833 498 859 terrae.
525 823 653 859 Erravit
667 822 794 858 aFesto
817 821 1026 858 Pentecostes
1047 823 1147 867 usque
1160 820 1200 856 ad

318 875 462 910 mensem
473 874 665 919 Augustum
679 899 686 906 .
712 874 816 908 Tunc
827 872 989 908 elementa
1012 882 1201 918 pugnarunt

318 924 488 960 adversum
500 926 700 959 insensatos:
727 924 850 960 Omnis
861 923 1202 967 Constantinopolita-

319 988 368 1009 nae
381 975 525 1020 regionis
537 974 632 1011 tellus
654 985 709 1019 per
724 974 793 1009 dies
811 974 1025 1018 quadraginta
1050 972 1203 1011 tremuit,

318 1022 520 1059 horrendum
532 1024 655 1068 mugiit
663 1048 673 1063 ‚
685 1032 781 1068 atque
793 1025 837 1059 ita
848 1024 1000 1058 fastiosos
1011 1021 1051 1056 ad
1062 1033 1203 1066 quaeren-

319 1074 399 1109 dum
413 1076 567 1110 Sanctum
590 1074 752 1115 Exulem,
778 1072 901 1108 &licet
922 1084 993 1106 non
1003 1071 1202 1106 Patriarcha-

320 1125 393 1164 tui,
421 1136 532 1159 tamen
543 1124 660 1168 quietae
678 1124 714 1157 in
729 1125 786 1157 suo
797 1121 998 1156 monasterio
1021 1121 1096 1156 vitae
1113 1122 1200 1156 resti·

320 1173 479 1209 tuendum
490 1173 651 1208 concuffit
671 1173 705 1206 &
718 1171 892 1206 terroribus
902 1172 1013 1217 coegit
1027 1197 1035 1204 .

371 1223 559 1268 Apostolici
581 1222 699 1267 Legati
710 1233 781 1256 non
803 1222 1015 1256 solummodo
1037 1222 1071 1255 in
1097 1223 1202 1258 frater-

322 1284 398 1308 nam
410 1274 567 1317 justitiam
580 1297 589 1313 ‚
605 1273 658 1307 sed
672 1272 751 1307 &in
763 1273 956 1317 potestatem
969 1274 1057 1307 suam
1069 1274 1201 1307 fuerunt

308 1323 465 1359 -nimium
487 1323 684 1368 praevaricati
705 1348 712 1355 .
740 1323 875 1358 Etenim
902 1328 1083 1357 vicariorum
1104 1334 1202 1363 more,

322 1375 433 1418 inquit
445 1376 478 1408 in
494 1372 622 1418 Synodi
642 1373 739 1417 hujus
749 1374 937 1418 praefatione
953 1373 1138 1408 Anastafius
1149 1374 1204 1407 Bi-

324 1424 555 1459 bliothecarius
568 1450 578 1465 ,
589 1435 646 1457 non
652 1423 779 1466 fuerant
789 1423 926 1464 destinati
938 1437 944 1455 :
972 1423 1008 1456 N
1011 1422 1210 1457 udum‘Pho-

324 1476 422 1510 tiana:
441 1476 540 1509 causae
562 1474 760 1515 inquirendae
783 1472 974 1507 mandatum
995 1482 1185 1516 acceperant
1197 1496 1207 1512 ,

326 1525 453 1560 nullam
465 1525 587 1568 Ignatii
599 1548 611 1564 ‚
638 1535 735 1567 quem
748 1522 842 1568 plene
854 1523 1018 1558 restituere
1028 1521 1207 1557 debuerant

325 1576 362 1609 in
386 1574 503 1609 Sedem
516 1574 743 1616 Episcopalem
756 1597 767 1612 ,
792 1572 961 1614 judicandi
983 1572 1136 1606 vicariam
1155 1584 1207 1616 po-

324 1625 486 1659 testatem.
511 1622 606 1669 Qiri
623 1622 657 1654 &
669 1620 878 1664 Apostolicas
889 1621 1010 1658 litteras
1019 1622 1209 1661 tractarunt,

327 1684 384 1710 aut
398 1672 473 1708 sane
483 1672 698 1716 permiserunt
707 1671 831 1705 traeiari
846 1671 879 1705 in
893 1671 1047 1706 Dioscori
1059 1683 1096 1705 ac
1106 1670 1210 1715 Ephe-

326 1725 388 1759 fini
403 1723 567 1758 latrocinii
578 1733 703 1756 morem
717 1746 728 1763 ,
754 1722 795 1756 de
805 1733 873 1765 quo
888 1723 994 1767 pergit
1007 1721 1208 1757 Anastasius:

315 1779 428 1808 -G'raeci
449 1772 597 1814 EpifloIas
613 1770 828 1815 suscipientes,
854 1774 1006 1814 quidquid
1024 1779 1056 1805 in
1079 1778 1122 1806 eis
1143 1779 1209 1805 erat

320 1834 385 1870 pro
406 1828 522 1868 Ignatio
545 1822 596 1855 vel
620 1830 723 1855 contra
750 1820 890 1854 Pharium
912 1846 923 1862 ,
949 1827 1204 1861 interverterunt,

326 1874 544 1923 subtraxerunt
569 1896 580 1913 ,
605 1873 640 1906 Θ
660 1876 694 1904 in
718 1874 846 1905 Concilio
864 1872 922 1914 legi
940 1873 1061 1907 minime
1080 1873 1208 1913 pertule-

331 1934 423 1964 runt,
448 1925 536 1965 Miffis
550 1926 692 1956 Romanis
710 1922 786 1963 quid
794 1922 942 1963 legerent,
968 1923 1084 1963 quidve
1104 1933 1160 1955 non
1171 1923 1209 1955 le-

326 1984 456 2023 gerent,
481 1973 646 2007 nullatenus
667 1969 899 2013 intelligentibus
922 1972 974 2003 vel
991 1975 1082 2003 etiam
1101 1975 1210 2005 adver-

332 2024 464 2060 tentibus
477 2048 488 2064 ,
514 2027 587 2065 quin
594 2020 697 2063 potius
704 2027 774 2062 prae
784 2026 871 2053 mc
880 2025 982 2054 timore
993 2022 1121 2063 jamque
1143 2022 1210 2064 defi-

332 2075 493 2110 cientibus.
520 2072 631 2118 Qm
642 2071 821 2104 litterarum
839 2071 967 2104 suarum
977 2071 1129 2114 injuriam
1142 2073 1211 2115 plu-

331 2126 423 2163 ribus
434 2125 467 2158 in
481 2121 629 2166 Epistola
641 2119 682 2154 ad
693 2131 809 2155 omnes
820 2120 965 2154 dioecefis
976 2122 1210 2157 Constantino·

330 2177 491 2221 politanae
503 2172 684 2220 Episcopus
705 2180 881 2215 exaggerat
902 2170 969 2214 ipse
982 2171 1138 2207 Pontifex
1150 2172 1211 2206 Ni-

333 2227 464 2262 colaus.

386 2276 493 2311 Addit
507 2274 549 2310 de
563 2274 697 2319 Legatis
706 2272 769 2307 suis
779 2272 922 2307 Romam
943 2274 1070 2308 reversis
1083 2287 1094 2308 .-
1122 2271 1213 2306 Nihil

334 2329 422 2361 aliud
438 2331 647 2360 renuntiavere
674 2349 684 2364 ‚
710 2323 766 2365 nisi
786 2322 941 2365 depofitum
966 2328 1115 2367 Ignatium
1140 2348 1153 2364 ‚
1179 2323 1212 2356 ὁ·

336 2378 474 2412 Photium
485 2374 591 2419 insede
603 2373 928 2416 Constantinopolitana
934 2375 1097 2417 firmatum.
1125 2374 1208 2407 Om-

334 2440 413 2463 nem
425 2426 610 2472 tragaediam
623 2424 767 2459 celavere'
778 2423 975 2458 Pontificem
987 2448 998 2464 ,
1023 2425 1058 2458 &
1068 2424 1132 2458 sese
1140 2433 1213 2466 qua-

335 2478 359 2513 st
371 2476 468 2521 probe
480 2476 593 2510 officio
606 2474 730 2509 functos
738 2474 940 2508 ostentavere
949 2499 956 2505 .
981 2473 1126 2508 Rediiffe
1137 2484 1212 2508 cum

332 2527 453 2571 Regiis
464 2538 500 2560 ac
511 2524 684 2559 Photianis
706 2524 818 2558 similia
841 2524 1078 2558 mentientibus
1099 2523 1215 2558 litteris

336 2577 473 2611 testatur
483 2576 615 2610 San-stus
629 2575 817 2617 Styllanus.
845 2573 907 2608 Ast
925 2574 1004 2608 mali
1025 2574 1109 2608 fama
1129 2572 1214 2606 nihil

338 2627 385 2661 est
399 2626 542 2660 velocius
552 2648 559 2655 -
586 2624 731 2669 Qidam
753 2624 898 2658 Romam
913 2622 1042 2658 advenae
1056 2623 1217 2657 Constan-

342 2674 559 2720 tinopolitani
582 2675 757 2718 vulgarunt
769 2674 915 2713 facinus,
940 2675 973 2706 Θ
977 2673 1043 2716 post
1055 2675 1127 2707 duos
1149 2675 1216 2706 dies

343 2732 479 2772 Legatus
502 2725 670 2766 Imperialis
688 2748 700 2764 ,
727 2719 994 2765 Apostolicorum
1017 2723 1217 2768 Legatorum

342 2778 499 2814 deductor
520 2776 554 2809 &
577 2774 705 2811 custos,
731 2779 845 2805 nomine
867 2776 946 2811 Leo,
972 2775 1144 2812 cinereus,
1168 2785 1218 2806 ac-

342 2827 445 2867 ceffit,
457 2827 603 2861 deferens
615 2823 778 2865 utriusque
788 2822 1065 2865 Pseudo-synodi,
1078 2835 1137 2858 nec
1149 2833 1218 2856 non

344 2877 378 2911 &
391 2876 551 2919 Principis
562 2874 687 2908 litteras
713 2872 747 2907 ὃ(
759 2872 840 2905 Asta
852 2896 862 2912 ,
888 2881 982 2915 atque
996 2873 1037 2905 ita
1052 2873 1165 2906 saedum
1178 2871 1219 2906 la-

344 2927 524 2963 trocinium
534 2925 579 2959 est
590 2924 710 2958 factum
733 2922 888 2956 omnibus
899 2921 1107 2956 manifestum
1122 2944 1130 2952 .
1155 2922 1220 2956 Ac-

345 2976 435 3012 ceffit
455 2972 738 3018 &Theognostus
760 2971 872 3006 Abbas
885 2972 1219 3015 Constantinopolita-

348 3037 407 3059 nus
418 3050 430 3067 ,
454 3024 495 3060 de
505 3036 572 3070 quo
582 3023 670 3065 idem
681 3022 866 3065 Styllanus:
898 3022 1060 3055 Monachus
1078 3023 1112 3056 (9⁶
1123 3020 1220 3067 Archi-

350 3077 509 3109 Mandrita
529 3072 718 3117 Theognostus
742 3097 753 3113 ,
778 3078 820 3105 rei
841 3073 1021 3115 indignitate
1039 3080 1195 3105 commotus
1211 3093 1222 3110 ,

350 3125 423 3163 vesle
434 3133 572 3165 mutata,
596 3125 672 3156 clam
692 3121 797 3165 &ipse
819 3125 942 3155 Romam
957 3119 1096 3165 saeculari
1118 3121 1222 3154 habitu

347 3180 522 3217 properavit
532 3198 542 3214 ,
569 3172 738 3216 causamque
748 3176 866 3215 Ignatii
873 3170 1044 3215 sanblifflme
1056 3174 1152 3214 Papae
1162 3175 1196 3204 N
1201 3153 1239 3202 12¹

352 3223 427 3257 colae
447 3231 538 3254 totam
562 3221 712 3265 exposuit.
740 3222 826 3256 Eum
849 3222 885 3255 in
909 3222 1025 3255 litteris
1046 3222 1089 3255 ad
1107 3231 1224 3254 omnes

352 3270 553 3306 Patriarchas
564 3272 695 3304 Basilius
716 3270 882 3316 Augustus
894 3271 1132 3317 Hegumenum
1153 3281 1223 3304 mo-

353 3321 483 3355 nasterii
501 3319 649 3360 Deiparae
671 3321 822 3365 Virginis
832 3321 872 3355 ad
898 3321 1025 3356 fontem
1038 3346 1050 3362 ‚
1075 3319 1224 3356 &custo-

351 3371 428 3406 dem
448 3369 607 3403 sacrorum
628 3370 776 3402 vasorum
799 3382 927 3412 magnae
947 3371 1113 3410 Ecclesiae,
1137 3370 1223 3404 acin

281 3432 290 3444 ··
351 3420 467 3460 litteris
477 3418 517 3454 ad
529 3416 679 3455 eumdem
689 3415 875 3461 Principem
887 3419 1052 3457 Adrianus
1069 3418 1225 3461 secundus

910 144 1540 202 D15·sextra·rro'

1261 223 1418 260 Pontifex
1426 237 1523 262 vocat
1534 227 1640 263 virum
1651 230 1928 274 prudentissimum
1938 262 1950 280 ,
1976 240 2012 275 ἀ
2021 238 2127 276 hono:

1261 273 1482 311 rabih'ffimum
1495 276 1678 314 exarchum
1690 306 1699 321 ,
1728 295 1788 317 nec
1800 295 1868 318 non
1891 287 1996 325 Sancti
2007 291 2134 336 ignatii

1261 325 1294 357 δε
1307 325 1543 382 βρῖίσοροτιιιη
1565 339 1642 363 cum
1663 332 1731 375 ipso
1740 332 1935 368 afflictorum
1946 337 2105 382 Legatum
2119 365 2132 382 ‚

1263 385 1320 418 qut
1331 387 1386 418 per
1396 379 1513 422 septem
1532 390 1637 413 annos
1647 381 1765 417 Romae
1776 383 1853 418 exul
1874 386 2047 426 manserit,
2070 390 2134 426 Ec-

1262 425 1361 459 clefiae
1386 427 1764 473 Constantinopolitanae
1783 433 1983 469 calamitates
2003 436 2080 471 Deo
2095 452 2134 475 ac

1263 474 1420 511 Pontifici
1439 478 1569 513 adsidue
1589 491 1627 514 ac
1638 481 1794 518 instanter
1810 485 2060 521 commendans.
2087 487 2132 523 Et

1263 524 1295 557 in
1309 527 1425 561 litteris
1435 528 1475 563 ad
1495 529 1600 572 ipsum
1612 530 1762 567 Sanctum
1776 535 1941 578 ignatium
1955 548 1966 568 .-
1990 536 2136 581 Τῇεοςησ-

1256 574 1320 614 stus
1341 588 1377 610 ex
1385 577 1630 621 persequentibus
1648 583 1836 618 aemulatores
1857 594 1923 618 tuos
1937 586 2019 619 illinc
2039 589 2138 621 nudus

1258 624 1401 669 salvatus
1423 627 1481 669 est,
1509 631 1666 664 &mutato
1686 631 1790 666 habitu
1813 639 1870 668 vix
1889 635 1945 669 huc
1962 642 2140 681 pertingens

1264 682 1362 709 vitam
1373 678 1505 711 lucratus
1515 704 1522 711 .
1552 682 1668 715 Deinde
1677 684 1764 724 apud
1780 690 1935 718 memorias
1948 685 2141 728 Apostolorum

1260 734 1316 767 per
1330 725 1444 770 septem
1459 728 1562 770 ferm&
1583 741 1727 765 annorum
1741 735 1911 775 curricula,
1935 745 1970 768 ut
1983 735 2083 779 hospes
2105 737 2141 769 ὃ*

1263 777 1389 810 advena
1400 802 1411 818 ‚
1438 779 1607 813 demoratus
1617 792 1676 815 non
1685 783 1804 816 tantum
1811 790 1968 826 propriam
1979 786 2141 829 miseriam,

1264 827 1408 878 quantum
1428 829 1605 864 SanHitatis
1627 833 1700 865 Tuae
1707 834 1872 877 prefficram
1894 835 2143 875 &Constantino-

1259 877 1406 918 politanae
1418 878 1551 920 Ecclefiae
1563 881 1750 916 calamitates
1766 886 1847 924 pene
1864 885 2036 928 inceffanter
2057 884 2141 926 defle-

1264 925 1338 968 bat,
1363 928 1409 960 itai
1422 936 1455 962 ut
1463 939 1521 962 non
1526 927 1621 971 solum
1642 935 1735 965 antea
1748 934 1923 977 Deceffiirem
1941 944 2037 967 meum
2051 939 2146 967 Nico-

1263 977 1346 1010 laum
1357 1001 1369 1018 ‚
1389 975 1445 1019 sed
1465 980 1500 1012 Θ
1510 979 1659 1021 ηιερρβεᾶ
1670 981 1751 1014 nolle
1770 994 1806 1015 ae
1816 984 1864 1016 die
1878 983 2074 1025 indeficienter
2083 989 2142 1017 eri-

1259 1036 1330 1069 gere
1341 1050 1353 1067 ,
1382 1027 1416 1060 ό·
1420 1036 1478 1069 pro
1482 1026 1566 1067 statu
1590 1036 1686 1062 tantae
1698 1031 1834 1072 Ecclefiae
1852 1034 1887 1065 δ’
1896 1034 2035 1066 cremone
2042 1033 2140 1073 vestra

1265 1076 1372 1109 crebris
1382 1075 1550 1118 suafionum
1562 1076 1692 1117 stimulis
1710 1075 1812 1113 'latera
1828 1088 1981 1122 percutere
1992 1106 2002 1121 ,
2028 1085 2145 1125 &que-

1265 1126 1454 1159 madmodum
1478 1128 1608 1170 Angelus
1630 1130 1781 1171 quondam
1804 1154 1816 1170 ,
1841 1130 1913 1166 sU
1929 1130 2049 1164 RGE
2071 1131 2144 1165 PE·-

1267 1175 1389 1209 TRE
1411 1199 1423 1216 ,
1449 1175 1624 1211 ACC1PE
1649 1178 2046 1215 FORTtTUDINEM
2073 1181 2145 1216 AD

1266 1223 1557 1261 SALVANDAS
1567 1227 1761 1264 GENTES
1771 1254 1782 1270 ‚
1803 1238 1862 1272 per
1873 1228 2000 1273 fingulos
2012 1231 2076 1265 dies
2094 1243 2146 1265 no-

1266 1275 1312 1309 bis
1323 1276 1419 1309 dicere
1444 1288 1502 1310 non
1511 1278 1649 1320 ceffaret,
1680 1277 1826 1322 quousque
1846 1282 1986 1314 auditum
1996 1283 2058 1314 Deo
2063 1289 2154 1323 praeb·

1259 1324 1359 1366 stante
1365 1324 1391 1370 s
1385 1324 1495 1369 uftepit
1505 1351 1516 1368 ,
1543 1329 1624 1369 quod
1633 1329 1774 1363 ardeam
1790 1327 1908 1373 semper·
1918 1335 1952 1364 in
1964 1331 2084 1372 petffo're
2094 1330 2150 1364 b»-

1262 1375 1404 1418 julabat.
1431 1377 1476 1410 Et
1486 1376 1596 1411 Sansti
1607 1377 1729 1422 Ignatii
1739 1379 1780 1414 ad
1802 1379 1989 1415 Nicolaum
2005 1380 2144 1415 pontiti·

1266 1436 1338 1460 cem
1360 1425 1537 1469 appellatio
1557 1425 1658 1462 habet
1668 1427 1757 1463 hunc
1778 1430 1932 1464 titulum:
1962 1430 2144 1465 Libellusdt

1266 1484 1330 1508 tota
1338 1478 1452 1518 Ignatii
1461 1474 1550 1518 causa
1560 1476 1658 1519 miffics
1680 1479 1724 1510 ad
1731 1481 1891 1512 Nicolaum
1903 1483 2022 1523 Papam
2041 1483 2146 1514 Roma-

1268 1536 1339 1558 num
1350 1548 1362 1565 ,
1386 1527 1500 1568 Ignatii
1511 1525 1701 1565 Patriarchae
1712 1533 1826 1562 nomine
1840 1553 1851 1569 ‚
1874 1531 1894 1562 ἃ
1905 1529 2076 1574 Theognosto
2085 1541 2142 1562 mo-

1267 1574 1358 1607 nacho
1376 1575 1410 1606 (5
1437 1573 1699 1609 Archi-Mandata
1710 1584 1832 1611 »veteris
1846 1601 1858 1617 ,
1884 1580 2059 1622 legendum
2077 1579 2147 1620 est,

1268 1633 1357 1656 novae
1374 1624 1477 1656 Romae
1487 1644 1499 1661 ‚
1524 1625 1558 1656 δ’
1577 1624 1720 1657 Exarcho
1737 1625 2059 1669 constantinopolitano
2072 1625 2149 1670 sm·

1263 1681 1351 1715 ptus.
1377 1670 1542 1706 Libellum
1565 1673 1669 1717 igitur
1679 1684 1748 1708 non
1769 1675 1978 1711 solummodo
1999 1675 2149 1712 Roma&

1268 1721 1411 1762 detulit,
1436 1721 1490 1756 sed
1509 1723 1544 1757 δε
1565 1724 1781 1768 composuisse
1806 1724 1934 1763 videtur
1957 1725 2148 1772 Timoguo-

1270 1773 1335 1808 stus
1346 1799 1353 1807 .
2039 1791 2042 1794 ⁴
2134 1786 2139 1792 '

1319 1824 1478 1859 Notanda
1490 1825 1535 1861 est
1549 1825 1651 1861 libelli
1664 1826 1850 1874 Epigraphe
1863 1841 1871 1861 ε
1896 1829 2147 1868 sanfflffimo-Do-

1269 1878 1348 1906 mino
1367 1874 1482 1916 nostro,
1508 1878 1542 1910 <5⁹
1564 1876 1719 1918 beatiffimo
1746 1877 1871 1920 Praest'di
1882 1901 1893 1918 ‚
1918 1871 2089 1911 cunctarum
2102 1871 2147 1919 se·

1268 1924 1348 1956 dium
1369 1925 1579 1966 Patriarcbae‚
1606 1927 1709 1960 sanffl
1740 1931 1821 1961 Petri
1832 1930 1983 1969 Principis
2008 1925 2147 1970 Apellola·

1268 1984 1333 2006 rum
1342 1975 1489 2018 Succeffori
1499 1999 1509 2015 ,
1521 1975 1705 2010 OEcumenico
1715 1979 1812 2020 Papae
1823 1978 1949 2011 Nicolao
1959 2002 1967 2010 .
1991 1975 2146 2012 ostendit

1268 2023 1451 2066 supremum
1463 2025 1622 2059 Romanae
1633 2027 1781 2060 Ecclefiae
1791 2025 1973 2059 Primatum
1994 2028 2094 2069 usque
2103 2024 2147 2058 ad

1269 2071 1372 2106 hocce
1391 2072 1506 2106 Photii
1529 2071 1665 2108 schisma
1688 2074 1783 2108 fuiffe
1816 2073 1912 2118 plene
1930 2075 2087 2121 agnitum·
2107 2072 2149 2107 ab

1269 2122 1364 2156 omni
1388 2122 1532 2157 Ecclesia
1562 2122 1933 2168 constantinopolitana
1956 2149 1964 2158 .
2001 2125 2091 2159 Nam
2115 2124 2150 2158 δι’.

1273 2172 1338 2216 ipse
1347 2183 1423 2206 cum
1436 2171 1602 2217 Gregorio
1613 2174 1816 2217 Syracusano
1827 2173 1968 2209 Photius
1978 2199 1990 2216 ,
2015 2175 2065 2210 uti
2076 2185 2150 2218 par·

1271 2223 1332 2256 tim
1342 2233 1384 2255 ex
1396 2221 1460 2256 huc
1473 2225 1576 2266 usque
1594 2221 1689 2258 dietis
1700 2249 1711 2265 ,
1736 2224 1854 2268 partim
1871 2235 1912 2258 ex
1922 2225 2049 2268 Synodi
2070 2234 2149 2268 prae·

1272 2272 1369 2307 sentis
1394 2272 1574 2316 Encyclica
1597 2273 1902 2318 Epistola'liquet,
1937 2275 1977 2310 ad
1999 2275 2148 2309 Leonem

1272 2331 1423 2366 quartum
1447 2347 1458 2363 ‚
1485 2321 1697 2358 Benedistum
1721 2324 1852 2359 tertium
1875 2350 1886 2365 ‚
1915 2337 1953 2358 ac
1979 2324 2148 2358 laudatum

1273 2372 1470 2407 Pontificem
1507 2373 1688 2408 Nicolaum
1725 2376 1906 2417 frequenter
1941 2374 2116 2417 appellavit
2135 2394 2149 2411 .

1272 2421 1506 2466 damnavitque
1517 2422 1703 2467 lgnarium,
1730 2422 1820 2467 quod
1849 2425 1989 2458 duorum
2002 2423 2148 2466 priorum

1275 2472 1423 2506 Decretis
1449 2484 1488 2506 ac
1498 2472 1660 2507 mandatis
1680 2481 1848 2518 tamquam
1873 2474 1953 2508 alter
1966 2473 2151 2507 Dioscorus

1276 2522 1499 2557 recalcitraffet
1507 2547 1515 2554 .

1323 2570 1417 2620 Qid
1440 2570 1538 2617 porro
1557 2573 1596 2607 fit
1618 2572 1728 2607 Archi.
1744 2574 1902 2608 Mandata
1925 2575 1960 2608 Θ
1986 2571 2148 2606 Exarcbus

1277 2622 1613 2665 Constantinopolitanus
1626 2648 1637 2664 ‚
1663 2624 1697 2658 in
1709 2625 1848 2668 Synodo
1871 2623 2150 2665 Constantinopo-

1277 2674 1377 2707 litana
1391 2671 1448 2706 sub
1459 2672 1586 2707 Menna
1599 2672 1782 2708 Patriarcha
1803 2674 1899 2709 docet
1911 2685 1971 2708 nos
1990 2671 2058 2705 haec
2080 2670 2152 2704 sub·-

1278 2722 1408 2766 scriptio
1434 2736 1442 2755 ε
1469 2725 1625 2756 Marianus
1651 2724 1806 2762 Presbyter
1825 2746 1837 2762 ‚
1861 2725 1895 2757 et
1911 2721 2152 2755 Archimandritae

1281 2772 1444 2812 monasterii
1454 2772 1557 2805 Sanc‘li
1567 2774 1716 2806 Dalmatii
1725 2797 1736 2812 ‚
1762 2774 1797 2806 Θ·
1807 2770 1979 2805 Exarcbius
2003 2770 2154 2804 venerabi-

1277 2824 1351 2855 lium
1375 2821 1608 2861 monasteriorum
1633 2821 1723 2862 hujus
1742 2823 1908 2863 Imperialis
1930 2825 2064 2854 civitatis
2077 2844 2085 2852 .
2113 2816 2155 2853 ld

1279 2873 1323 2907 est
1333 2896 1344 2912 ,
1370 2870 1519 2904 omnium
1533 2870 1647 2915 Regiae
1658 2870 1803 2905 civitatis
1812 2870 2081 2905 monasteriorum
2097 2880 2157 2914 ge-

1282 2920 1399 2956 neralis
1408 2919 1592 2954 Praefeetus.
1622 2921 1733 2967 Qare
1755 2919 1993 2964 Theognossus
2013 2929 2081 2954 erat
2103 2919 2157 2953 vir

1281 2982 1407 3016 magnae
1432 2970 1631 3004 auctoritatis
1655 2995 1666 3011 ‚
1690 2969 1828 3014 ideoque
1847 2971 1941 3010 illum
1963 2993 1973 3010 ‚
1999 2977 2036 3003 ut
2059 2971 2153 3003 suum

1282 3021 1481 3066 fugitivum,
1509 3017 1780 3061 convitiatorem,
1807 3020 2064 3063 Ecclefiaequeac
2078 3017 2154 3053 Rei-

1283 3071 1419 3116 publicae
1429 3069 1627 3104 turbatorem
1639 3094 1649 3109 ,
1674 3071 1692 3103 a
1704 3070 1854 3104 Romana
1873 3069 2011 3104 Ecclesia
2033 3068 2090 3102 sibi
2111 3065 2152 3100 ad

1282 3131 1393 3165 poenas
1414 3118 1495 3154 tradi
1508 3119 1684 3163 postulavit
1705 3120 1872 3165 Augustus
1883 3118 2051 3156 Michael,
2075 3128 2153 3150 con-

1283 3169 1468 3205 stantiffime
1488 3180 1598 3203 autem
1618 3172 1759 3212 protexit
1791 3170 1951 3204 Nicolaus
1974 3167 2151 3205 Pontifex,

1282 3232 1319 3255 ac
1329 3219 1463 3254 tandem
1475 3218 1618 3264 gloriose
1627 3220 1667 3253 ad
1677 3220 1830 3253 Bafilium
1841 3218 2026 3264 Augustum
2036 3216 2152 3250 remiss:

1285 3271 1450 3304 Adrianus
1464 3268 1637 3304 secundus.

1335 3318 1470 3355 Sordida
1483 3319 1752 3363 Apostolicorum
1763 3320 1960 3363 Legatorum
1972 3314 2155 3358 praevarica-

1283 3371 1334 3403 tio
1345 3368 1475 3414 peffime
1485 3380 1540 3413 per
1549 3379 1683 3414 omnem
1696 3370 1869 3403 Ecclefiam
1892 3366 1993 3398 faetuit
2005 3389 2014 3404 ‚
2042 3364 2156 3398 acerri-

1284 3419 1336 3453 me
1345 3420 1435 3455 torsit
1448 3419 1626 3454 Nicolaum
1638 3418 1831 3452 Pontificem
1843 3439 1855 3456 ,
1881 3414 2020 3459 ideoque
2029 3414 2070 3448 de
2093 3414 2157 3448 illo

2002 3464 2107 3508 pergit
