2340 3762
702 172 773 204 DE
807 171 976 203 sexta
1011 157 1260 201 SYNono
1294 158 1622 198 GENERALL
1938 167 2002 214 45

252 242 432 289 Gregorius
450 243 604 279 Pontifex
615 264 628 282 ,
654 239 794 275 omnino
816 241 904 286 poss‘e
923 239 1126 275 anathemate
1194 237 1448 273 STANTINO
1461 263 1472 278 ‚
1497 237 1605 272 NON
1631 239 1658 272 F
1673 239 1703 272 A
1717 240 1771 274 CI
1784 240 1816 274 A
1827 242 1849 275 S
1884 238 2067 273 NOVAM

252 292 415 329 damnari.
442 293 546 329 Vides
555 291 719 335 corporale
729 291 946 335 juramentum
956 291 1018 325 effe
1027 287 1125 335 illud,
1191 288 1367 329 FIDEM,
1393 287 1567 336 NEQJE
1594 289 1905 336 ACQnEsCAs.
1951 291 1997 322 Et
2018 300 2070 322 ve-

250 344 342 387 quod
367 344 528 388 praestatnr
553 342 645 378 tastis
681 341 889 385 corporaliter
919 340 1124 376 sacrosanctis
1191 346 1290 372 niente
1299 350 1345 371 me
1357 339 1396 371 ab
1407 340 1549 374 Heraclea
1570 338 1774 382 Chrysopolim
1787 362 1796 377 ‚
1822 340 2003 378 &stantem
2021 337 2068 381 so-

249 392 441 438 Evangeliis
451 419 458 426 .
485 392 583 430 Unde
607 393 642 427 δε
653 391 798 437 vigilius
810 390 967 426 Pontifex
977 388 1124 426 adversus
1187 389 1261 421 lario
1285 391 1297 427 (
1309 388 1381 420 bora
1392 398 1458 422 erat
1467 388 1549 431 quasi
1551 387 1682 432 septima
1696 391 1784 427 diei)
1810 390 1877 422 vidi
1888 395 1989 422 virum
2010 397 2075 421 ter-

248 442 473 480 Sebastianum
483 442 692 478 Cardinalem
713 443 805 478 suum
826 440 1019 477 Diaconum
1041 439 1123 474 dicit
1187 439 1302 471 ribilem
1317 463 1328 479 ‚
1354 441 1554 472 candidatum
1564 441 1677 480 valde,
1703 439 1828 480 &stetit
1849 449 1947 471 coram
1966 449 2013 470 me
2024 439 2071 469 di-

250 493 289 527 in
311 495 469 530 sententia
492 493 559 536 ejus
571 492 791 527 damnatoria:
817 490 921 524 Tac‘lis
942 492 1120 535 Evangelus
1186 499 1252 521 cens
1285 500 1291 520 z
1330 487 1449 533 QIA
1493 489 1580 535 —QUI
1616 488 1724 523 NON
1750 487 2069 523 CONFITETUR

244 544 451 584 juramentum
465 543 655 585 torpor-aliter
677 541 838 585 praestitisti
860 566 867 573 .
895 541 940 574 Et
975 538 1057 575 hinc
1081 539 1122 573 de
1186 539 1332 572 UNAM
1361 537 1712 574 VOLUNTATEM
1748 538 1814 573 ET
1838 535 2070 571 DEI-VIRI-

247 593 414 637 Episcopo
426 617 438 634 ,
463 604 560 637 quem
573 592 613 627 ab
622 592 716 629 omni
730 590 860 636 penitus
870 589 997 632 jurandi
1021 600 1122 624 onere
1185 589 1287 622 LEM
1314 589 1348 622 O
1362 587 1389 621 P
1402 587 1431 619 E
1444 587 1474 619 R
1489 586 1521 620 A
1534 587 1571 619 T
1583 587 1598 619 1
1611 589 1644 621 Ο
1655 587 1690 619 Ν
1704 589 1732 622 E
1747 590 1786 622 M
1804 613 1817 629 ,
1842 587 1952 624 NON
1979 586 2069 623 EST

247 643 394 677 eximunt
404 643 530 687 antiqui
551 644 725 682 Carnona,
752 640 841 684 ajunt
863 639 988 683 Synodi
1015 651 1123 674 recen·
1185 636 1526 673 CHRISTIANUS..
1553 637 1617 670 Hae
1640 637 1716 672 sunt
1737 639 1877 682 antiquae
1899 637 2067 673 haeretico·
2089 633 2162 672 Ca?-
2178 644 2210 669 4·

245 692 363 735 tiores,
385 705 422 727 ac
437 693 634 728 nominatim
645 691 784 728 secunda
795 691 958 725 Ravennae
978 689 1035 723 sub
1049 689 1121 724 Cle·
1183 698 1253 721 rum
1284 697 1384 726 artes,
1416 686 1457 720 de
1467 686 1824 730 quibusTertullianus
1847 688 1881 720 in
1903 687 1988 722 libro
2014 686 2072 721 ad-

243 752 358 778 mente
376 743 495 787 quinto
514 756 521 776 ε
551 746 652 788 Juret
678 743 723 775 ad
736 739 842 784 sanda
865 743 923 774 Dei
949 740 1122 783 Evangelia
1183 739 1308 772 versum
1319 737 1590 772 Valentinianos.
1618 738 1826 771 Valentiniani
1831 736 1863 779 fi
1867 738 1984 779 aliquid
1994 741 2068 771 novt

240 802 341 827 coram
347 792 380 838 sie
389 792 537 836 expofita,
555 791 677 835 sednon
704 791 804 827 talla.
833 791 963 834 Nempe
987 789 1029 824 ad
1049 800 1120 824 cor·
1180 788 1384 829 adstruxerint
1403 812 1414 828 ,
1440 789 1650 821 revelationem
1668 786 1773 826 statim
1806 787 1963 829 appellant
1985 795 2071 829 prae-

243 837 579 889 poralejuramentum
591 842 790 885 adstringere
803 840 919 875 noluit.
1176 836 1371 880 sumptionem
1381 861 1392 877 ,
1414 835 1564 880 charisma
1572 842 1723 881 ingenium
1737 863 1745 869 .
1771 835 1836 870 Per
1846 836 1976 871 easdem
1994 838 2063 880 ipse

291 890 633 927 ExindeTheodorus
651 887 981 926 Thrimithuntorum
1003 889 1037 923 in
1051 889 1120 932 Cy·
1179 888 1277 922 etiarn
1288 886 1539 928 Tertullianus,
1564 886 1720 922 Marcion
1738 911 1750 928 ,
1780 886 1898 921 AEtius
1910 887 2059 920 Ecelefiae

241 946 302 987 pro
311 941 511 985 Episcopus,
538 952 576 975 ac
589 938 768 984 Epiphanii
781 939 999 983 Metropolitae
1022 939 1117 975 Vica—
1179 935 1397 972 Antiochenae
1405 936 1577 974 Diaconus
1587 962 1598 978 ‚
1625 937 1782 972 Ursacius
1795 938 1829 971 δε
1842 936 1967 971 Valens
1981 937 2063 980 Epi-

240 991 308 1025 rius
334 991 368 1026 &
391 991 557 1036 Legams,
590 988 711 1026 habere
732 990 765 1026 se
783 989 870 1023 dixit
889 988 1118 1025 authenticum
1178 988 1265 1032 scopi
1288 986 1408 1022 Ariani
1434 1012 1446 1029 ,
1471 987 1669 1022 Adelbertus
1695 987 1877 1031 Episcopus
1894 989 1913 1022 a
1936 987 2059 1023 Sansto

240 1040 338 1076 valde
348 1041 495 1076 codicem
506 1047 642 1085 operum
653 1038 944 1076 SanstiAthanafii
958 1064 968 1080 ‚
994 1041 1118 1083 praeser-
1177 1037 1353 1072 Bonifacio
1371 1037 1573 1072 Francorum
1596 1037 1760 1080 Apostolo
1793 1036 1968 1072 damnatus
1994 1060 2005 1076 ‚
2031 1037 2065 1072 ὃς

239 1091 303 1126 tim
315 1091 393 1126 veno
402 1091 521 1126 librum
535 1115 546 1132 ,
570 1090 824 1136 quiinscribitur
845 1089 887 1124 de
907 1100 1000 1125 textu
1013 1089 1117 1124 Evan-
1177 1088 1284 1132 plures
1305 1086 1362 1123 alii
1388 1096 1444 1123 aut
1469 1088 1588 1133 seipsos
1612 1097 1670 1124 aut
1686 1088 1773 1125 alios
1794 1087 1909 1122 misere
1921 1087 2063 1122 seduxe-

237 1140 343 1185 gelli,
370 1145 463 1175 Nunc
483 1148 586 1176 anima
608 1152 674 1174 mea
696 1139 818 1173 turbata
831 1139 868 1180 est
880 1164 891 1180 ,
916 1140 980 1175 effe
1000 1140 1036 1173 in
1056 1139 1116 1173 illo
1176 1146 1274 1175 runt.

237 1190 471 1226 incidiffimum
484 1203 543 1235 pro
553 1189 679 1226 duabus
699 1190 734 1224 in
755 1190 910 1224 Domino
937 1189 1116 1224 voluntati·
1227 1188 1272 1223 Et
1291 1198 1424 1235 rogatus
1446 1187 1562 1223 stultus
1586 1186 1832 1232 Polychronius
1855 1212 1866 1228 ‚
1892 1193 1980 1222 Num
2005 1186 2067 1221 haec

236 1235 301 1275 bus
324 1253 363 1276 ac
372 1241 620 1287 operationibus
630 1240 878 1280 testimonium,
904 1240 1064 1284 petiitque
1075 1238 1116 1275 ad
1174 1237 1312 1274 chartula
1334 1244 1467 1283 propria·
1492 1242 1558 1281 ejus
1582 1250 1690 1272 manus
1712 1239 1799 1282 efflet,
1825 1239 1860 1272 eb*
1874 1236 1903 1280 fi
1919 1237 1985 1281 ipsa
1996 1237 2034 1278 est
2055 1263 2066 1279 ,

236 1291 396 1335 maiorem
421 1292 567 1327 veritatis
600 1290 851 1327 illustrationem
867 1289 1009 1331 synodo
1033 1290 1097 1332 legi
1107 1314 1115 1323 ,
1175 1300 1243 1330 quae
1253 1289 1356 1324 debeat
1361 1288 1459 1334 supra
1471 1299 1617 1323 mortuum
1623 1295 1718 1331 pont,
1738 1290 1773 1322 &r
1785 1286 1959 1330 resuscitare
1975 1298 2040 1321 eum
2056 1310 2067 1326 ,

236 1340 374 1376 Lectum
397 1341 465 1380 est,
491 1342 526 1374 &
545 1338 794 1383 comprobatum
806 1363 815 1373 .
1177 1338 1340 1381 respondit
1352 1351 1364 1371 .·
1389 1337 1507 1378 Ima-st,
1528 1344 1658 1380 proprtae
1668 1349 1742 1371 meae
1757 1349 1866 1371 manus
1881 1337 1980 1378 existit
1993 1363 2003 1378 ,
2030 1338 2065 1371 o·

286 1388 431 1424 Acceffit
441 1398 514 1423 tum
523 1389 703 1423 Dometius
715 1387 885 1421 Prusiades
906 1387 1087 1428 Episcopus
1102 1410 1115 1426 ‚
1178 1386 1232 1425 ista
1242 1387 1280 1426 est
1289 1387 1423 1419 chartula
1435 1410 1444 1425 ‚
1469 1398 1539 1429 quae
1549 1388 1656 1420 debeat
1666 1390 1687 1420 ἃ
1700 1386 1918 1429 mefiaepmponi
1930 1396 2042 1419 mortuo
2051 1412 2062 1427 ‚

235 1436 350 1471 dicens
369 1436 410 1470 ad
433 1436 574 1468 anetam
595 1434 771 1476 Synodum
807 1444 845 1467 ac
866 1433 1111 1477 gloriofiffimos
1175 1444 1297 1476 eumque
1307 1431 1477 1476 resus'citare
1487 1457 1497 1466 .
1522 1435 1740 1468 Pel-rexerunt
1767 1436 1990 1480 gloriofiffimi
2013 1437 2065 1479 Ju-

234 1485 379 1531 5udices.
405 1486 527 1528 Suggero
535 1491 599 1516 tam
619 1483 728 1516 Gloriae
742 1482 849 1523 vestra
864 1506 874 1522 ,
899 1493 989 1524 quam
1009 1481 1112 1527 fiendo
1175 1482 1264 1517 dices
1288 1484 1437 1517 &saneta
1459 1483 1636 1527 Synodus:
1666 1486 1895 1527 Praew'dimus,
1922 1495 1956 1518 ut
1978 1485 2063 1518 char-

234 1532 439 1578 &universali
458 1538 586 1570 Concilio
598 1558 609 1574 ,
635 1533 715 1577 quod
738 1531 941 1571 Polychronius
961 1534 1087 1575 quidam
1103 1558 1114 1574 ,
1174 1533 1241 1566 tula
1255 1557 1267 1574 ‚
1290 1544 1357 1576 quae
1369 1532 1475 1567 relec‘la
1489 1533 1528 1575 est
1537 1559 1548 1574 ‚
1574 1532 1661 1577 super
1673 1544 1819 1569 mortuum
1830 1545 1962 1578 ponatur
1975 1538 1996 1568 ἃ
2009 1539 2063 1569 Po-

235 1585 392 1625 Presbmr
416 1595 451 1618 ac
466 1583 623 1619 monachus
635 1607 646 1624 ,
668 1580 878 1626 consentaneus
900 1582 1025 1624 exssens
1050 1587 1114 1616 Ma·
1174 1583 1314 1621 chbronio
1316 1585 1415 1625 juxta
1421 1583 1665 1625 propofitionem‚
1691 1596 1758 1626 quae
1781 1585 1821 1618 ab
1843 1597 1875 1619 eo
1887 1585 1981 1627 fac‘la
2002 1585 2041 1624 est
2054 1610 2064 1626 ‚

236 1641 311 1669 rarii
337 1637 372 1670 ὁ·
391 1632 535 1677 stephana·
558 1634 762 1668 haereticorum
780 1658 791 1674 ‚
831 1635 865 1667 (ν
883 1634 997 1667 illorum
1020 1636 1123 1676 impia·
1172 1642 1264 1666 extra
1274 1633 1324 1667 hoc
1328 1632 1448 1677 sacrum
1455 1635 1605 1676 palatium
1617 1658 1629 1674 ,
1654 1639 1688 1667 in
1699 1636 1756 1667 loco
1761 1634 1901 1677 publico,
1926 1640 1959 1668 in
1979 1643 2062 1677 prae-

230 1684 366 1728 stabilire
377 1689 496 1726 cupiens
507 1685 669 1728 dogmata,
696 1695 754 1716 non
764 1684 948 1717 mediocriter
965 1683 1110 1726 fimplices
1169 1681 1270 1726 sentia
1291 1682 1387 1724 nostra
1410 1685 1447 1718 ἐν
1462 1683 1561 1725 plebis
1581 1708 1593 1725 ‚
1620 1694 1687 1726 quae
1710 1690 1839 1718 inventa
1858 1685 1959 1726 fuerit
1981 1711 1991 1726 ,
2017 1687 2062 1719 ad

1169 1731 1409 1776 satisfadionem
1419 1732 1531 1773 Christo
1542 1733 1683 1767 amabili:
1693 1736 1798 1776 populi
1811 1758 1821 1774 ‚
1834 1736 1959 1776 qualiter
1975 1739 2058 1769 Deus

1174 1789 1334 1818 veritatem
1365 1783 1540 1823 demonstret
1563 1810 1570 1816 .
1607 1783 1662 1818 De
1682 1783 1869 1818 orthodoxa
1892 1786 2026 1819 veritate
2046 1811 2057 1828 ,

1174 1832 1323 1869 adversus
1336 1845 1434 1878 quarn
1445 1834 1546 1868 etiarn
1560 1833 1695 1878 Angelo
1717 1845 1866 1869 mortuos
1886 1836 2057 1871 suscitanti

1173 1882 1311 1918 debeant
1323 1882 1418 1917 inlidi
1432 1882 1606 1919 anathema
1617 1909 1628 1925 ,
1656 1896 1863 1931 nequaquam
1885 1885 2057 1921 fluctuavit

1173 1934 1278 1968 sansta
1288 1933 1461 1977 Synodus,
1487 1933 1540 1968 sed
1551 1945 1717 1969 amentem
1739 1935 1926 1971 haereticum
1939 1948 2053 1972 coram

1172 1985 1265 2018 omni
1277 1983 1369 2029 plebe
1381 1984 1484 2018 voluit
1495 1985 1666 2019 confusum
1681 2010 1691 2026 ‚
1716 1986 1751 2019 &
1775 1986 1874 2020 fidem
1896 1986 2056 2021 orthodo-

1172 2045 1249 2068 xam
1259 2035 1358 2068 etiam
1371 2034 1415 2068 ita
1429 2034 1616 2069 roboratam
1627 2059 1635 2066 .
1661 2034 1816 2070 Proceffit
1831 2036 1871 2070 ad
1884 2035 2053 2079 publicum

1171 2084 1388 2127 Zeuxippiani
1408 2083 1527 2118 lavacri
1539 2085 1680 2125 atrium,
1707 2087 1857 2129 apposuit
1882 2087 1917 2119 in
1940 2098 2058 2132 argen-

1170 2143 1225 2167 teo
1238 2134 1397 2177 exequiali
1411 2136 1529 2169 feretro
1540 2143 1706 2170 mortuum
1722 2160 1732 2176 ‚
1746 2135 1903 2169 adunavit
1916 2147 2053 2171 omnem

1170 2184 1325 2227 populum
1356 2184 1469 2228 Regiae
1488 2185 1648 2220 civitatis:
1676 2187 1722 2217 Et
1740 2184 1953 2228 superaffistens
1976 2188 2057 2226 Poh-

1168 2233 1501 2277 cbroniuspofititficpra
1511 2235 1607 2278 ipsum
1618 2245 1764 2269 mortuum
1781 2235 1853 2277 fidei
1876 2235 1945 2280 fine
1967 2237 2055 2271 cbar-

1167 2285 1284 2324 tulam‚
1308 2293 1421 2327 perque
1439 2286 1544 2327 plures
1566 2286 1655 2319 horas
1663 2285 1885 2329 perseverans,
1912 2290 1947 2321 δ’
1973 2285 2051 2330 insu-

1161 2332 1289 2376 surram
1300 2340 1327 2368 el
1339 2358 1350 2374 ,
1378 2335 1456 2367 nibil
1465 2334 1568 2368 horum
1579 2360 1590 2376 ,
1615 2347 1683 2378 quae
1697 2336 1736 2368 ab
1751 2346 1782 2368 eo
1786 2335 1893 2376 stolide·
1916 2338 1953 2370 ἐν
1969 2335 2050 2380 blas-

1160 2384 1269 2426 pheme
1289 2386 1426 2428 promissa
1443 2385 1570 2425 fuerant
1593 2410 1603 2426 ‚
1630 2386 1739 2418 valens
1758 2393 1902 2428 peragere
1926 2411 1938 2427 ,
1965 2388 2051 2419 dixit

1165 2435 1331 2468 nullatenus
1345 2433 1461 2476 sepoffe
1471 2434 1778 2479 mortuumficscitare.
1807 2436 1922 2484 Qare
1942 2435 2048 2471 excla-

1162 2484 1263 2517 mavit
1285 2484 1394 2518 omnis
1419 2485 1577 2528 populus:
1615 2490 1706 2518 Novo
1727 2487 1837 2518 Simoni
1859 2485 2046 2528 anathema,

1162 2533 1342 2572 Polyi-bronio
1349 2532 1497 2577 sedatiore
1503 2537 1606 2577 populi
1616 2534 1798 2569 anathema.
1826 2536 1880 2570 De
1891 2534 1953 2571 hac
1963 2538 2045 2571 item

1160 2581 1385 2618 haereticorum
1398 2595 1465 2619 arte
1485 2586 1518 2619 δε
1533 2586 1690 2619 virtutum
1708 2585 1929 2620 faciendarum
1955 2598 2043 2627 vano

1159 2633 1284 2670 ambitu
1296 2632 1404 2668 scribit
1418 2633 1649 2670 Tertullianus
1672 2635 1707 2669 in
1733 2635 1819 2670 libro
1833 2635 2045 2679 Praescriptio-

1160 2695 1241 2718 num
1252 2709 1259 2716 .
1284 2685 1423 2725 Adjicent
1431 2686 1527 2718 multa
1546 2687 1583 2719 de
1594 2686 1771 2720 auc‘loritate
1783 2685 1919 2729 quusque
1941 2685 2045 2718 Dauo-
2063 2691 2132 2730 Cap.
2146 2704 2193 2729 44·

1155 2740 1196 2766 ris
1208 2733 1338 2768 haermcs
1348 2758 1359 2774 ,
1384 2735 1449 2768 illos
1462 2738 1594 2771 maxime
1605 2736 1748 2769 dodrinae
1754 2736 1821 2779 suae
1826 2736 1921 2778 fidem
1939 2735 2042 2777 confir-

1155 2785 1239 2828 maffe
1251 2809 1262 2826 ,
1287 2793 1415 2817 mortuos
1420 2783 1569 2829 sitsi-ttaffe
1583 2811 1594 2827 ‚
1620 2786 1731 2819 debiles
1742 2785 1908 2829 reformasse
1919 2810 1929 2826 ,
1949 2785 2038 2826 futu-

1153 2847 1189 2867 ra
1205 2834 1393 2878 fignificasse,
1419 2844 1454 2868 ut
1474 2839 1579 2869 merito
1602 2835 1724 2878 Apostoli
1743 2837 1932 2870 crederentur
1946 2860 1953 2867 .
1993 2837 2038 2870 Et
2061 2848 2130 2886 Cap,
2141 2857 2188 2884 30·

1153 2885 1326 2928 respondet
1341 2886 1374 2917 in
1388 2884 1455 2919 alio
1465 2885 1609 2928 ejusdem
1634 2886 1708 2921 libri
1730 2886 1806 2918 loco
1822 2908 1829 2915 .
1852 2884 1982 2918 Probent
2001 2883 2037 2928 se

1151 2946 1240 2968 novos
1254 2932 1396 2977 Apostolos
1419 2937 1491 2980 effe:
1516 2938 1646 2969 Detillis
1670 2934 1805 2974 Christus
1818 2939 1963 2968 virtutem
1988 2946 2038 2970 ea,-

1150 2987 1217 3018 dem
1219 2982 1304 3029 figna
1314 2986 1422 3018 edendi
1435 3010 1446 3026 ,
1466 2998 1533 3029 quae
1545 2987 1579 3020 (tt
1589 2983 1650 3027 ipse
1661 3009 1669 3016 .
1694 2985 1763 3017 Volo
1783 2988 1877 3027 igitur
1889 2987 1923 3018 ὅ)
1936 2990 2038 3018 virtu-

1150 3044 1194 3069 tes
1211 3046 1308 3068 eorum
1317 3035 1466 3077 proferri:
1493 3035 1566 3077 Ntfi
1572 3036 1650 3077 quod
1658 3032 1776 3078 agnosco
1784 3040 1948 3067 maximam
1972 3040 2035 3068 vir-

1149 3093 1243 3119 tutem
1261 3095 1356 3117 eorum
1369 3109 1379 3125 ,
1404 3096 1463 3127 qua
1482 3084 1624 3127 Apostolos
1645 3090 1677 3116 in
1691 3080 1868 3126 perversum
1890 3085 2036 3118 aemulan-

1148 3145 1214 3168 tur.
1241 3135 1289 3168 11l1·
1299 3131 1377 3167 enim
1398 3136 1436 3167 de
1454 3139 1578 3167 mortuis
1599 3139 1685 3167 vivis
1699 3133 1859 3176 faciebant
1881 3158 1893 3176 ,
1930 3134 1976 3174 estl
1995 3136 2032 3168 de

1146 3190 1234 3218 vivis
1256 3194 1399 3217 mortuos.
1437 3182 1619 3230 Qomodo
1640 3184 1765 3227 Cyrola
1792 3184 2031 3219 Wandalorum

1148 3234 1328 3278 Episcopus
1352 3233 1514 3273 Arianus,
1539 3233 1619 3268 dum
1646 3235 1723 3267 ficto
1744 3233 1901 3269 miraculo
1923 3244 2029 3270 tentat

1147 3281 1404 3318 circumscribere
1417 3282 1534 3317 Africae
1545 3282 1671 3327 plebem
1684 3307 1695 3324 ,
1715 3284 1831 3319 fecerit
1842 3284 1883 3319 de
1895 3283 2028 3319 vidente

1147 3344 1266 3367 caecum
1279 3357 1289 3372 ,
1316 3333 1457 3366 referunt
1477 3334 1608 3368 Sanctus
1619 3334 1736 3368 Victor
1760 3334 1931 3369 Uticenfis
1953 3335 2028 3377 Epi-

1149 3385 1261 3426 scopus
1282 3383 1455 3416 &Sanetus
1465 3384 1643 3429 Gregorius
1653 3384 1874 3419 Turonensis.
1903 3383 2025 3418 Homi-

1150 3443 1224 3467 nem
1236 3432 1471 3475 miserabilem,
1498 3434 1633 3479 pecunia
1654 3434 1695 3469 ab
1720 3434 1853 3470 Arianis
1877 3443 2023 3475 emptum

1931 3481 1973 3515 ad

235 1736 348 1777 decipit
351 1743 407 1776 per
422 1730 509 1776 fuam
526 1739 650 1775 implam
662 1731 839 1775 falsamque
872 1733 1037 1767 dodrinam
1049 1759 1057 1766 .
1083 1736 1102 1767 5
1105 1741 1115 1767 ι’

234 1787 302 1828 ergo
322 1785 421 1826 placet
438 1791 503 1817 tam
524 1782 628 1823 vestrae
648 1783 758 1816 Gloriae
782 1803 792 1820 ,
836 1794 926 1824 quam
946 1780 1052 1826 fando
1080 1786 1114 1819 Θ

231 1832 397 1876 universali
408 1832 536 1866 Concilio
548 1856 560 1872 ‚
586 1831 663 1865 hunc
674 1832 718 1865 aa'
728 1842 783 1864 vos
797 1833 945 1866 advenire
957 1856 967 1873 ,
993 1841 1028 1867 ut
1043 1841 1112 1875 pro-

230 1889 336 1929 priam
341 1881 428 1927 suam
434 1883 525 1925 fidem
533 1889 662 1926 exponat
673 1882 686 1918 ?
713 1881 757 1915 Et
768 1882 958 1926 responsum
978 1882 1025 1917 est
1036 1894 1113 1919 eum

234 1934 272 1971 in
283 1933 430 1980 proxima
440 1932 582 1968 Aetione
593 1930 792 1967 audiendum
804 1956 810 1962 .

403 2212 734 2265 ACTIO
802 2216 934 2262 XV.

323 2384 404 2418 Ctio
425 2383 541 2426 quinta
560 2382 687 2416 decima
707 2405 717 2420 ‚
741 2380 852 2417 habita
871 2382 924 2416 die
951 2382 1104 2428 vigesimo

350 2435 442 2468 sexto
462 2432 586 2476 Aprilis
611 2457 623 2473 ‚
658 2432 784 2466 audivit
805 2443 969 2467 amentem
995 2444 1034 2466 ac
1050 2444 1102 2468 va*-

228 2493 312 2517 num
323 2481 583 2526 Polychronium
595 2507 602 2514 .
629 2482 720 2529 Qid
735 2483 823 2516 enim
837 2481 966 2516 stultius
976 2508 986 2523 ‚
1005 2484 1102 2526 qnam

229 2530 298 2566 haec
309 2532 376 2575 ejus
385 2532 426 2567 ad
439 2532 627 2575 synodalem
638 2532 926 2576 interrogationem
939 2534 1102 2575 profeffio?

228 2585 295 2626 Ego
305 2581 506 2624 expositionem
512 2582 586 2624 fidet
604 2594 678 2615 meae
701 2583 738 2614 do
758 2590 791 2615 m
808 2592 890 2624 opere
901 2589 1006 2616 mortu}
1022 2607 1033 2623 ,
1059 2595 1102 2615 ro-

220 2635 306 2676 gans
312 2640 369 2674 pro
379 2643 412 2665 eo
428 2632 542 2665 Filium
555 2635 610 2664 Det·
619 2655 630 2670 ‚
655 2630 811 2675 utfitscitet
822 2644 886 2666 eum
897 2645 906 2674 ;
926 2633 973 2674 fin
997 2642 1100 2666 autem

230 2692 291 2714 mn
311 2680 521 2724 resurrexerit,
547 2693 609 2715 ecce
629 2705 640 2721 ,
667 2682 828 2715 Concilium
853 2684 887 2716 ό·
906 2685 1098 2725 Imperator,

225 2742 293 2773 quae
312 2736 354 2765 eis
368 2732 537 2774 placuerint
549 2755 559 2771 ,
584 2737 617 2763 m
633 2743 681 2765 me
684 2732 806 2774 faciant
818 2758 825 2765 .
854 2732 965 2767 Patres
988 2732 1096 2767 obstu-

229 2791 389 2823 puerunt,
415 2782 650 2825 dixeruntque:
678 2781 1096 2825 ‚Qualemfideiexpffitionem

223 2835 276 2863 vis
285 2829 379 2874 supra
397 2840 545 2865 mortuum
563 2839 695 2873 ponere,
720 2842 755 2865 ut
773 2831 908 2877 reficrgat
920 2858 930 2874 ,
957 2834 1094 2866 volumus

226 2880 375 2925 agnoscere
395 2907 402 2914 .
430 2880 474 2915 Et
495 2880 680 2924 prophanus
709 2882 908 2917 monachus:
934 2886 1001 2927 Ego
1018 2891 1094 2925 pono

227 2930 423 2970 expofinonem
433 2942 531 2965 meam
536 2931 630 2974 supra
638 2941 784 2965 mortuum
794 2955 805 2971 ‚
831 2935 865 2968 6·
875 2941 946 2966 tunc
958 2945 1024 2967 eam
1049 2945 1093 2967 re·

224 2977 342 3020 legetis.
368 2980 508 3015 Protulit
528 2980 603 3015 vero
624 2981 779 3016 bullatam
800 2979 983 3017 chartulam
1004 2982 1091 3017 bulla

225 3033 406 3068 exprimente
427 3042 662 3075 monogrammon
684 3032 863 3072 Polychrom‘i
891 3032 1067 3090 ffflf‘ffl’rls
1079 3059 1090 3076 ‚

223 3087 322 3118 quam
336 3078 486 3121 synodus
496 3080 662 3116 disbullari
675 3082 760 3124 juffit
772 3107 782 3123 ,
795 3084 829 3117 &
840 3084 906 3128 legi
914 3079 1090 3120 habentem

220 3123 275 3159 his
288 3126 408 3161 verbis.
432 3130 620 3169 Constantino
638 3133 659 3163 ἆ
683 3134 746 3165 Deo
762 3143 896 3166 coronato
909 3158 918 3173 ,
944 3133 978 3166 o·
1005 3145 1090 3167 man-

216 3174 369 3219 suetffmo
388 3189 498 3221 magno
514 3181 646 3222 Princlpi
670 3193 677 3213 t
702 3186 769 3226 Ego
790 3183 993 3221 Polychrontus
1013 3192 1090 3216 tam·

221 3225 452 3269 quampraesens
460 3226 558 3270 saluto
581 3231 616 3262 &²
626 3231 713 3263 adoro
724 3257 731 3264 .
759 3236 788 3264 Ε
792 3242 804 3264 t
816 3239 888 3275 quia
900 3235 968 3266 vidi
988 3235 1089 3266 multi·

217 3277 352 3310 tudinem
366 3282 498 3311 virorum
507 3279 732 3313 candidatorum
744 3304 754 3319 ,
771 3284 813 3315 'cb'
822 3287 854 3314 in
866 3284 959 3315 medio
973 3287 1086 3324 ‘cnr-um,

218 3327 301 3365 cujus
319 3333 463 3361 virtutem
473 3338 595 3359 narrare
617 3340 674 3360 non
696 3331 782 3362 valeo
794 3353 805 3369 ‚
830 3332 974 3364 dicentem
993 3332 1087 3373 mihi,

218 3374 337 3422 Qum
366 3375 547 3411 NOVAM
584 3378 681 3411 ΡΠ)
696 3378 723 3411 Ε
736 3379 775 3412 Μ
809 3373 1087 3423 (ῐοΜΡοΝιΤ,

216 3421 419 3462 FESTINA
448 3426 515 3460 ET
538 3427 622 3463 DIC
650 3429 956 3467 lMPERATORI
976 3431 1088 3467 CON—

2047 3365 2187 3402 L.2.c.3.
