2340 3762
620 180 931 239 Senonxs,
966 193 1029 226 ετ
1061 176 1252 225 Nous
1297 190 1672 230 utus-raan-

1925 187 1993 242 97

550 365 690 499 ,C
746 368 988 496 AN
1044 367 1133 451 o
1191 367 1289 454 N
1422 333 1676 452 xm.

339 588 405 635 Os
430 588 445 646 ξ
478 587 556 654 qui
591 584 792 651 dicuntur
827 585 1067 645 Eremitae3
1100 583 1179 652 qui
1214 581 1394 652 quidem
1417 582 1566 645 nigris
1603 581 1791 633 vestibus
1827 582 1971 636 induti
2017 589 2062 636 &

374 658 518 726 capite
558 660 722 708 comati
772 656 896 708 urbes
935 655 1101 705 obeunt
1125 690 1140 715 ‚
1187 658 1230 704 &
1281 671 1380 703 cum
1416 655 1524 704 viris
1571 649 1839 703 saecularibus
1874 672 1927 705 ac
1966 672 2061 705 mu-
2105 711 2109 715 ‚

232 725 412 775 lieribus
451 726 671 778 versantur
702 766 715 789 ,
750 732 794 779 δε
832 728 1016 797 propriae
1053 723 1301 795 profeffioni
1340 724 1507 774 faciunt
1548 724 1748 789 injuriam
1774 761 1788 784 ‚
1823 724 2061 788 statuimus,

231 794 264 844 s1
305 797 512 861 elegerint
548 797 726 865 quidem
766 798 900 848 tonsis
952 799 1089 848 comis
1131 795 1397 863 reliquorum
1442 793 1758 844 monachorum
1813 797 2063 844 arnifflmrru..

231 863 437 932 suscipere
459 903 474 927 ,
507 884 582 917 eos
618 870 664 916 in
706 867 962 918 monasterio
997 865 1201 915 constitui
1228 901 1242 926 ‚
1277 870 1321 915 &
1362 868 1476 914 inter
1514 864 1667 913 fratres
1707 864 1882 915 referri.

1925 863 2062 934 Qod

229 934 263 982 fi
299 935 383 984 hoc
416 953 507 988 non
541 937 750 999 elegerint
783 974 796 998 ‚
832 955 883 986 ex
918 935 1097 986 urbibus
1129 936 1286 1004 expelli
1311 973 1324 997 ‚
1360 940 1403 986 &
1438 934 1691 986 solitudines
1727 935 1925 988 habitare
1956 973 1970 998 ‚
2005 953 2060 986 ex

228 1003 389 1071 quibus
415 1005 495 1059 fibi
517 1009 652 1058 etiarn
680 1006 1057 1061 denominationes
1096 1006 1365 1057 confinxere.

452 1174 885 1222 Scuor1ou.

239 1347 242 1353 .
319 1316 483 1354 Dversum
494 1321 653 1364 ejusmodi
667 1323 828 1357 Eremitas
839 1321 950 1356 scribit
960 1320 1061 1355 etiam
1074 1320 1108 1353 in

345 1369 463 1405 litteris
472 1369 513 1405 ad
524 1372 751 1408 Heliodorum
763 1370 963 1407 monachum
974 1371 1108 1405 Sanctus

226 1415 455 1460 Hieronymus
477 1445 485 1452 .
531 1425 741 1463 Interpretare
760 1421 932 1454 vocabulum
951 1419 1108 1458 monachi,

225 1462 277 1496 boc
285 1464 344 1506 est,
369 1477 474 1500 nomen
482 1477 584 1501 tuum:
611 1470 788 1513 ,Qutdfacis
810 1475 843 1501 ln
855 1468 968 1508 rurba,
992 1473 1043 1510 qui
1059 1465 1107 1510 fh-

225 1512 316 1547 lases
330 1514 347 1547 ,2
372 1516 462 1550 Etin
486 1517 602 1552 litteris
627 1518 668 1553 ad
690 1518 865 1552 Rusticum
885 1516 1105 1553 monachum.

226 1563 304 1596 Mihi
322 1568 464 1607 oppidum
499 1579 595 1602 carcer
611 1569 666 1609 est,
706 1571 741 1603 ό*
768 1567 894 1611 sblitudo
915 1568 1104 1612 Paradisus.

225 1614 316 1655 ‚Quid
324 1613 517 1657 defideramus
539 1618 656 1652 urbium
670 1619 878 1661 frequentlam
891 1644 903 1660 ‚
929 1625 979 1662 qui
1001 1621 1038 1652 de
1051 1617 1107 1661 fin·

147 1670 155 1680 ·
190 1671 196 1678 ·
220 1664 386 1705 gularitate
394 1665 564 1709 censemur?
591 1668 634 1702 Et
646 1669 686 1703 de
697 1670 814 1703 Sancto
828 1669 952 1712 Joanne
965 1668 1108 1712 Chryso-

224 1712 333 1747 ssomo
358 1716 468 1750 scribit
479 1716 635 1751 Hermias
647 1719 860 1753 Zozomenus
870 1746 877 1752 .
907 1723 970 1753 Eos
981 1744 991 1760 ,
1011 1724 1064 1762 qui
1075 1724 1108 1752 in

224 1763 406 1803 monasteriis
421 1764 487 1807 suis
511 1767 634 1807 modeste*
659 1767 912 1819 conquiesterent,
945 1778 1035 1812 atquo
1061 1771 1108 1801 ita

219 1810 518 1856 philosopharentur,
544 1817 845 1862 magntssfi'cdsoannet
868 1818 1036 1859 laudabat,
1061 1826 1109 1851 at-

225 1873 280 1905 que
305 1865 496 1898 utanemine
505 1865 705 1908 Iaederemur,
730 1868 931 1911 haberentque
940 1870 1105 1911 necessaria,

218 1910 332 1955 solicite*
338 1915 519 1956 procurabat
528 1928 543 1957 ;
568 1925 602 1949 at
609 1915 640 1958 fi
646 1917 859 1960 quando'firar
871 1920 1080 1963 egrederentur
1096 1944 1107 1960 ‚

222 1974 259 1995 ac
270 1970 328 2005 per
338 1965 440 1998 urbem
461 1961 690 2009 conspicerentur
702 1992 713 2008 ‚
739 1976 803 2003 tum
812 1974 883 2010 eos‚‘
910 1968 993 2012 quasi
1011 1969 1106 2002 Philo*

216 2010 353 2055 sophiam
369 2013 458 2058 suam
480 2017 619 2052 dedecore
636 2019 804 2060 afficerent,
828 2025 967 2053 convitiis
975 2018 1106 2063 proscin-

222 2062 335 2101 debat,
357 2066 390 2097 Θ
410 2065 454 2096 ad
469 2064 526 2107 sua
545 2068 743 2109 propellebat.
770 2068 972 2111 Hujusmodi
994 2081 1105 2103 mona-

222 2110 361 2146 chorum
370 2112 439 2147 dux
449 2113 587 2150 isaacius
597 2118 762 2160 optimum
773 2127 895 2162 patrem
909 2143 919 2159 ‚
938 2130 1105 2163 tamquam

222 2162 337 2195 saevum
347 2186 358 2203 ,
385 2162 576 2199 iracundum
586 2191 597 2207 ,
623 2177 829 2212 arrogantem
842 2193 853 2208 ,
865 2168 1022 2204 brutalem
1035 2167 1106 2203 ubi-

219 2222 286 2254 que
303 2211 469 2254 traduxit,
495 2215 822 2252 &calumniofiffime
841 2219 875 2251 in
898 2219 1036 2262 Synodo
1062 2218 1102 2252 ad

221 2261 391 2308 Qercum
412 2266 587 2299 accusavit.
615 2267 727 2314 Qare
747 2268 866 2302 merito
888 2268 1041 2312 Episcopi
1063 2268 1104 2303 ab

219 2309 383 2354 Ephesma
395 2314 532 2357 synodo
544 2315 585 2350 ad
599 2315 787 2360 Principem
799 2317 1030 2353 Theodosium
1045 2319 1104 2353 Le-

219 2361 288 2405 gati
302 2361 336 2394 in
359 2363 423 2396 suis
444 2364 484 2398 ad
505 2366 653 2400 eamdem
675 2367 848 2410 Synodum
871 2367 1103 2403 Relationibus

219 2410 354 2444 laudant
373 2412 580 2449 Dalmatium
602 2415 927 2458 Archimandritam‚
963 2419 1019 2462 qui
1049 2427 1103 2461 per

221 2472 314 2504 annos
324 2461 468 2506 otlogtnta
487 2463 611 2508 reclusus
622 2467 710 2500 extra
731 2467 894 2506 monasterii
908 2466 996 2511 septa
1017 2481 1102 2502 num-

220 2521 312 2551 quam
319 2513 427 2552 pedem
436 2515 602 2548 extulerat.
630 2516 786 2561 Legenda
808 2518 853 2552 est
875 2518 1006 2565 elegans
1027 2520 1102 2564 Epi-

221 2558 303 2593 stola
327 2560 699 2603 SanffiPetriDatniani
722 2568 761 2602 ad
774 2568 969 2604 Teuzonem
988 2581 1101 2604 mona·

220 2607 321 2643 chum
332 2611 561 2648 Florentinum
573 2640 580 2647 .

271 2659 374 2693 Porro
386 2663 487 2706 nigra:
499 2665 598 2699 vestes
609 2666 679 2700 sunt
692 2667 846 2709 antiquus
856 2669 1007 2704 omniurn
1030 2681 1100 2704 mo-

222 2707 400 2744 nachorum
427 2722 523 2756 atque
549 2715 785 2751 monacharum
811 2719 928 2759 color,
964 2720 1005 2754 de
1032 2731 1099 2763 quo

223 2759 381 2803 Sulpitius
392 2762 526 2797 Severus
544 2765 578 2798 in
593 2765 747 2812 Dialogis
759 2792 769 2808 ,
795 2780 898 2813 agens
917 2768 958 2803 de
980 2771 1096 2804 Sancto

221 2806 370 2844 Martino
382 2812 546 2848 monacho
557 2815 591 2848 ὅ(
602 2816 840 2852 monachorum
860 2819 894 2852 in
909 2819 1026 2854 Galliis
1037 2820 1098 2863 pri-

222 2866 280 2890 mo
291 2862 437 2895 austere:
464 2866 632 2898 Martinam
649 2872 682 2899 in
691 2867 768 2908 veste
789 2867 925 2911 hispida,
955 2876 1038 2914 nigro
1064 2871 1097 2906 <9¹

120 2905 131 2926 ¹
139 2905 186 2931 99·
218 2909 345 2963 p‘ndf‘l?
352 2912 444 2951 pallia
454 2916 668 2949 circumtecqum
680 2919 785 2951 vident
796 2943 803 2949 .
828 2919 873 2954 Et
885 2914 919 2954 iri
929 2920 1046 2954 litteris
1056 2918 1096 2953 ad

224 2954 390 2992 Ecdiciam
410 2964 546 2997 sanctus
558 2966 762 3010 Augustinus
773 2966 890 3002 diserte
911 2969 1023 3004 scribit
1044 2982 1097 3004 ve-

212 3002 274 3042 stes
298 3010 421 3051 nigellas
435 3014 496 3046 effe
516 3015 664 3049 monache
686 3019 908 3053 indumentum.
936 3020 1029 3054 Hinc
1054 3020 1096 3055 de

52 3053 101 3089 EP-
118 3060 164 3087 23·
219 3054 347 3090 Blesilla
359 3060 558 3096 monasticen
570 3064 710 3109 adgressa
731 3065 776 3101 ait
786 3069 918 3103 sanstus
930 3071 1096 3113 Hierony-

220 3114 310 3139 mus:
339 3110 427 3142 Pulla
436 3117 554 3153 tunica,
578 3114 640 3147 cum
650 3116 731 3149 humi
742 3120 895 3160 jacuerit,
919 3122 1016 3153 minus
1034 3119 1095 3163 βτ-

218 3154 357 3190 dtdatur.
386 3160 429 3193 Et
439 3158 480 3193 de
491 3161 605 3196 Sancta
615 3162 724 3201 Afella
740 3180 750 3200 .·
777 3171 917 3202 Tunicam
921 3170 1094 3211 furviorem

217 3205 326 3261 induta
331 3204 366 3250 se
375 3217 493 3251 repente
516 3212 637 3245 Domino
657 3215 855 3258 consecravit.
883 3219 929 3254 Et
943 3220 1094 3257 adversus

220 3253 430 3296 jovinianum
441 3259 640 3295 monachum
652 3262 845 3307 Apostatam
858 3292 869 3307 ,
894 3268 957 3309 jam
977 3269 1010 3302 in
1023 3270 1095 3304 Gle-

220 3314 257 3336 ro
278 3305 517 3344 luxuriantem:
544 3314 656 3345 Tunica
673 3321 777 3354 pexa,
796 3318 831 3349 (9⁴
852 3322 938 3361 nigra
955 3312 1092 3360 subucula

222 3353 409 3400 vestiebaris,
430 3370 507 3393 nunc
517 3362 605 3394 lineis
616 3363 649 3397 (ν
653 3361 752 3405 sericis
764 3364 888 3405 vestibus
907 3377 1029 3401 ornatus
1048 3375 1094 3402 in-

54 3395 204 3432 1--2·C·¹3⁴
223 3405 322 3439 cedis.
360 3408 404 3443 Et
436 3409 476 3444 ad
509 3411 734 3455 Nepotianum
757 3414 925 3450 Clericum
949 3415 1093 3451 Ecclcfiae

227 3453 456 3500 Aquilejenfis:
484 3460 577 3500 Vestes
589 3462 689 3503 pullas
711 3467 795 3505 aeque
814 3466 919 3499 devita
939 3477 974 3500 ae
995 3470 1093 3501 candi-

2 3519 10 3762 χ
305 3534 307 3537 .
324 3507 424 3548 Cbrtst.
435 3512 510 3552 Lupi
522 3514 602 3553 Oper.
616 3515 692 3546 Tom.
702 3516 756 3548 III.

53 2898 102 2934 Ep.

51 3283 100 3319 Ep.
126 3289 168 3316 15.

1179 1171 1256 1203 das.
1282 1169 1386 1219 Qod
1398 1169 1529 1216 nigrum
1543 1168 1680 1214 pallium
1693 1192 1703 1208 ‚
1729 1166 1778 1203 uti
1789 1166 1830 1203 ad
1845 1164 2062 1202 Eustochium
2078 1190 2129 1228 Ep·
2151 1200 2180 1220 ΖΙ

1176 1220 1284 1256 scribit
1297 1245 1308 1261 ,
1319 1222 1396 1256 effet
1406 1221 1550 1256 solorum
1564 1217 1824 1255 monachorum.
1852 1218 1995 1253 Causam
2005 1217 2063 1253 dat

1176 1272 1210 1303 in
1221 1271 1339 1305 litteris
1351 1271 1392 1305 ad
1404 1271 1557 1306 Marcum
1574 1269 1805 1312 Presbyterum
1825 1268 2060 1303 Celedensem:

1176 1320 1279 1366 Qod
1290 1319 1448 1355 monachi
1466 1320 1563 1360 vestis
1573 1319 1610 1354 fit
1626 1325 1725 1353 tunica
1734 1323 1903 1361 penitentis
1915 1343 1922 1350 .
1948 1318 2062 1352 Etiam
2080 1308 2127 1343 Ep.
2145 1315 2193 1335 ²²·

1176 1371 1329 1404 Sanctum
1361 1370 1575 1415 Fulgentium
1609 1368 1811 1404 monachum
1841 1369 1940 1413 nigro
1968 1368 2063 1402 usum
2078 1357 2105 1378 ‘³'
2126 1357 2170 1375 ¹²¹

1174 1418 1266 1451 fuiffie
1287 1419 1389 1462 pallio
1407 1419 1518 1453 scribit
1538 1419 1573 1452 in
1591 1418 1660 1460 ejus
1685 1418 1751 1452 vita
1774 1416 2065 1461 Auster-incogni-

1173 1476 1223 1500 tus
1237 1490 1249 1506 ,
1273 1478 1307 1501 at
1330 1467 1587 1510 probatiffimus.
1612 1466 1745 1501 Eodem
1764 1467 1887 1510 semper
1919 1467 1975 1501 usa
1994 1466 2063 1506 est,

1174 1515 1251 1550 licet
1272 1516 1403 1561 Regula
1414 1518 1580 1562 permittat
1590 1527 1725 1551 omnem
1742 1517 1892 1551 nativum
1910 1515 1993 1552 lanae
2010 1527 2067 1551 co-

1174 1567 1296 1608 lorem,
1324 1569 1408 1602 sacra
1432 1578 1578 1612 propago
1590 1566 1900 1601 SanstiBenediffi.
1930 1566 1974 1600 Et
1985 1565 2066 1600 hinc

1173 1616 1212 1650 de
1225 1615 1379 1651 omnibus
1393 1618 1587 1662 generaliter
1598 1616 1741 1651 Francia:
1756 1614 1929 1650 monachis
1950 1616 2066 1650 statuit

1173 1666 1284 1700 Gualo
1312 1667 1520 1707 Cardinalis‚
1553 1666 1700 1711 Legatus
1729 1665 1895 1700 Paschalis
1930 1666 2063 1700 secundi

1175 1716 1369 1751 Pontificis:
1392 1717 1531 1751 Monachi
1541 1722 1644 1759 cappls
1658 1728 1716 1749 non
1730 1721 1825 1760 nigris
1837 1717 1874 1749 de
1887 1724 1997 1749 caetero
2005 1727 2064 1749 non

1173 1776 1315 1800 utantur.
1342 1767 1474 1811 Nempe
1496 1767 1652 1801 omnibus
1665 1777 1719 1810 per
1730 1767 1820 1800 suam
1837 1764 2065 1800 monarchiam

1173 1814 1344 1851 monachis
1366 1817 1473 1851 Sanffi
1493 1816 1659 1851 Benedicti
1680 1816 1844 1861 Regulam
1882 1816 1916 1851 &
1937 1815 2063 1850 vestem

1174 1867 1370 1911 imposuerat
1386 1867 1526 1902 Carolus
1539 1867 1687 1911 Magnus
1698 1891 1705 1899 .

1224 1915 1280 1951 Ad
1295 1927 1421 1951 annum
1452 1927 1564 1952 tamen
1593 1915 1756 1958 Domini,
1797 1927 1864 1962 quo
1896 1915 2060 1951 Pontifex

1171 1976 1295 2001 creatus
1317 1969 1362 2003 est
1384 1966 1550 2002 Paschalis
1570 1968 1618 2001 sec
1645 1967 1747 2005 ndns,
1773 1966 1982 2001 millefimum
2002 1978 2061 2000 no·

1172 2018 1371 2062 nagefimum
1390 2028 1517 2051 nonum
1534 2017 1643 2051 scribit
1668 2018 1700 2051 ‘n
1727 2017 1870 2050 Mariani
1896 2017 1986 2051 Scoti
2009 2028 2064 2060 ap·

1171 2066 1307 2109 pendice
1319 2066 1431 2101 Abbas
1442 2065 1683 2102 Dodechinus.
1711 2070 1763 2099 HJJ
1782 2067 1961 2109 temporibus
1982 2079 2064 2100 exor-

1170 2125 1203 2148 ta
1227 2116 1265 2157 est
1281 2115 1362 2160 sec‘la
1383 2116 1610 2157 monachorum,
1637 2123 1692 2161 qut
1757 2129 1774 2149 *ι
1787 2123 1883 2160 nigris
1894 2141 1905 2158 ‚
1926 2116 1985 2160 sed
2000 2121 2064 2160 gri-

1166 2165 1228 2210 seis
1249 2169 1411 2201 induuntur
1425 2168 1606 2208 vestimentis
1619 2192 1629 2209 ,
1660 2169 1743 2208 cuius
1756 2179 1775 2198 a
1825 2179 1854 2200 or
1877 2167 1990 2211 exstitit
2001 2172 2064 2209 qui-

1171 2218 1244 2249 dam
1267 2219 1385 2257 Adam,
1407 2227 1441 2251 ut
1458 2219 1574 2252 dicunt.
1611 2217 1834 2252 successerunt
1914 2217 1993 2258 alii,
2019 2217 2063 2251 de

1170 2267 1290 2310 quibus
1301 2268 1337 2302 in
1350 2267 1511 2312 Sigeberti
1525 2267 1768 2302 Gemblacenfis
1790 2267 1969 2311 appendice
1994 2267 2062 2300 Ro·
2114 2303 2119 2308 ,

1170 2315 1279 2354 bertus
1290 2317 1403 2351 Abbas
1413 2318 1601 2352 Montensis
1614 2342 1621 2349 .
1650 2321 1733 2351 Erat
1743 2322 1821 2351 circa
1833 2316 1897 2350 baec
1907 2325 2039 2359 tempora
2048 2342 2060 2359 ,
2076 2302 2111 2332 A*
2123 2310 2133 2330 ¹
2145 2310 2176 2337 ¹3
2187 2312 2208 2330 ¹·

1164 2367 1292 2407 pulchra
1303 2369 1336 2400 ὁ·
1357 2370 1460 2401 decora
1466 2367 1567 2409 facies
1585 2366 1738 2409 Ecclefiae,
1764 2365 1948 2410 diversorum
1972 2369 2059 2400 Ordi-

1169 2428 1241 2450 num
1251 2429 1286 2450 ac
1292 2417 1494 2459 profeffionum
1507 2419 1690 2451 circumdata
1703 2424 1852 2451 varietate
1865 2441 1877 2457 ,
1902 2418 1975 2451 dum
1989 2416 2060 2451 binc

1171 2467 1466 2511 Praemonstratenses
1479 2492 1490 2509 ,
1515 2467 1584 2501 binc
1596 2465 1798 2510 cistercienses
1811 2492 1822 2509 ,
1848 2469 1920 2501 ind?
1931 2469 2058 2503 Clunia-

1169 2516 1264 2560 censes
1275 2517 1410 2550 monachi
1421 2543 1432 2559 ,
1459 2526 1522 2551 tum
1534 2520 1567 2551 Θ
1584 2516 1695 2559 diverfi
1701 2518 1823 2551 habitus
1834 2528 1870 2551 ac
1876 2517 2057 2560 profiffeonis

1169 2568 1428 2613 sanc‘limonialesf
1458 2567 1606 2602 Aderant
1630 2568 1664 2601 &
1679 2568 1997 2610 Grandimontenses
2022 2569 2057 2603 δε

1169 2615 1407 2654 Carthufienses
1421 2642 1431 2658 ,
1457 2617 1590 2652 tandem
1600 2620 1798 2653 accesserunt
1816 2619 1896 2652 varii
1918 2618 2054 2652 fratrum

1168 2668 1426 2702 mendicantium
1443 2666 1608 2709 Ordines,
1634 2678 1734 2712 atque
1758 2669 1800 2703 ita
1819 2669 1906 2702 inter
1936 2667 2055 2701 Cister-

1167 2719 1291 2752 cienses
1306 2717 1339 2751 &
1351 2719 1460 2752 fratres
1470 2718 1621 2752 Minores
1632 2719 1764 2763 quaestio
1776 2743 1786 2759 ‚
1803 2718 1845 2753 de
1857 2730 1920 2762 qua
1934 2717 2055 2751 Mona-

1167 2766 1247 2801 chus
1261 2768 1516 2806 Ersordienfisin
1528 2768 1753 2804 additionibus
1776 2768 1816 2802 ad
1841 2767 2053 2801 Lambertum

1167 2815 1501 2862 schafnaburgensem
1513 2844 1524 2860 ‚
1551 2819 1583 2852 &
1596 2819 1717 2852 Paulus
1729 2818 1877 2862 Langius
1896 2817 1931 2850 in
1957 2816 2053 2852 chro-

1167 2868 1244 2902 nico
1262 2868 1406 2902 Ecclefiae
1419 2869 1606 2903 Citizenfis.
1636 2866 1733 2911 Grisei
1748 2866 1904 2906 monachi,
1932 2866 2054 2902 Cister·
2067 2876 2101 2906 A.
2124 2886 2206 2914 ¹257-

1165 2918 1283 2952 tienses
1293 2918 1446 2953 videlicet
1458 2943 1468 2958 ,
1484 2925 1529 2962 *in
1542 2920 1668 2951 Concilio
1690 2918 1816 2951 ordinis
1834 2918 1970 2960 generali
1988 2917 2051 2958 sta-

1165 2977 1286 3003 tuerunt
1298 2978 1400 3006 cantra
1422 2973 1554 3003 Mmores
1574 2967 1712 3009 fratres,
1735 2967 1817 3007 quod
1837 2965 1982 3011 nusquam
2007 2969 2055 3002 ad

1165 3017 1290 3061 hospitia
1312 3019 1453 3052 deberent
1470 3017 1581 3061 suscipi·
1603 3019 1654 3052 vel
1669 3018 1816 3056 admitti:
1846 3017 1977 3062 Utique
2003 3017 2049 3062 ob

1170 3068 1361 3112 parilitatem
1382 3068 1500 3103 coloris
1533 3068 1567 3100 in
1601 3065 1729 3102 habitu.
1770 3068 1942 3110 Antiquitas
1969 3074 2049 3105 enim

1166 3120 1199 3152 (π
1209 3116 1471 3160 ipfiCistercienfis
1481 3116 1577 3158 floccos
1593 3116 1739 3161 gesserunt
1745 3116 1876 3161 griseos,
1901 3126 1933 3150 ut
1956 3116 2047 3163 usque

1165 3169 1249 3202 hodie
1266 3173 1298 3200 in
1320 3167 1493 3200 monialibus
1519 3177 1616 3200 eorum
1639 3173 1768 3203 cernitur
1794 3169 1829 3202 (5
1849 3165 2048 3211 observatur,

1163 3223 1227 3262 quae
1239 3229 1336 3250 omnes
1346 3218 1462 3250 cucullis
1477 3225 1599 3250 utuntur
1619 3216 1729 3261 griseis
1743 3242 1750 3249 .
1776 3216 1867 3251 Tam
1876 3219 1972 3263 rigidi
1989 3219 2048 3256 ssa-

1164 3269 1224 3302 tuti
1248 3269 1375 3301 causam
1388 3267 1623 3310 proximiorem
1636 3267 1771 3302 adducit
1782 3266 1965 3303 chronicon
1987 3268 2045 3302 Pa-

1166 3328 1252 3352 trum
1276 3316 1525 3350 Praedicatorum
1547 3316 1838 3362 Colmarienfium.
1887 3318 2042 3353 Tandem

1168 3367 1394 3401 cistercienses
1412 3366 1577 3410 adsumpta
1592 3367 1684 3413 nigra
1695 3368 1823 3403 cuculla
1840 3368 1930 3404 litem
1951 3368 2045 3402 finie-

1167 3426 1258 3450 runt.

1216 3466 1378 3502 Adversus
1390 3467 1578 3513 vagantium
1591 3468 1807 3504 Eremitarum
1820 3467 1903 3511 pilos
1930 3466 1963 3499 &
1976 3465 2045 3502 bar·

1606 3517 1640 3552 N
1940 3516 1995 3551 bas
