2340 3762
92 299 163 335 Cap.
181 306 206 334 ς.

76 1621 214 1662 Epist-10·

76 2040 167 2081 Epist·
185 2050 210 2079 ς·

15 2941 21 2946 “
85 2936 220 2976 Epist.85.

87 3051 189 3092 Epist.1
198 3056 244 3085 18.

651 172 956 228 Scuomrs,
993 181 1055 214 ετ
1087 166 1282 214 Nous
1317 180 1691 221 urus-snam.

1922 179 2019 236 289

269 255 516 299 redemptionibus
539 258 688 300 deputata
709 280 716 290 .
743 255 953 291 Arvernenfis
978 254 1059 290 dicit
1084 253 1148 288 effe
1212 252 1318 294 probet
1330 277 1342 294 ,
1366 255 1528 295 inducunt,
1555 255 1730 289 &clericos
1750 256 1840 299 buius
1861 259 2011 292 moderna
2033 266 2094 295 viae

263 309 428 351 Egentium
434 306 631 351 substantiam
643 333 654 348 ,
680 309 714 341 in
726 319 823 351 quam
838 307 928 341 nulla
945 306 981 340 fit
999 303 1147 350 Regibus
1213 309 1294 336 viros
1307 314 1470 348 arrogant,
1494 311 1544 346 qui
1553 305 1652 338 domos
1684 306 1719 338 (δ’
1729 309 1858 340 vineolas
1863 306 1938 351 suas
1950 311 1996 341 ad
2001 309 2096 350 infor-

264 358 423 400 potestas.
452 357 597 392 Plurima
619 357 777 392 habemus
801 357 836 391 δε
858 357 1022 391 sacrorum
1036 355 1143 389 cana

265 417 369 447 num,
396 408 430 441 δε
456 408 639 442 sanstorum
665 408 800 442 Patrum
826 407 904 441 talia
932 406 1143 441 testimonia.-

265 456 388 495 Omnis
398 459 531 502 antiqua
541 456 770 492 Christianitas
791 468 860 492 uno
870 467 926 490 ore
936 456 1058 491 clamat
1085 457 1146 491 Ec-

265 505 448 542 clefiasticae
459 506 643 543 substantiae
664 518 807 553 raptores
817 508 939 548 laicos,
964 518 1002 541 ac
1029 517 1144 551 pravos

263 556 500 601 dispensatores
527 558 706 602 Episcopos
731 559 794 593 effe
819 558 904 592 fures
932 582 944 599 ,
979 558 1142 596 latrones,

263 617 442 654 pauperum
456 618 637 648 necatores,
666 609 780 645 ssmiles
800 606 887 652 Judae
909 604 1143 650 Pseudo-Apo·

262 656 371 697 stolo,
398 668 435 690 ac
453 657 596 700 Iudaicis
618 658 836 694 Pontificibus
854 683 866 699 ‚
892 659 979 693 sacra
1004 658 1142 701 pecunia

260 706 448 743 ementibus
461 707 632 743 Romanos
644 708 764 744 milites
789 708 829 743 ad
855 708 994 752 simplici
1019 706 1142 751 populo

260 753 304 791 de
332 757 474 791 Domini
501 759 601 792 nostri
624 754 699 803 *Jesu
736 757 860 794 Christi
895 757 1142 796 Resurrectione

260 805 509 843 mentiendum.
538 808 604 843 Uti
616 808 661 843 ob
672 808 767 844 aliter
787 807 964 843 insolubile
986 806 1141 841 Ecclefia-

262 867 337 890 tum
350 857 495 891 alienum
509 869 567 896 aes,
596 857 642 896 ita
651 859 750 895 etiam
761 858 806 893 ob
818 859 910 892 aliter
940 854 1141 899 inadjuvabi·

259 905 497 948 lespauperum
508 906 704 942 neceffitates
729 907 824 941 vendi
850 905 1001 947 quamvis
1020 906 1139 939 sacram

259 953 495 994 substantiam,
521 955 607 998 ipsos
618 966 749 999 quoque
772 955 945 990 Dominici
967 954 1140 999 Sanguinis

257 1002 434 1046 portitores
445 1003 582 1044 calices,
609 1005 749 1048 permisit
760 1016 837 1040 cum
859 1005 974 1040 nostro
996 1005 1144 1040 Canone.

257 1054 371 1091 omnis
380 1052 485 1092 fidelis
495 1055 693 1098 antiquitas,
719 1055 808 1100 quod
820 1067 937 1100 nempe
958 1055 999 1091 ad
1024 1066 1140 1099 paupe·
1159 1068 1162 1072 ·

257 1113 312 1137 res
334 1114 426 1147 aequo
451 1115 526 1138 cum
543 1105 678 1139 Clericis
704 1105 772 1148 jure
801 1106 1015 1149 pertinerent.
1042 1105 1137 1140 Hinc

257 1152 340 1186 item
363 1153 498 1190 Sanetus
508 1153 666 1198 Prosper,
692 1155 745 1190 v⁴el
766 1155 978 1199 quivisalius
1002 1155 1045 1190 de
1071 1155 1137 1190 vita

257 1203 512 1247 contemplativa
523 1203 683 1240 librorum
694 1205 805 1240 doctus
813 1206 849 1240 ὃς
858 1206 1014 1250 antiquus
1024 1207 1136 1241 audior

257 1252 408 1290 Clericos
432 1254 605 1290 sufficienti
622 1256 825 1298 patrimonio
851 1255 1021 1291 instructos
1048 1264 1136 1290 vetat

256 1303 368 1337 vivere
379 1315 421 1337 ex
431 1303 528 1338 honis
541 1304 704 1339 Ecclefiaez
733 1306 787 1341 Ex
798 1305 1011 1341 Constantini
1022 1304 1137 1350 Augu-

255 1349 318 1391 sti,
346 1353 432 1388 solos
441 1355 641 1398 pauperesin
656 1354 791 1390 Clerum
818 1355 913 1390 scribi
926 1355 1111 1391 mandantis
1125 1379 1137 1397 ,

252 1400 329 1447 lege
340 1402 486 1448 loquitur
495 1428 507 1445 ,
533 1414 691 1449 putatque
701 1404 743 1439 ab
754 1405 808 1439 illa
820 1406 941 1447 vidium
951 1406 1050 1440 istum
1060 1405 1136 1441 solis

252 1453 448 1497 pauperibus
460 1454 604 1497 permitti
617 1479 624 1485 .
652 1453 777 1488 Verum
789 1453 855 1486 hac
864 1456 909 1487 est
920 1454 988 1494 ejus
1009 1456 1134 1495 privata

252 1500 417 1536 sententia
442 1527 453 1547 ,
492 1503 528 1536 in
555 1502 650 1538 sacris
676 1501 872 1538 Canonibus
911 1513 982 1537 non
1009 1499 1134 1538 habens

251 1548 523 1588 fimdamentum.

303 1602 412 1636 Addit
447 1601 628 1646 Stephanus
667 1603 850 1648 Episcopus
884 1604 1103 1639 Tornacenfis
1119 1628 1126 1636 .

254 1651 342 1693 ,Quia
363 1663 421 1684 non
438 1651 535 1693 solum
556 1653 796 1696 ignominiosum,
819 1653 879 1697 sed
900 1652 1134 1696 &periculosum

252 1699 423 1744 efficonstat
434 1724 446 1740 ‚
465 1700 614 1743 stipendia
624 1702 821 1746 Ecclefiastica
831 1728 842 1744 ,
861 1714 930 1746 quae
936 1700 1008 1746 sunt
1019 1703 1133 1737 tributa

252 1756 405 1794 egentium
425 1756 615 1793 animarum,
640 1759 673 1787 in
692 1761 795 1796 turpes
816 1752 1040 1794 &detestabiles
1064 1752 1132 1797 usus

252 1797 452 1842 consummari
472 1803 507 1835 Θ
515 1800 639 1845 consumi
649 1827 660 1843 ‚
671 1805 858 1838 decrevimus
868 1810 1012 1839 communi
1022 1803 1133 1844 confilio

253 1852 391 1891 Capituli
401 1850 488 1892 nostri
497 1852 614 1886 domum
626 1855 766 1887 mundari
776 1855 796 1886 ἆ
801 1854 960 1895 pollutione
976 1853 1107 1896 sordium
1121 1876 1132 1892 ,

250 1900 288 1933 ὁ·
298 1903 491 1935 immunditia
499 1903 640 1945 lupanari
653 1928 661 1936 .
683 1904 784 1938 Hanc
797 1903 1040 1938 immunditiam
1050 1902 1131 1936 dicit

251 1949 313 1984 effe
334 1950 494 1986 luxuriosa
522 1963 559 1987 ac
581 1954 756 1999 superfluas
779 1954 984 1990 Clericorum
1009 1953 1132 1994 vestes,

249 1999 294 2033 de
308 2000 426 2044 quibus
445 2002 479 2035 in
491 1964 640 2046 {pistola
662 2005 702 2039 ad
715 2004 900 2039 Falconem
912 2004 1133 2050 Lingonenfis

250 2047 402 2085 Ecclefiae
425 2049 735 2088 Archi-Diaconum
771 2055 902 2089 Sanctus
928 2055 1127 2089 Bernardus.

251 2098 340 2132 Reeie
352 2123 363 2139 ,
390 2105 460 2142 quia
474 2099 573 2143 surgIs
591 2105 638 2135 ad
655 2105 780 2147 Vigilias
801 2126 812 2142 ,
836 2106 931 2137 vadis
951 2105 995 2137 ad
1004 2105 1126 2149 MIffas,

251 2146 332 2182 boris
340 2148 456 2182 chorum
469 2150 615 2185 nocturnis
633 2152 804 2196 diurnisque
819 2152 999 2197 frequentas
1010 2179 1018 2186 .
1046 2155 1130 2188 Bene*

250 2197 331 2241 facis
342 2223 353 2239 ‚
372 2199 404 2240 fi
421 2199 554 2242 Ecclesia
579 2202 782 2236 Praebendam
796 2209 899 2246 gratis
918 2214 977 2237 non
999 2209 1125 2245 accipis.

254 2251 389 2292 Dignum
407 2250 468 2291 est,
494 2260 527 2284 ut
550 2257 621 2295 quia
643 2254 750 2287 altario
774 2252 907 2295 deservit
927 2279 937 2294 ‚
965 2255 1003 2287 de
1023 2255 1132 2287 altario

253 2303 364 2331 vivat.
389 2301 565 2335 Conceditur
574 2303 730 2347 ergotibi,
755 2312 790 2337 ut
793 2302 822 2344 fi
829 2303 900 2338 bene*
912 2302 1065 2346 deservis,
1093 2305 1132 2337 de

252 2349 363 2381 altario
375 2355 469 2383 vivas
480 2375 491 2391 ,
518 2363 576 2385 non
595 2362 692 2386 autem
711 2354 792 2388 utde
814 2356 921 2387 altario
943 2353 1105 2386 luxurieris
1121 2379 1132 2395 ‚

250 2408 312 2431 mn
331 2406 365 2431 ut
375 2400 412 2433 de
432 2401 543 2433 altario
553 2400 710 2444 superbias
723 2428 734 2444 ,
760 2412 795 2437 ut
815 2405 887 2437 inde*
918 2411 1064 2446 compares
1075 2404 1132 2437 tibi

247 2444 354 2488 frana
364 2460 455 2484 aurea
466 2474 476 2490 ‚
496 2449 588 2494 sellas
600 2452 729 2495 depic‘ias
742 2477 753 2494 ,
778 2453 909 2487 calcaria
918 2455 1122 2497 deargentata,

253 2503 345 2530 varia
358 2498 512 2542 griseaque
530 2503 652 2541 pellicea
674 2506 695 2536 ἃ
717 2505 784 2537 collo
807 2505 844 2538 (9*
862 2504 999 2537 manibus
1025 2513 1131 2537 ornatu

248 2553 400 2588 purpureo
410 2549 607 2592 diverfi‘ficata
617 2578 624 2585 .
650 2556 783 2596 Denique
795 2555 945 2597 quidquid
958 2561 1072 2596 praeter
1086 2565 1134 2587 ne-

254 2598 402 2638 cessarium
413 2599 525 2631 viilum
542 2614 578 2635 ac
581 2601 739 2645 simplicem
759 2604 896 2644 vestitum
907 2605 945 2637 de
965 2605 1077 2637 altario
1089 2615 1134 2637 re-

254 2650 333 2680 tines
346 2672 356 2687 ,
383 2656 465 2681 tuum
486 2660 543 2682 non
563 2651 621 2692 est,
648 2656 760 2695 rapina
781 2653 819 2693 est
831 2678 842 2693 ‚
862 2651 1049 2697 sacrilegium
1075 2652 1132 2693 est.

253 2694 375 2730 Multis
395 2698 537 2734 ostendit
549 2699 779 2737 beneficiatum
793 2702 962 2737 Clericum
984 2701 1133 2746 necessario

254 2744 337 2779 villu
347 2745 507 2791 acfimplici
517 2750 620 2791 vestm
638 2751 755 2787 debere
767 2754 828 2788 esse
843 2750 983 2787 omnino
997 2764 1133 2789 conten-

255 2801 326 2830 tum
339 2821 347 2828 .

258 2891 268 2900 ι
306 2846 440 2901 Decreti
451 2850 499 2883 sui
507 2850 647 2886 radicem
657 2851 783 2898 detegit
796 2852 945 2889 laudatus
955 2851 1136 2898 Stephanus

257 2904 295 2926 in
316 2894 429 2931 litteris
450 2898 491 2933 ad
515 2899 741 2936 Alexandrum
761 2898 894 2938 tertium
917 2903 1133 2938 Pontificem.

259 2947 363 2978 Oritur
375 2950 511 2988 quaedam
517 2954 668 2992 plantatio
677 2951 868 2997 singularium
888 2952 940 2997 s'eu
946 2952 1134 2997 saecularium

260 2996 471 3033 camnim'um-
488 3022 498 3039 2
509 3011 580 3042 quos
594 3004 694 3036 utrum
706 3006 797 3037 Pater
808 3004 922 3044 coelestis
929 3004 1134 3045 plantaverit,
1156 3027 1158 3030 v

260 3044 382 3078 necdum
398 3045 522 3089 scimus.
546 3049 589 3082 Et
603 3052 635 3084 in
658 3052 721 3086 alia
742 3054 781 3087 ad
794 3053 944 3087 eumdem
968 3051 1132 3095 Epistola.

259 3098 505 3130 commutaverat
516 3100 641 3133 dextera
652 3102 772 3144 Excelst'
776 3109 808 3136 in
819 3102 953 3145 Blesenst‘
967 3103 1072 3145 oppido
1077 3110 1133 3144 per

261 3154 384 3178 aeternae
397 3148 604 3181 recordationis
616 3154 813 3185 Innocentium
824 3155 895 3187 secu
901 3153 1001 3187 ndum
1016 3156 1133 3194 Papam

265 3194 389 3228 lubricos
406 3194 594 3239 saecularium
608 3203 818 3234 canonicorum
834 3203 943 3246 greffus
961 3209 995 3235 in
1007 3202 1133 3245 Regula-

253 3249 340 3279 'rium
352 3243 539 3289 disciplinam
549 3273 559 3288 ‚
585 3249 861 3293 &singularitatem
881 3253 965 3285 illam
976 3250 1134 3291 restrinxe-

253 3304 316 3336 ⁴rat
329 3319 339 3334 ,
365 3305 399 3328 ut
411 3305 565 3340 tamquam
589 3299 779 3340 Apostolorum
789 3299 922 3343 discipuli
940 3303 976 3334 de
989 3307 1132 3334 communi

265 3350 407 3380 viverent
425 3353 458 3379 in
476 3353 639 3383 communi.
667 3350 788 3382 Acutius
808 3355 958 3387 intuentes
982 3352 1131 3384 &intelli-

264 3403 369 3437 gentes
379 3396 496 3437 astutius
506 3397 659 3440 Pontifices
674 3401 708 3432 (5
722 3402 876 3442 Principes
885 3405 1023 3443 temporis
1035 3400 1132 3441 nostri,

254 3480 256 3482 ,
261 3444 479 3487 plantationem
490 3472 501 3488 ,
527 3460 618 3490 quam
629 3447 718 3492 nescio
737 3451 835 3483 utrum
845 3453 938 3484 Pater
957 3449 1073 3491 coelestis
1083 3458 1131 3493 ap-

301 3525 305 3529 .
368 3494 468 3536 Christ,
480 3501 556 3542 Lupi
566 3502 648 3542 Oper.
661 3502 737 3531 Tom.
749 3502 803 3533 ΠΙ.

1211 364 1288 386 mem
1312 354 1549 388 Praebendarum
1562 354 1699 396 formam
1732 355 1887 396 confes-ant
1909 383 1920 399 ,
1944 364 1996 401 qui
2017 357 2099 400 quasi

1209 404 1306 438 altare
1324 414 1427 438 contra
1439 406 1535 438 altare
1557 410 1697 449 erigant,
1720 410 1772 447 qui
1783 406 1902 438 Sandis
1923 414 1956 440 in
1967 413 2022 441 via
2035 410 2094 441 Dei

1202 454 1414 497 gradientibus
1437 455 1578 495 objiciant
1600 453 1850 496 &offendiculum
1873 460 1907 489 in
1921 456 2032 497 verbo,
2058 458 2093 491 Θ

1205 504 1341 547 laqueum
1350 509 1384 538 in
1395 506 1544 546 exemplo.
1574 504 1736 539 Amiffam
1758 506 1844 547 apud
1865 515 1927 540 nos
1938 502 2094 540 Christia-

1207 554 1343 588 nitatem
1363 554 1397 588 &
1409 552 1572 588 faediffime
1583 553 1804 590 deformatum
1817 554 1954 590 Clerum
1970 566 2095 599 repara·

1206 614 1295 638 turus
1322 604 1463 639 Carolus
1484 603 1632 649 Magnus
1653 627 1664 643 ,
1692 615 1809 639 omnes
1834 604 2034 640 cathedrales
2060 605 2094 640 &

1204 653 1392 699 collegiatas
1405 654 1561 689 Ecclefias
1581 654 1678 688 vertit
1691 654 1726 687 in
1737 654 1877 689 claustra
1896 655 1932 689 δε
1949 655 2097 691 clerica-

1206 703 1245 736 lia
1258 704 1474 746 monasteria,
1499 704 1589 749 quod
1604 714 1706 746 nuper
1728 703 1786 738 sub
1796 704 1864 746 ejus
1889 715 1952 739 avo
1968 704 2095 740 Carolo

1204 753 1360 789 Martello
1379 754 1552 789 inchoarat
1578 754 1712 788 Sanetus
1735 753 1938 798 Rigobertus
1954 779 1966 796 ,
1991 766 2034 789 ex
2047 755 2095 789 sa-

1200 813 1257 837 cro
1269 803 1374 838 SanCii
1388 804 1556 838 Benedicti
1567 803 1695 838 Ordine
1707 800 2006 848 Archi-Episcopus
2027 805 2097 839 Re-

1201 854 1337 887 menfis.
1364 854 1453 888 Eum
1466 855 1501 889 in
1515 853 1647 898 Europa
1662 854 1756 889 fuisse
1777 853 1921 890 omnino
1944 855 2088 897 primum

1200 900 1290 936 istius
1302 903 1376 937 vitae
1395 905 1561 938 austorem
1583 903 1743 939 testantur
1753 904 1823 949 ejus
1842 903 1929 949 apud
1943 904 2091 938 Lauren·

1199 952 1282 985 tium
1303 953 1432 988 Surium
1455 953 1644 991 authentica
1664 955 1731 990 vita
1744 979 1756 995 ,
1781 956 1817 990 δε
1841 955 1877 988 in
1907 953 2029 989 litteris
2048 954 2091 988 ad

1199 1001 1370 1038 Remenfis
1394 1003 1543 1039 Ecclefiae
1574 1005 1750 1040 Decanum
1777 1005 1866 1040 idem
1898 1003 2091 1048 Stephanus

1197 1050 1433 1088 Tornacenlis.
1460 1053 1499 1087 In
1523 1053 1780 1099 Lugdunensem
1803 1055 1939 1090 Sanctus
1964 1054 2092 1090 Ledra«.

1192 1102 1258 1137 ‘dus
1266 1095 1566 1147 Archi-Episcopus
1577 1128 1588 1143 ,
1605 1103 1640 1137 in
1654 1102 1839 1138 Metensem
1851 1104 1987 1138 Sanstus
2004 1103 2095 1150 Cro-¹

1197 1151 1391 1199 dogangus‚
1417 1153 1452 1188 in
1462 1154 1542 1189 alias
1555 1153 1716 1188 Ecclefias
1728 1153 1786 1188 alii
1806 1152 1909 1188 sanffl
1924 1152 2093 1196 Episcopi

1198 1201 1398 1238 induxerunt
1411 1228 1420 1241 ,
1448 1204 1480 1239 A
1500 1202 1674 1242 Ludovico
1694 1202 1759 1239 Pio
1780 1213 1894 1248 rogata
1906 1201 2094 1249 Aquisgraz

1197 1253 1301 1287 nensis
1311 1251 1464 1297 synodus
1485 1254 1534 1288 illi
1545 1265 1587 1289 ex
1609 1254 1703 1289 sacris
1714 1252 1911 1289 Canonibus
1921 1264 1960 1288 ac
1988 1252 2094 1288 deflo-

1196 1304 1272 1338 ratis
1281 1304 1462 1340 sanstorum
1474 1303 1609 1339 Patrum
1631 1304 1724 1339 distis
1735 1302 1902 1349 Regulam
1927 1303 2095 1347 compila-

1197 1353 1268 1395 vit,
1293 1355 1347 1388 cui
1366 1353 1579 1397 postmodum
1602 1355 1636 1388 in
1658 1353 1856 1397 quibusdam
1880 1353 2006 1397 punitis
2032 1364 2089 1397 pet

1196 1402 1350 1438 Sanstum
1362 1404 1497 1439 Petrum
1506 1404 1666 1440 Damiani
1678 1403 1856 1447 reprobatas
1879 1404 2009 1438 suffesta
2023 1402 2087 1438 fuit

1194 1451 1375 1485 monastica
1403 1453 1532 1497 Regula
1559 1453 1666 1486 Sanffi
1694 1451 1875 1497 Augustini
1902 1478 1908 1484 .
1939 1452 2018 1485 Erat
2043 1451 2087 1485 ad

2115 1009 2273 1051 Epist-160.

1195 1499 1391 1536 Clericalem
1411 1502 1593 1536 castitatem
1611 1500 1865 1537 custodiendam
1889 1501 1924 1535 &
1949 1502 2092 1536 fraenan-
2136 1520 2138 1523 ν

1194 1550 1271 1584 dam
1283 1551 1454 1586 avaritiam
1465 1552 1517 1586 via
1535 1552 1636 1596 longe
1646 1553 1772 1595 optima
1786 1564 1794 1583 ε
1823 1550 1945 1596 Longe
1958 1552 2088 1586 sanstis-

1193 1599 1271 1636 fima
1285 1600 1344 1634 sub
1357 1600 1426 1634 istis
1440 1600 1657 1645 Regularibus
1678 1602 1731 1635 seu
1747 1600 1929 1635 Canonicis
1945 1600 2086 1635 Clericis

1193 1650 1256 1689 fuit
1280 1650 1416 1692 Europae
1439 1649 1603 1688 Ecclesia,
1631 1649 1665 1682 &
1683 1651 1755 1693 Jesu
1777 1649 1900 1685 Christi
1928 1651 2086 1694 patrimo-

1195 1700 1287 1734 nIum
1309 1698 1489 1735 fideliffime
1513 1699 1778 1737 administratum
1799 1726 1805 1732 .
1832 1699 1881 1734 At
1903 1701 1984 1734 vero
2009 1713 2080 1735 non

1193 1750 1238 1784 ita
1265 1749 1391 1793 pridem
1411 1759 1489 1783 ante
1499 1748 1682 1784 Alexandri
1703 1750 1789 1785 tertii
1801 1748 1975 1784 Pontificis
2000 1758 2082 1785 tem-

1193 1810 1271 1842 pora
1291 1809 1408 1833 aurum
1430 1797 1515 1831 istud
1536 1822 1546 1837 ,
1573 1799 1748 1841 quomodo
1768 1796 1914 1834 humana
1937 1800 2056 1834 omnia
2069 1825 2082 1841 ‚

1193 1847 1275 1882 verti
1285 1847 1386 1891 coepit
1406 1846 1441 1880 in
1455 1848 1611 1889 scoriam,
1637 1849 1671 1882 δε
1689 1849 1854 1893 optimum
1879 1849 1996 1884 vinum
2024 1852 2083 1886 mi⁴

1193 1897 1270 1932 sceti
1293 1896 1385 1942 lapsae
1403 1895 1582 1943 disciplinae
1601 1909 1704 1943 aqua:
1731 1900 1906 1946 Regularis
1930 1900 2088 1936 Clerico‘

1193 1961 1266 1985 rum
1277 1951 1311 1984 in
1323 1949 1463 1985 claustro
1474 1949 1547 1985 vitae
1557 1951 1685 1986 laxatus
1697 1948 1867 1986 hincinde
1888 1951 1977 1996 rigor
1992 1952 2080 1987 visus

1191 2000 1240 2035 est
1261 2011 1329 2035 non
1341 2002 1429 2044 poss'e
1452 2000 1547 2034 facile
1569 2002 1693 2041 sanari,
1720 1998 1859 2044 ideoque
1885 2004 2077 2036 communia

1193 2050 1281 2085 bona
1301 2052 1391 2085 fuere
1412 2050 1482 2085 istic
1495 2051 1529 2085 in
1543 2050 1728 2095 praebendas
1747 2051 1848 2087 divisa
1860 2076 1871 2093 ,
1896 2063 1935 2087 ac
1949 2051 2089 2087 inducii:

1193 2100 1358 2136 Canonici
1381 2101 1541 2135 saeculares
1563 2126 1569 2132 .
1596 2101 1778 2137 Praebendae
1805 2113 1982 2145 proventus
2004 2103 2078 2136 uni-

1192 2152 1309 2196 cuique
1321 2150 1527 2186 dabanturin
1548 2162 1663 2186 manus
1675 2166 1686 2186 .·
1713 2153 1825 2199 Quare
1836 2152 1886 2186 illi
1905 2151 2071 2187 existima·

1192 2211 1269 2236 runt
1290 2203 1323 2237 se
1342 2211 1455 2235 eorum
1477 2226 1487 2242 ,
1516 2201 1690 2245 quomodo
1714 2202 1834 2246 proprii
1863 2202 2082 2246 patrimonii,

1192 2252 1307 2295 plenos
1316 2263 1355 2287 ac
1365 2251 1484 2285 liberos
1498 2251 1653 2286 dominos
1673 2276 1683 2291 ,
1705 2263 1744 2286 ac
1754 2253 1889 2294 possein
1902 2252 2018 2286 luxum
2043 2254 2078 2287 &t

1193 2303 1343 2345 profanas
1351 2302 1458 2335 causas
1471 2301 1538 2335 fine
1547 2301 1696 2345 scrupulo
1709 2302 1878 2345 profundi.
1908 2300 2084 2338 Adversus

1193 2349 1281 2386 hunc
1302 2351 1484 2386 etiamnum
1504 2350 1602 2385 hodie
1629 2353 1823 2396 grassantem
1834 2363 1977 2387 errorem
1990 2354 2082 2396 pessi-

1194 2413 1286 2436 mum
1309 2413 1370 2436 nos
1390 2412 1520 2443 quoque
1531 2413 1608 2436 cum
1625 2400 1757 2436 laudato
1771 2401 1938 2446 Stephano
1950 2426 1962 2443 ,
1986 2402 2079 2445 cujus

1193 2463 1301 2486 tamen
1313 2451 1463 2486 dentatos
1475 2451 1616 2485 nimium
1626 2452 1660 2486 in
1673 2453 1924 2487 Canonicorum
1952 2452 2079 2487 saecula-

1192 2503 1276 2535 rium
1288 2500 1407 2536 statum
1418 2501 1548 2536 aculeos
1563 2513 1630 2535 non
1646 2502 1821 2545 probamus
1834 2525 1845 2541 ,
1869 2502 1991 2537 SanCto
2001 2501 2076 2537 Bet-

1194 2552 1294 2586 nardo
1306 2576 1316 2592 ,
1341 2551 1376 2586 &
1388 2551 1459 2586 aliis
1482 2551 1631 2586 Eccleliae
1644 2552 1843 2587 DostorIbus
1867 2553 2005 2596 optimis
2018 2564 2077 2597 pu-

1194 2613 1334 2646 gnamus
1346 2627 1354 2634 .

1244 2653 1287 2686 Et
1299 2652 1368 2695 jure
1379 2651 1498 2686 merito
1511 2675 1519 2684 .
1546 2652 1681 2687 Etenim
1703 2655 1807 2697 prima
1819 2652 1969 2688 Ecclefiae
1983 2652 2080 2686 disci-

1194 2702 1283 2746 plina
1297 2701 1551 2736 Ecclefiasticam
1565 2702 1776 2737 substantiam
1799 2703 1911 2745 paffim
1921 2701 2027 2736 divifit
2041 2701 2078 2736 in

1194 2762 1335 2796 quatuor
1357 2752 1522 2796 portiones
1544 2766 1555 2786 .·
1582 2753 1766 2796 Episcopo,
1791 2752 1928 2786 Clericis
1944 2776 1954 2791 ,
1981 2751 2075 2786 fabri-

1193 2813 1236 2836 cae
1262 2828 1272 2843 ,
1300 2802 1518 2846 pauperibus.
1545 2801 1623 2836 Post
1646 2802 1759 2838 Caroli
1778 2802 1899 2845 Magni
1925 2811 2074 2845 tempona

1193 2853 1280 2896 apud
1298 2850 1454 2895 quosdam
1482 2852 1659 2898 Regulares
1683 2851 1830 2886 Clericos
1857 2851 1913 2885 illa
1935 2851 2050 2886 mansit
2065 2875 2076 2891 ‚

1195 2902 1281 2946 apud
1303 2901 1461 2946 quosdam
1483 2902 1730 2936 fuitexstinsta.
1759 2900 1938 2936 Rationem
1958 2901 2014 2936 dat
2038 2903 2075 2936 in

1196 2951 1368 2997 Responfis
1392 2952 1434 2987 ad
1445 2952 1551 2987 Sancti
1572 2949 1753 2996 Augustini
1772 2949 1963 2996 Anglorum
1984 2950 2075 2996 Apo·
2088 2951 2127 2989 Q.
2146 2962 2170 2981 :-

1195 3001 1268 3037 stoli
1295 3001 1486 3047 quaestiones
1523 3003 1655 3036 Sanstus
1688 3000 1867 3046 Gregorius
1903 3001 2071 3047 Magnus:

1194 3056 1395 3086 communiter
1412 3051 1585 3086 viventibus
1598 3051 1636 3085 de
1639 3050 1793 3092 faciendis
1798 3051 1987 3093 portionibus
2001 3053 2074 3095 quid

1194 3109 1249 3134 er1t
1258 3103 1433 3144 loquendum
1444 3126 1454 3141 ,
1479 3102 1542 3133 cum
1554 3113 1636 3134 omne
1648 3103 1729 3144 quod
1732 3100 1859 3144 fitperest
1870 3102 2073 3143 neceffitatibus

1194 3157 1225 3184 in
1234 3149 1323 3193 causis
1330 3157 1394 3193 piis
1420 3163 1455 3184 ac
1464 3149 1596 3194 religiosis
1609 3153 1788 3197 erogandum
1803 3152 1841 3192 est
1853 3153 1871 3184 ?
1891 3156 2015 3185 Domino
2036 3164 2071 3186 ac

1194 3200 1328 3245 magistro
1339 3200 1470 3233 omnibus
1483 3202 1618 3234 dicente:
1644 3201 1722 3250 QJ
1724 3202 1794 3237 OD
1806 3201 1993 3242 SUPERE
2000 3202 2069 3241 ST,

1196 3250 1331 3284 DATE
1357 3250 1742 3293 ELEEMOSYNAM.
1773 3250 1828 3285 Ad
1853 3251 1989 3296 primam
2007 3251 2068 3284 Ec-

1194 3301 1292 3336 clefiae
1301 3298 1506 3343 disciplinam
1527 3299 1626 3340 dixi,
1652 3303 1775 3343 Paffim.
1802 3301 1937 3337 Etenim
1950 3301 2067 3342 Hispa-

1197 3351 1323 3384 niarum
1342 3350 1482 3384 Ecclesia
1504 3360 1566 3384 tres
1588 3350 1797 3386 solummodo
1821 3351 1935 3387 habuit
1946 3350 2085 3393 portio-»2

1198 3410 1273 3433 nes:
1301 3399 1479 3444 Episcopi,
1506 3400 1668 3442 Fabriciis,
1694 3399 1916 3437 clericorum.
1942 3398 2068 3440 paupe·-

1197 3460 1266 3485 rum
1277 3449 1462 3496 portionem
1481 3448 1574 3485 distis
1586 3439 1686 3486 tri'bus
1713 3451 1867 3486 inclusam
1886 3448 2067 3492 Episcopo-

1597 3503 1632 3536 Ο
1658 3511 1680 3535 ο
1950 3508 2023 3532 rum
