2340 3762
656 188 838 234 Iun-nx
867 182 1108 238 Renum,
1139 193 1205 224 nr
1237 176 1606 229 Varnenum.

1881 198 1986 245 429

242 272 400 311 Pontifex
410 272 582 311 Romanus
592 267 627 305 in
640 265 831 304 decidendis
844 265 923 302 fidei
939 261 1139 311 .quaestioui-1
1180 260 1372 305 Principum
1380 259 1419 295 in
1434 259 1689 301 Ecclesiasticam
1697 267 1880 305 libertatem
1891 269 2055 305 violentia

241 318 247 322 ’
292 324 351 359 bus
362 324 448 359 solus
457 322 501 356 est
512 318 696 355 infallibilis
708 343 718 352 .

240 371 400 410 Pontifex
412 373 584 407 Romanus
592 370 631 405 in
641 368 711 407 fide
719 366 836 412 nequiti
844 376 946 401 errare
954 389 962 397 .

244 422 403 461 Pontifex
411 422 587 468 Romanus
598 420 733 465 Legatis
743 418 922 456 limitatam
931 414 1119 461 plerumque

286 470 522 509 authoritatem
532 469 715 515 impertitur
727 495 734 503 .
1020 476 1072 517 3¹·
1088 474 1120 500 2·

239 517 403 568 Pontifex
422 522 596 558 Romanus
615 519 725 557 nullus
746 516 814 558 fuit
831 515 1029 560 hereticus,
1058 524 1119 550 nec

287 572 375 607 ullus
388 570 519 607 haerefin
546 570 681 607 docuit.
994 575 1072 617 371-
1087 575 1118 601 2·

236 622 400 659 Pontifex
420 622 596 659 Romanus
615 630 796 664 numquam
819 629 865 654 ex
887 616 979 652 laicis
1002 614 1118 650 ,assum-

289 682 384 718 ptus.
994 675 1074 711 270.
1085 673 1116 698 2.

232 713 397 761 Pontifex
417 723 591 759 Romanus
607 732 678 767 quo
695 721 791 757 sensu
808 718 937 754 dicatur
956 713 1117 759 Episcopus
1159 738 1161 740 -

285 771 487 819 universalis„
514 783 593 820 249.
607 784 641 811 2·
662 769 840 808 AFrancis
859 766 1058 814 quibusdam
1070 763 1119 798 in-

284 822 432 868 congrue
443 846 455 863 ,
473 823 578 865 frater
587 820 792 870 appellatum!
1038 809 1117 870 ibifl-

233 870 277 908 In
309 871 511 909 Pontificem
536 871 730 909 Romanum
759 865 1117 904 excommunicationis

238 960 240 962 ‚
285 922 471 959 convitium
481 921 597 953 latrare
607 920 725 962 ingens
736 918 783 953 est
793 916 959 952 temeritas
971 939 978 947 .
1001 912 1113 961 364-2-

227 957 417 1009 Pontifices
428 966 575 1004 Romani
587 966 629 1003 ab
639 978 679 1000 eo
690 966 779 1012 quod
791 966 857 1009 jam
880 964 1036 1001 statutum
1048 962 1094 997 est
1106 986 1116 1002 ‚

284 1014 371 1052 nihil
380 1016 538 1053 ordinant
548 1014 711 1053 diversum
722 1041 729 1048 .
993 1023 1070 1062 394.
1086 1023 1117 1048 1.

235 1059 419 1104 Pontifices
430 1066 578 1104 Romani
602 1066 745 1112 Regiam
761 1065 1016 1110 Episcopatuum
1039 1073 1117 1097 con-

282 1117 458 1154 ceffionem
469 1117 632 1165 patienter
652 1128 692 1151 ac
714 1114 947 1163 dispensatorie
961 1113 1127 1153 sustinue··

283 1175 361 1202 runt
373 1193 382 1200 .
991 1160 1070 1213 308-
1085 1173 1116 1199 2·

229 1212 409 1254 Pontificis
430 1217 545 1255 litteraev
553 1227 621 1252 non
639 1217 707 1254 fine
734 1215 889 1252 encomio
899 1215 918 1251 a
929 1213 1002 1250 vn
1011 1215 1117 1258 Syno-

283 1267 330 1303 do
344 1266 487 1303 admit&
497 1292 506 1301 .
989 1270 1113 1314 2394·

230 1316 409 1355 Pontificis
422 1317 569 1358 Romani
589 1318 639 1361 jus
655 1317 690 1352 in
702 1316 862 1352 Conciliis
881 1315 1112 1365 generalibus.

286 1379 306 1416 3
312 1380 340 1417 3·
350 1377 381 1404 2-
400 1366 481 1411 Ejus
489 1368 642 1411 ,definitio
655 1367 854 1403 infallibilis.
893 1392 896 1395 x
1028 1365 1116 1402 ibid.

230 1416 390 1454 Poffeffio
410 1417 561 1457 Ecclefiae
584 1418 770 1456 ‚tricennalis
793 1418 945 1458 adversus
967 1426 1116 1462 raptores

284 1468 388 1504 laicos
397 1468 545 1506 obtinet.
995 1477 1073 1515 300·
1085 1479 1115 1505 2-

229 1516 471 1554 Pofl'esfionum
480 1517 610 1561 rapinas
622 1516 766 1553 Ecclefia
777 1516 981 1561 pedetentim
1003 1516 1117 1554 mode-

285 1577 411 1607 ratum,
433 1568 535 1603 casin
548 1565 794 1610 Emphyteufim
814 1567 975 1610 permifit.
1004 1576 1082 1614 302-
1095 1577 1114 1600 1.

229 1614 475 1653 Postulationes
501 1617 739 1661 Episcoporum
773 1627 829 1660 per
853 1614 1003 1650 Plebem.
1027 1615 1116 1650 fastae

283 1667 359 1701 sunt
371 1667 548 1703 insolentes
559 1691 571 1710 ,
580 1677 619 1701 ac
629 1666 788 1703 seditiosae
802 1689 811 1698 .
836 1665 870 1704 ,Λ
885 1663 1021 1710 synodo
1031 1666 1113 1703 Lao-

282 1716 404 1751 dicenfi
416 1717 579 1759 damnatae
588 1741 599 1750 .
993 1726 1073 1764 309-
1083 1728 1114 1754 2-

231 1765 421 1811 Presbyteri
443 1779 535 1803 anno
552 1766 658 1802 aetatis
666 1765 835 1811 trigesimo
857 1765 942 1803 olim
951 1765 1113 1802 ordinati.

311 1828 339 1854 1.
355 1828 382 1854 ι.

229 1828 419 1909 Pre7sbyteri
438 1866 486 1901 est
506 1867 704 1912 praedicare:
728 1866 882 1911 quamvis
905 1866 940 1901 in
961 1863 1115 1902 Ecclefiis

278 1915 520 1952 cathedralibus
530 1918 617 1952 olim
629 1916 699 1960 juffi
714 1917 776 1951 fint
789 1915 878 1957 silere
890 1940 898 1947 .
1009 1923 1066 1962 75·
1081 1924 1116 1951 2·

228 1962 415 2008 Presbyteri
436 1964 511 1999 fasti
529 1963 693 1998 Monachi
717 1966 759 1999 ad
783 1966 1019 2006 Episcopatum
1044 1974 1115 1996 non

279 2012 374 2056 pauci
385 2011 488 2046 evesti
502 2035 510 2042 .
533 2021 619 2058 404.
634 2023 663 2046 1-
684 2022 721 2045 at
732 2023 820 2045 nova
836 2012 1018 2052 electione,
1045 2022 1115 2046 non

281 2063 337 2096 sua
346 2060 532 2096 voluntate.
981 2070 1061 2108 404.
1082 2070 1113 2099 2.

227 2111 500 2156 Presbyterorum
510 2121 549 2144 ac
558 2109 789 2147 Diacouorum
801 2107 904 2144 vidua
914 2108 1033 2144 nubere
1044 2122 1113 2145 non

282 2171 433 2206 poterant
446 2187 455 2193 .
482 2161 565 2198 cur?
1014 2160 1068 2208 67.
1080 2172 1111 2197 2.

228 2210 356 2247 Primas
378 2212 415 2246 ὅ(
438 2207 627 2252 Patriarcha
647 2210 734 2246 olim
759 2221 832 2246 non
854 2210 985 2244 fuerunt
1005 2211 1113 2246 idem.

280 2271 302 2298 2
327 2271 359 2307 4
373 2273 406 2299 2·

227 2272 390 2346 Priniates
402 2311 505 2356 plures
518 2311 578 2346 sub
591 2312 622 2346 se
635 2310 758 2346 habent
769 2310 951 2354 Episcopos
964 2336 971 2343 .
1031 2310 1113 2345 ibid.

226 2359 414 2397 Primatum
438 2361 590 2396 Eccleliae
626 2362 787 2397 Romanae
808 2360 885 2395 ante
908 2360 1112 2397 Photianum

278 2410 436 2453 schisma,
462 2411 606 2447 Ecclefia
619 2410 994 2456 Constantinopolitana
1018 2410 1112 2455 plene

280 2462 439 2506 agnovit.
993 2459 1070 2511 328.
1082 2474 1111 2498 2-

229 2509 416 2546 Primatum
429 2512 620 2547 Romanum
642 2523 713 2548 non
733 2512 872 2550 evertit,
895 2511 987 2556 quod
1010 2511 1110 2546 Clero

282 2562 427 2595 inferiori
440 2563 616 2606 appellatio
627 2563 779 2597 Romana
791 2561 970 2607 denegetur
979 2587 986 2594 .
1007 2559 1110 2609 3861.

226 2607 394 2646 Primatus
406 2612 553 2646 Ecclesiae
561 2611 629 2647 alio
640 2612 804 2647 transferri
815 2612 931 2656 nequit
941 2606 961 2643 .“’
998 2623 1020 2660 3
1024 2622 1075 2660 34.
1087 2625 1108 2646 ι.

226 2657 392 2696 Primatus
413 2662 558 2697 Ecclefiae
581 2662 741 2698 Romanae
761 2662 956 2697 adstruitur·
984 2672 1063 2710 352.
1082 2672 1108 2696 1.

280 2710 367 2746 Eum
376 2713 404 2747 S·
417 2711 565 2757 ignatius
576 2712 797 2758 infigniterest
813 2711 967 2755 professus
980 2735 988 2743 .
1004 2721 1044 2760 35
1054 2722 1108 2758 7·¹·

226 2756 395 2805 Principes
408 2762 642 2806 Episcoporum
653 2764 763 2798 causas
771 2762 845 2796 aliis
859 2761 1029 2806 Episcopis
1039 2772 1106 2795 non

279 2809 352 2844 raro
371 2810 591 2856 delegabant,
617 2823 698 2861 314.
714 2824 742 2850 1.
767 2810 872 2859 Qod
892 2811 988 2846 sacris
1002 2811 1110 2845 Cano·

279 2858 376 2893 nibus
387 2860 571 2896 dissonum.
605 2873 607 2875 ·
981 2870 1062 2908 314.
1076 2871 1106 2895 2.

227 2907 399 2953 Principes
409 2910 483 2945 laici
491 2910 657 2947 Conciliis
674 2922 747 2946 non
757 2909 962 2956 generalibus
981 2911 1109 2945 interes

281 2960 314 2993 se
325 2970 392 2993 non
406 2961 658 2996 consueverunt:
686 2973 748 2996 nec
758 2959 873 2995 itidem
886 2960 920 2993 in
936 2961 1037 2995 causis
1049 2960 1107 2995 cri·

278 3008 457 3043 minalibus
470 3034 477 3042 .
491 3008 569 3056 298.
578 3021 609 3046 2.
622 3011 728 3060 Quod
740 3011 759 3045 ὲ
771 3009 920 3055 Regibus
932 3011 1107 3053 Hispania·

277 3069 352 3093 rum
361 3059 473 3093 exalte
482 3060 638 3095 servatum
650 3086 661 3103 ,
683 3059 775 3096 secus
784 3060 803 3094 a
815 3058 963 3106 Regibus
973 3060 1088 3096 Gallia:
1098 3086 1105 3093 .
1133 3094 1139 3101 ,

279 3118 359 3155 299.
375 3119 404 3144 1.

958 322 1077 414 371}ss
1087 323 1121 401 ²1¹.
1181 361 1330 397 Psalmos
1350 363 1384 396 ἀ
1395 363 1555 406 Hymnus
1565 361 1601 395 in
1612 364 1976 404 Ecclestadecamandos
1986 368 2057 412 qui.

1231 312 1430 356 pedetentim
1441 310 1633 357 irrepserunt
1646 338 1653 346 .
1933 316 2011 364 189.
2024 331 2054 356 2.

1228 412 1280 446 -vis
1292 412 1472 458 Episcopus
1483 411 1568 449 olim
1577 414 1799 456 componebat
1812 439 1819 447 .
1849 427 1919 463 ¹37·
1932 431 1963 456 2.
1978 418 2054 453 Pre-

1229 473 1306 496 cum
1329 462 1533 506 publicarum
1554 473 1699 497 examen
1723 461 1868 499 Ecclesia
1900 466 2055 503 Romana

1228 512 1564 550 meritosibixeservat
1578 536 1585 542 .
1931 514 1996 563 138
2027 528 2053 574 ξ.

1177 560 1402 598 Psalteriuma
1417 562 1561 598 Clericis
1575 585 1586 601 ,
1611 560 1812 603 Monachis,
1841 563 1936 597 sacris
1963 560 2057 609 virgi·

1229 610 1326 646 nibus
1348 637 1359 654 ,
1384 614 1420 648 ὅς
1441 612 1534 649 laicis
1555 612 1638 646 olim
1658 613 1820 647 memoriae
1850 613 2057 649 mandatum.

1226 658 1295 699 182·
1311 673 1337 698 1·
1359 662 1407 698 Ea
1428 662 1592 706 obligatio
1611 661 1654 696 ad
1675 662 1763 696 solos
1779 662 1955 707 Episcopos
1974 664 2061 707 post-

1228 711 1390 755 modum,
1412 713 1565 750 Clericus
1586 723 1624 747 ac
1641 710 1835 748 Monachos
1854 713 2058 758 pertranfiit.

1226 760 1307 797 ibid.

1181 809 1415 854 Puerperarum
1447 813 1492 851 ab
1525 812 1667 859 ingressu
1702 811 1850 849 Ecclefiae
1873 811 2059 855 suspensio,

1230 860 1335 899 Unde
1348 863 1366 895 ἒ
1934 860 2009 898 162·
2024 872 2056 897 2·

1179 908 1325 954 Pyrrhus
1351 912 1604 955 Monotltelita,
1628 911 1738 948 habita
1760 923 1836 947 curn
1856 911 1890 946 S.
1901 910 2057 945 Maximo

1228 958 1450 1004 disputatione
1460 963 1587 1009 resipuit
1597 988 1605 997 .
1629 959 1684 1012 23.
1696 976 1726 1002 2.
1749 961 1897 1000 Romam
1907 960 2058 1006 appulsus

1229 1006 1358 1043 haerefin
1377 1011 1531 1057 ejuravit.
1978 1007 2055 1044 ibid.

1180 1057 1325 1103 Pyrrhus
1333 1058 1374 1094 ad
1386 1063 1548 1100 vomitum
1556 1064 1698 1099 reversus
1706 1085 1718 1102 ,
1739 1064 1761 1099 a
1773 1062 1959 1099 Theodoro
1969 1057 2058 1103 Papt

1228 1108 1483 1148 irrevocabiliter
1499 1110 1807 1149 excommunicatus
1820 1134 1828 1142 .
1956 1120 2011 1156 25-
2027 1118 2057 1145 1-

1597 1211 1672 1261 Q

1182 1307 1262 1398 IN
1284 1304 1542 1359 Qadragesima
1564 1311 1636 1347 ovis
1660 1310 1694 1346 δε
1714 1309 1885 1347 lacticiniis
1914 1307 2056 1345 Ecclesia

1189 1398 1193 1400 ,
1251 1360 1371 1397 Latina
1391 1363 1451 1398 nifi
1483 1364 1519 1398 in
1534 1362 1771 1408 Septentrione
1802 1372 1874 1397 non
1894 1361 2060 1404 vescitur,

1226 1412 1315 1450 cur?
1938 1408 2018 1457 346.
2030 1417 2060 1443 2.

1179 1460 1472 1506 Qadragelimalis
1490 1463 1607 1511 jejunii
1624 1462 1712 1507 apud
1728 1462 1831 1497 varias
1853 1459 2002 1496 nationes
2014 1459 2062 1494 in·

1232 1520 1312 1554 gens
1325 1511 1487 1546 diverfitas
1501 1537 1509 1546 .
1939 1508 2016 1557 346·
2031 1518 2060 1543 1·

1181 1559 1307 1605 Qinta
1328 1559 1485 1602 Synodus.
1503 1562 1551 1596 uti
1584 1562 1619 1596 ἃ
1639 1559 1698 1595 VI.
1713 1559 1793 1595 duas
1818 1560 2004 1595 voluntates
2024 1559 2061 1592 in

1232 1606 1363 1643 Christo
1373 1609 1525 1645 definivit
1535 1636 1544 1643 .
1918 1618 1971 1657 13·
1989 1619 2015 1644 1·
2027 1616 2060 1642 2·

1181 1659 1316 1706 Qintae
1337 1659 1544 1703 Synodiasta
1564 1661 1692 1698 lediain
1715 1659 1778 1694 Vl.
1794 1659 1951 1704 synodo,
1977 1656 2062 1692 sed&

1230 1709 1465 1746 Monothelitis
1476 1712 1656 1750 enormiter
1667 1710 1841 1756 depravata
1853 1735 1861 1743 .
1911 1718 1969 1758 35-
1986 1719 2014 1745 1·
2023 1718 2057 1747 ι·

1602 1808 1635 1844 R
1671 1839 1674 1844 ,

1281 1904 1417 1942 Adendi
1431 1918 1554 1940 morem
1567 1907 1686 1943 Clerus
1706 1907 1856 1943 Ecclesia:
1866 1908 2063 1945 Occidenta-

1308 1956 1347 1989 lis
1372 1956 1496 1991 tenuit.
1525 1966 1605 2005 347.
1623 1967 1651 1993 1.
1680 1956 1754 1993 Nec
1779 1956 1886 1992 obstat
1908 1958 2062 2001 Synodus

1229 2003 1495 2050 Carthaginenfis
1511 2005 1571 2042 lv.
1940 2017 2016 2055 347⁴
2032 2019 2061 2044 2„

1180 2054 1264 2092 Rasa
1278 2055 1485 2094 Clericorum
1496 2055 1595 2094 barba
1608 2053 1810 2100 Apostolicis
1819 2056 2063 2092 constitutioni-

1229 2104 1289 2140 bus
1300 2118 1368 2140 non
1378 2106 1562 2140 adversatur
1574 2130 1582 2138 .
1942 2105 2017 2155 348.
2029 2117 2061 2142 2.

1179 2155 1303 2192 Rasura
1316 2156 1419 2194 barbae
1430 2157 1463 2190 in
1480 2155 1620 2191 Ecclesia
1634 2157 1784 2192 Romana
1796 2156 1814 2190 ὲ
1827 2156 1946 2192 Graecis
1959 2167 2062 2201 repre-

1228 2204 1396 2240 henditur.
1426 2216 1506 2253 347.
1517 2218 1537 2240 1.
1550 2205 1600 2240 At
1614 2208 1797 2242 immerito.
1982 2205 2059 2242 ibid.

1179 2256 1309 2299 Rapina
1322 2254 1470 2291 haeretica
1482 2256 1543 2299 juri
1556 2256 1603 2290 nil
1618 2255 1798 2300 praejudicat
1809 2281 1817 2288 .
1934 2268 2011 2306 395.
2025 2269 2058 2294 2.

1180 2304 1430 2342 Referendarius
1442 2331 1452 2346 ,
1470 2306 1542 2349 quis
1554 2306 1571 2337 ἕ
1597 2307 1677 2350 Ejus
1689 2318 1807 2342 munus
1822 2332 1828 2338 .
1932 2306 2010 2356 388.
2024 2318 2053 2341 2.

1179 2357 1286 2401 Reges
1299 2356 1339 2390 ab
1350 2356 1508 2390 electione
1522 2356 1758 2399 Episcoporum
1768 2357 1885 2392 exclusi
1898 2381 1905 2389 .
1931 2355 2010 2406 308.
2029 2368 2057 2393 1.

1177 2406 1325 2492 Reggbus
1334 2406 1395 2441 &c-
1416 2404 1530 2443 urbem
1546 2407 1806 2455 ingredientibus
1818 2406 1950 2442 obviam
1961 2409 2053 2442 itum.

1225 2465 1248 2490 2
1274 2456 1306 2492 6.
1322 2467 1351 2492 1.

1176 2506 1307 2551 Regum
1330 2507 1363 2540 in
1390 2517 1439 2540 res
1465 2506 1702 2542 Ecclefiasticas
1728 2508 1885 2542 violentia
1906 2531 1918 2549 ,
1944 2507 2057 2552 paffim

1224 2558 1298 2591 sunt
1315 2555 1434 2591 dolosae
1450 2556 1686 2601 Episcoporum
1700 2558 1875 2593 machinae.
1931 2568 2008 2604 271.
2023 2569 2054 2593 2-

1173 2606 1280 2652 Regia
1303 2606 1462 2641 violentia
1487 2607 1708 2643 Patriarcham
1731 2608 1846 2650 nequit
1859 2607 1975 2652 ejicere
1997 2617 2055 2641 aut

1221 2667 1435 2701 promovere.
1933 2667 2010 2704 324.
2026 2668 2053 2695 1-

1173 2709 1288 2752 Regiae
1316 2706 1556 2751 Episcoporum
1578 2707 1827 2747 nominationes
1845 2707 1957 2751 saepius
1967 2709 2054 2742 dam-

1221 2767 1304 2792 natae
1315 2781 1324 2790 .
1925 2757 2051 2794 282.1.

1172 2807 1271 2854 Regii
1283 2806 1422 2842 ministri
1438 2808 1622 2854 frequenter
1633 2807 1670 2842 in
1682 2807 1862 2851 Episcopos
1879 2807 2054 2843 irreveren-

1218 2868 1283 2894 tes.
1923 2855 2006 2903 284.
2024 2868 2050 2894 ι.

1174 2910 1368 2954 Regnorum
1377 2908 1440 2943 alia
1451 2908 1496 2942 est
1509 2906 1622 2942 divino
1638 2907 1719 2948 ,alia
1731 2908 1937 2943 Dioeceseon·
1949 2907 2048 2955 396-1.

1172 2959 1398 3003 Reliquiarum
1422 2959 1529 2992 cultus
1541 2981 1551 2998 ,
1578 2959 1647 3002 post
1667 2959 1779 2995 datam
1797 2960 1814 2992 a
1828 2958 2050 2993 Constantino

1220 3009 1371 3043 Ecclefiae
1380 3020 1492 3054 pacem
1503 3007 1641 3042 mirifice
1649 3009 1802 3043 adauctus
1811 3032 1819 3040 .
1844 3017 1924 3055 215.
1937 3018 1967 3043 2·
1988 3005 2047 3040 Ea·

1218 3070 1291 3094 rum
1316 3059 1542 3093 translationes
1564 3059 1649 3093 olim
1675 3060 1764 3093 fuere
1790 3058 1969 3105 admodum
1988 3053 2050 3091 fre·

1218 3118 1358 3153 quentes
1370 3134 1379 3142 .
1934 3106 2044 3147 216-1-

227 3157 395 3202 Principes
404 3158 479 3193 laici
498 3159 624 3195 infelici
635 3161 726 3196 exitu
747 3160 1102 3197 sacerdotaleofficium
1168 3159 1397 3202 Reliquiarum
1417 3158 1541 3202 primus
1560 3150 1663 3193 hostis
1684 3158 1850 3193 Eustatius
1874 3182 1886 3199 ,
1912 3167 1990 3193 222·
2012 3167 2043 3193 2·

223 3246 225 3248 ¹
279 3208 440 3243 invadunt
453 3234 460 3241 .
1027 3209 1060 3249 8·
1076 3224 1103 3248 2·

228 3258 397 3302 Principes
407 3258 484 3293 laici
493 3258 756 3296 Provincialibus
768 3260 911 3304 Synodis
924 3261 1008 3296 solas
1026 3261 1102 3296 fidei

277 3308 411 3353 quaestio
417 3320 469 3343 nes
478 3309 679 3354 agitantibus
690 3310 828 3346 fiibinde
838 3312 1010 3346 interfuere
1019 3336 1028 3344 .
1052 3311 1103 3346 At

276 3369 390 3393 contra
400 3359 554 3394 Canones
564 3385 571 3391 .
978 3370 1056 3408 299.
1070 3372 1101 3397 2-

223 3405 393 3451 Principes
416 3408 489 3443 laici
513 3409 655 3453 Synodis
665 3409 879 3447 Generalibus
898 3410 985 3446 olim
1005 3412 1100 3444 inter-

217 3493 220 3499 ,
278 3457 387 3499 fuere,
412 3458 446 3492 in
456 3459 573 3504 quibus
584 3460 708 3496 causis?
750 3467 771 3499 'v
814 3494 818 3498 ,
1020 3460 1100 3496 ibid.

1215 3210 1313 3244 Alter
1334 3209 1537 3243 Eunomius.
1568 3208 1703 3244 Tertius
1716 3208 1940 3256 vigilantius.
1969 3204 2045 3246 Ejus

1213 3258 1336 3303 patria.
1363 3257 1521 3293 Etr-ores.
1966 3252 2045 3289 ibid.

1166 3308 1329 3353 Reliquiae
1337 3320 1399 3352 qua
1404 3309 1470 3344 ndo
1478 3309 1638 3354 coeperint
1646 3307 1819 3345 exhumari
1846 3317 1886 3341 ac
1896 3304 2043 3340 transfer·

1213 3361 1263 3394 ri-
1919 3362 2041 3398 ²¹74·

1168 3409 1330 3452 Reliquiae
1339 3410 1529 3444 Sanstorum
1542 3408 1735 3445 Christianis
1744 3408 1866 3450 semper
1891 3406 1979 3438 suere
1992 3412 2043 3435 ve·

1217 3459 1397 3496 nerationi.
1422 3467 1502 3504 215.
1518 3469 1545 3494 1.
1563 3459 1687 3504 Pagani
1699 3456 1733 3491 id
1746 3455 1900 3500 impedire
1910 3450 2043 3488 conati.

1215 3513 1296 3557 215.
1308 3520 1341 3545 2.
1714 3504 1717 3509 ’
1828 3504 1830 3507 ’
1863 3502 1920 3539 Ad
1933 3501 1996 3547 Re}
