2340 3762
645 199 714 234 Dr.
750 185 997 230 Sap-rma
1031 181 1287 226 SYNODO
1321 177 1663 226 Genauam.

1887 198 1980 242 215
2188 206 2204 227 ἡ

235 264 324 305 bea,
342 265 461 312 :ernon
478 266 661 309 loquentur?
687 260 841 309 Nunquid
859 264 951 298 oculos
970 260 1080 296 babent
1091 281 1104 299 ‚
1168 257 1429 305 prosequerentur-
1445 242 1501 295 *Et
1523 261 1690 306 Julianum
1716 260 1901 308 Augustum
1924 263 2054 308 Martys

231 311 339 349 &non
348 315 514 351 videbunt?
540 315 667 351 Lucide
675 316 776 352 docet
787 313 913 350 nullam
931 311 1110 358 imaginem

231 364 330 411 nobis
338 366 468 402 esleaut
478 366 575 402 licere
583 392 593 400 .
698 376 703 383 ·
911 378 915 382 ’

275 412 482 461 ,Respondeo
501 417 538 451 id
559 415 791 459 alienissimum
809 413 871 449 effi.
882 413 900 448 ὲ
910 413 1029 448 Sansto
1041 412 1111 448 Au·

125 487 135 494 -
203 464 374 508 agustim
390 492 398 499 .
416 466 527 515 *Qod
546 466 637 501 enim
657 467 848 502 Sanctorum
874 464 1117 508 Apostolorum

229 513 321 549 Petri
336 517 369 552 δε
383 517 476 552 Pauli
486 517 645 561 imagines
656 517 832 560 prostaoent
842 515 953 559 paslim
967 515 1024 549 suo
1036 523 1114 548 tem-

230 573 312 608 pore
334 566 536 602 in‘omnibus
550 566 721 608 Ecclefiis,
747 565 854 611 palam
877 564 983 601 asserit
1001 564 1036 598 iu
1052 563 1115 607 pri·

231 625 291 650 mo
302 615 388 651 libro
409 615 453 651 de
461 618 620 652 consensu
645 616 928 663 Evangelistarum
943 639 950 647 .
976 614 1015 650 111
1037 615 1114 649 loco

231 663 333 707 igitur
340 665 440 701 nobis
452 667 583 711 objesto
593 667 663 713 agit
684 667 725 702 de
735 667 802 703 Dei
814 664 919 701 Patris
940 667 994 700 seu
1018 664 1112 709 ipsius

230 712 430 751 Di-vinitatis
440 727 596 761 corporea
615 717 761 763 imagine
772 742 784 758 ,
810 726 910 761 quam
929 714 1044 764 inultis
1062 715 1113 749 sat-

229 764 314 799 culis
335 766 487 803 Ecclesia·
504 767 673 813 ignoravit
698 792 705 799 .
732 766 869 802 Etenim
893 764 935 800 ad
961 767 1110 801 Leonem

165 839 175 847 .
228 814 375 851 isaurum
407 817 520 851 scribit
542 816 722 861 Gregorius
747 814 906 851 secundus
930 814 1109 849 Pontifex.

228 868 293 898 Cur
312 869 440 900 Patrem
457 869 580 900 Domini
596 865 682 905 mstri
695 869 731 911 J
732 864 782 907 esic
802 864 914 905 Christi
939 866 1030 898 oculis
1052 874 1110 896 non

225 912 422 957 subjicimus,
448 924 485 946 ac
499 916 681 959 pingimus?
706 916 861 957 ,Quoniam
881 919 950 956 quis
967 913 1029 955 fit,
1051 924 1110 946 non

225 966 394 1004 novimus,
419 965 533 1007 Deique
553 973 664 998 natura
669 962 836 1007 spedanda
848 969 1042 1007 proponinon
1060 971 1109 1005 po-

162 1026 173 1036 ·
225 1012 298 1053 test,
324 1018 490 1058 neepingi.
517 1013 708 1050 EtSanstus
720 1013 907 1048 Germanus
920 1012 1109 1049 patriarcha

225 1061 622 1108 constantinopolitanus
632 1065 668 1098 in
682 1064 800 1099 litteris
810 1064 851 1098 ad
862 1063 1022 1107 Ioannem
1035 1064 1108 1107 Epi—

224 1112 362 1156 scopum
385 1113 608 1156 Synadensem
630 1139 638 1146 .
664 1112 825 1155 Invifibilis
844 1116 978 1148 Deitatis
1005 1118 1109 1158 imagi-

224 1173 294 1197 nem
312 1163 347 1197 o·
356 1161 605 1205 fimilitudinem,
628 1165 682 1198 vel
696 1162 816 1206 schema
837 1166 889 1199 vel
903 1165 1032 1208 figuram
1057 1165 1111 1197 ali-

224 1223 315 1255 quam
327 1225 387 1247 non
400 1211 574 1255 formamus
586 1238 597 1254 ,
621 1225 714 1257 quam
735 1226 786 1248 nec
796 1213 924 1258 ipsorum
941 1214 1110 1247 Sandorum

222 1263 400 1306 Angelorum
406 1261 549 1306 subltmes
561 1265 691 1298 Ordines
701 1263 876 1306 confiderare
894 1266 947 1298 vel
953 1264 1111 1308 investiga-

227 1323 261 1346 re
275 1314 399 1355 penitus
420 1315 526 1348 valent
543 1339 551 1346 .
578 1314 623 1348 Et
643 1314 784 1357 Ioannes
807 1313 1107 1349 Thessalonicensis

227 1361 411 1407 Episcopus
422 1364 457 1397 in
470 1361 533 1399 hac
546 1361 684 1405 synodo
696 1363 845 1398 laudatus
856 1390 863 1398 .
891 1368 1108 1408 ImaginesDei

217 1411 374 1454 facimus,
400 1414 438 1445 id
448 1412 509 1452 est,
527 1416 648 1444 Domini
658 1411 744 1451 nostri
747 1415 780 1455 J
782 1412 831 1455 esu
844 1412 956 1452 christi
966 1410 981 1452 ,’
1003 1423 1109 1454 quem-

225 1460 388 1494 admodum
407 1459 495 1503 visus
513 1460 553 1500 est
568 1459 660 1504 super
679 1469 814 1499 terram,
837 1460 915 1494 bunc
925 1466 1083 1504 pingentes
1094 1485 1106 1501 ,

225 1511 262 1545 ό·
271 1521 330 1544 non
342 1518 376 1543 ut
384 1511 561 1554 intelligitur
571 1518 684 1544 natura
695 1512 777 1544 Deus
788 1535 796 1543 .
821 1512 904 1554 ,Qua
920 1516 1000 1545 enim
1006 1509 1110 1552 simili-

223 1561 299 1594 tudo
307 1559 347 1599 est
356 1584 368 1601 ,
393 1562 447 1594 vel
454 1566 520 1603 quis
539 1558 659 1593 habitus
670 1566 827 1602 iucorporei
849 1559 950 1604 &fine
956 1559 1107 1605 schemate

224 1610 314 1644 Verbi
328 1611 455 1644 Patris?
481 1608 574 1645 Idem
585 1609 698 1643 multis
710 1609 831 1644 docent
843 1610 879 1644 in
891 1611 1107 1651 Orationibus

221 1659 265 1693 de
285 1659 472 1703 imaginum
493 1659 586 1693 cultu
609 1660 908 1704 SanctuseJoannes
931 1661 1106 1696 Damasce-

222 1718 310 1748 nus,
335 1708 371 1744 δε
394 1708 461 1743 vita
482 1709 591 1744 Sanni
612 1707 782 1752 Stephani·
801 1709 1007 1746 Auxentiani
1025 1735 1033 1743 .
1060 1711 1105 1745 Et

222 1756 294 1792 haec
304 1757 414 1792 nostra
423 1758 577 1801 Synodus
597 1759 681 1803 solas
699 1758 822 1794 christi
835 1760 999 1802 Domini,
1025 1761 1106 1795 Dei-

221 1818 306 1852 parae
327 1806 503 1852 Virginis,
528 1819 565 1842 ac
585 1809 767 1843 sandiorum
788 1807 965 1845 hominum
986 1811 1020 1845 δε
1036 1809 1106 1844 An-

221 1857 374 1902 gelorum
385 1858 547 1902 imagines
558 1858 593 1891 in
606 1856 684 1892 fidei
705 1860 765 1893 suae
774 1858 908 1893 decreto
932 1859 1083 1904 probavit
1095 1885 1103 1893 .

221 1907 328 1941 Hunc
350 1907 386 1941 in
399 1908 526 1941 sensum
543 1908 678 1943 Sanctus
689 1907 895 1954 Augustinus
919 1910 1056 1954 seipsum
1068 1910 1102 1943 in

220 1955 307 1990 libro
317 1954 358 1990 de
368 1957 481 1992 decem
491 1956 621 1992 chordis
633 1959 777 2003 explicat
789 1983 800 1999 ,
826 1959 940 1994 dicens
951 1960 993 1995 de
1006 1961 1082 1995 Deo
1094 1972 1100 1992 :

222 2009 269 2039 Et
290 2008 405 2040 nullam
423 2007 648 2050 fimilitudinem
673 2008 811 2043 debemus
829 2009 934 2052 facere
958 2011 1102 2044 :sacras

221 2055 384 2099 imagines
404 2058 467 2090 esse
488 2057 677 2092 Dominicae
696 2059 930 2093 incarnationis
954 2060 1101 2094 eflectum

222 2104 258 2140 ὃ(
269 2104 430 2149 sequelam
443 2104 556 2141 Patres
566 2108 679 2152 paffim
688 2107 864 2142 adfirmant
874 2128 886 2143 ψ

43 1955 114 1996 ‘3⁸1’-
123 1965 156 1993 ⁹·

367 2387 716 2462 CAPUT
800 2385 948 2438 111.

361 2556 579 2623 Exponitur
611 2557 731 2606 cultus
753 2558 960 2624 sacrarum

396 2630 403 2633 '⁷
431 2631 434 2634 ’
513 2625 772 2694 Reliquiarum
793 2664 808 2678 .

222 2791 467 2877 SAnstorum
478 2795 650 2841 Reliquias
661 2798 802 2834 Ecclesia
826 2798 999 2837 Catholica
1018 2803 1096 2838 sem-

310 2854 363 2886 per
371 2845 416 2878 est
428 2857 577 2882 venerata
586 2873 593 2881 .
623 2849 715 2883 Hinc
724 2850 826 2891 enim,
839 2851 887 2885 uti
898 2853 982 2896 apud
998 2854 1096 2889 Euse-

201 2891 313 2949 bium
322 2892 553 2931 Caesareensem
574 2899 926 2943 Ecclesia-Smyrnenfis
948 2902 992 2936 ad
1003 2903 1091 2938 Pon-

217 2949 321 2975 ticam
334 2942 465 2984 scribit,
488 2947 634 2989 aJudaeis
653 2951 737 2986 moti
751 2951 899 2987 Gentiles
921 2953 1089 2989 Praesidem

217 3002 414 3032 exorarunt,
438 3005 480 3029 ne
490 2995 595 3031 Sanni
610 2998 783 3046 polycarpi
798 3002 954 3046 Martyris
972 3005 1004 3038 &
1018 3004 1093 3048 Epi-

47 3052 110 3084 ω,
122 3060 199 3088 c-u-
218 3042 311 3086 scopi
332 3053 450 3085 corpus
459 3045 612 3090 cuiquam
628 3047 719 3085 daret
731 3075 742 3091 ,
767 3062 806 3085 ne
817 3051 978 3094 christiani
993 3058 1093 3088 Cruci·

214 3092 281 3135 fixo
302 3089 412 3135 deserto
431 3094 513 3127 illum
533 3101 694 3139 inciperent
716 3108 854 3135 venerari
875 3114 883 3135 ι
911 3102 1036 3139 Eadem
1055 3105 1090 3139 in

220 3152 283 3176 nos
294 3143 357 3176 fuit
368 3143 532 3178 calumnia
542 3145 745 3184 Diocletiani
764 3162 802 3185 ac
813 3151 1013 3188 Maximiani
1026 3153 1094 3190 Au-

220 3192 391 3236 gustorum
405 3217 415 3233 ‚
440 3191 481 3228 de
490 3194 614 3237 quibus·
630 3195 716 3232 idem
728 3199 906 3242 Eusebius,
930 3214 1031 3248 agens
1050 3205 1092 3239 de

220 3242 345 3276 Sandiis
356 3243 556 3287 Martyribus
566 3247 742 3291 Gorgonio
760 3251 795 3284 δε
807 3251 982 3286 Dorotheo
994 3278 1001 3284 .
1028 3257 1091 3287 Eos

198 3323 202 3327 ,
218 3291 280 3333 post
290 3291 412 3327 mortem
425 3295 526 3328 decoro
546 3297 691 3331 &celebri
706 3293 816 3342 funere
834 3309 924 3334 terrae
933 3305 1091 3338 mandatos

221 3342 415 3383 Imperatores
434 3345 472 3378 de
483 3350 595 3391 integro
607 3347 782 3389 effbdlendos
793 3373 804 3389 ,
828 3351 863 3384 6·
871 3355 905 3383 in
916 3363 1000 3385 mare
1006 3360 1092 3395 prae-

210 3394 386 3431 ‚cipitandos
394 3395 590 3430 decreverunt
600 3422 610 3437 ,
636 3409 673 3432 ne
685 3400 808 3441 quidam
818 3411 866 3433 eos
882 3405 915 3434 in
920 3400 1089 3445 sepulchris

220 3441 352 3476 conditos
360 3467 373 3485 ,
400 3446 477 3482 Deos
489 3447 541 3491 effe
551 3455 723 3491 reputantes
731 3471 744 3488 ,
770 3453 890 3485 Divina
898 3459 1091 3488 veneratione

47 3243 108 3277 LS.
128 3246 182 3274 c.6.

1121 573 1132 1096 l

1103 2977 1118 3547 l

1173 323 1246 347 rum
1258 311 1423 357 Reliquiis
1443 309 1587 360 honores
1608 312 1734 347 nostros
1756 313 1907 349 invidisse
1925 341 1937 357 ,
1962 314 2054 349 ided-

1174 373 1237 407 que
1262 363 1282 398 ὲ
1302 372 1436 398 cruenta
1468 361 1690 407 perseeutione
1725 364 1873 406 nequiter
1899 365 2025 399 eeffiffe
2038 380 2052 405 ,-
2154 399 2159 403 ,

1174 413 1319 447 Socrates
1345 412 1477 447 testatur
1498 437 1506 445 .
1535 403 1661 455 Elim
1682 412 1724 447 de
1745 413 1837 448 causa
1857 414 1943 457 apud
1968 414 2052 448 Her·-
2070 416 2186 451 L-5.c·8.

1175 463 1276 497 miam
1297 464 1528 499 Zozomenurn
1541 461 1667 507 Pagani
1691 462 1852 498 Gazenses
1861 463 2052 508 Martyrum

1175 513 1241 548 offa
1252 513 1414 548 asinorum
1439 513 1473 547 ὅ(
1484 512 1685 547 camelorum
1705 513 1824 549 ostibus
1834 514 2032 549 miscuerunt
2042 537 2052 547 .

1174 563 1219 597 Et
1230 563 1314 606 apud
1338 562 1556 598 Ammianum
1570 562 1804 597 Marcellinum
1828 563 2054 599 Alexandrina
2069 573 2204 607 1..3.c.10.

1174 612 1271 648 Plebs
1298 613 1432 658 gentilis
1456 611 1642 656 Georgium
1654 611 1875 656 Episcopum,
1902 611 2055 649 astAria·
2066 612 2228 643 Ian-023·

1175 674 1254 697 num
1263 687 1275 703 ‚
1299 664 1318 697 a
1330 664 1362 698 se
1375 661 1574 698 trucidatum
1585 686 1597 704 ,
1624 663 1644 696 5
1645 662 1724 695 ubtto
1735 667 1804 706 igne
1824 670 1969 696 cremavit
1983 688 1994 703 ,
2019 664 2054 698 <tt

1171 718 1283 746 cineres
1289 714 1412 755 praey'ecit
1424 718 1458 746 in
1467 724 1571 751 mare,
1597 713 1634 745 id
1642 719 1797 751 metuens,
1823 722 1857 745 ut
1879 714 2052 755 clamabat,

1171 774 1209 796 ne
1221 762 1342 796 colleffls
1347 762 1497 807 supremis
1507 762 1588 795 aetles
1599 763 1660 796 illis
1671 761 1891 803 exstruerentur
1907 787 1914 794 .
1938 761 2054 797 Paren-

1171 822 1218 848 tes
1229 813 1349 856 quippe
1361 812 1462 846 nostri
1484 813 1604 846 sanctas
1616 812 1802 854 Martyrum
1813 811 1965 856 reliquias
1983 823 2067 848 nom

1171 862 1300 896 tantum
1326 862 1468 906 pretiosis
1489 860 1679 896 sindonibus
1709 862 1875 897 involutas
1896 861 2058 906 gloriosis-

1171 911 1247 945 sime
1260 911 1459 956 sepeliebant
1472 936 1483 953 ,
1510 911 1609 946 sed&
1619 911 1683 946 suis
1694 912 1852 948 indebant
1865 911 2033 947 Altaribus
2043 933 2056 950 ,

1174 973 1210 997 ac
1221 962 1313 1006 super
1331 962 1414 1006 ipsas
1433 961 1509 996 Deo
1522 962 1715 996 sacrificium
1739 962 1920 997 offerebant
1933 987 1951 997 .,
1968 963 2057 1009 Qis

1173 1012 1236 1046 esse
1255 1011 1350 1055 poffit
1363 1011 1468 1055 major
1489 1010 1626 1046 honor?
1653 1012 1777 1046 Eorum
1804 1013 1839 1045 in
1851 1011 1939 1047 hisce
1962 1012 2058 1046 colli-

1172 1061 1286 1107 gendis
1312 1086 1323 1103 ,
1349 1059 1510 1097 ornandis
1530 1086 1541 1103 ‚
1567 1060 1759 1106 sepeliendis
1784 1061 1994 1109 diligentiam
2018 1062 2055 1099 δε

1172 1112 1392 1147 constantiam
1404 1112 1513 1147 nullus
1527 1112 1658 1156 ignorat
1672 1137 1679 1147 .

1251 1162 1404 1198 Honoris
1454 1162 1592 1197 modum
1640 1162 1807 1207 eleganter
1841 1162 1982 1206 exponit
2018 1161 2056 1195 in

1172 1213 1308 1256 praefatis
1344 1212 1461 1248 litteris
1497 1211 1625 1247 laudata
1662 1212 1803 1246 Ecclesia
1836 1211 2058 1254 Smyrnenfis.

1172 1260 1274 1306 Miseri
1288 1262 1439 1297 Gentiles
1461 1273 1499 1297 ac
1513 1263 1612 1306 Judaei
1632 1262 1831 1306 ignorabant,
1857 1274 1911 1296 nos
1934 1262 2059 1296 nonali-

1173 1314 1294 1355 quando
1311 1318 1345 1347 in
1354 1318 1490 1346 animum
1509 1313 1647 1347 inducere
1652 1314 1730 1356 poffe
1741 1336 1753 1353 ,
1780 1321 1814 1345 ut
1836 1314 1891 1347 vel
1908 1311 2060 1353 christum

1174 1361 1344 1405 defiramus
1360 1387 1372 1403 ,
1395 1363 1448 1396 vel
1459 1364 1553 1397 alium
1564 1367 1730 1404 quempiam
1749 1362 1877 1397 colamus
1895 1372 1928 1395 ut
1940 1365 2037 1395 Deum
2048 1380 2058 1393 -.

1171 1411 1260 1444 Illum
1283 1416 1363 1443 enim
1386 1434 1398 1450 ‚
1422 1417 1475 1452 qui
1497 1413 1568 1445 ver?
1590 1411 1674 1453 filius
1698 1416 1755 1444 Det
1777 1411 1816 1450 est
1838 1436 1850 1452 ,
1875 1413 2057 1444 adoramus:

1172 1462 1319 1498 Marmes
1344 1467 1444 1493 autem
1462 1468 1496 1492 ut
1518 1459 1672 1503 disi-ipulos
1699 1461 1733 1494 er
1755 1464 1918 1494 imitatores
1938 1462 2056 1493 Domini

1171 1511 1275 1543 merito
1298 1509 1528 1551 amplexamur,
1552 1521 1675 1552 quorum
1686 1522 1738 1543 nos
1748 1517 1903 1552 inpietate
1928 1509 2059 1553 difiipu-

1170 1558 1215 1593 los
1232 1557 1418 1602 &consortes
1437 1564 1472 1593 in
1480 1561 1578 1603 gloria
1580 1559 1651 1601 fore
1672 1568 1824 1601 optamus.
1851 1561 1954 1606 Qod
1964 1561 2056 1594 Mar·

1171 1618 1259 1651 tyres
1276 1609 1354 1644 Deo
1378 1619 1435 1643 aut
1458 1609 1525 1652 ejus
1548 1609 1637 1644 Filio
1662 1608 1817 1645 Domino
1841 1610 1955 1644 nostro
1982 1610 2055 1653 Jesu
2074 1595 2103 1625 L*
2127 1604 2154 1625 ¹·

1171 1657 1304 1693 Christo
1320 1669 1390 1693 non
1413 1669 1595 1702 aequemus,
1621 1657 1751 1703 egregie
1775 1659 1919 1693 ostendit
1945 1660 2055 1695 lauda·

1170 1718 1243 1744 tum
1265 1708 1285 1742 a
1303 1709 1423 1744 Sansto
1445 1710 1573 1752 Optato
1596 1709 1798 1742 Milevitano
1823 1709 1991 1752 Episcopo
2012 1710 2056 1744 fa-

1169 1760 1256 1793 &um
1276 1758 1464 1798 Cmciliani,
1492 1768 1572 1793 tunc
1594 1757 1860 1792 Archi-Diaconi
1873 1782 1884 1799 ,
1910 1759 2054 1801 postmo-

1168 1808 1250 1842 dum
1271 1802 1544 1851 Archi-Episcopi
1571 1806 1860 1852 Carthaginenfis‚
1888 1809 2052 1853 increpan-

1168 1858 1209 1891 tis
1221 1856 1386 1892 Lucillam
1397 1880 1409 1897 ,
1434 1857 1597 1893 faeminam
1609 1858 1799 1902 opulentam
1816 1859 1851 1894 ἀ
1860 1859 2028 1895 factiosam
2039 1883 2053 1901 ,

1167 1918 1236 1943 non
1248 1906 1338 1951 quod
1348 1907 1505 1951 Martyris
1515 1933 1527 1949 ,
1553 1908 1607 1942 sed
1619 1909 1707 1952 quod
1719 1906 1862 1943 necdum
1868 1910 2029 1945 :vindicati
2038 1934 2052 1951 ,

1168 1957 1291 1998 iol-est,
1319 1955 1460 1992 necdum
1490 1957 1532 1991 ab
1547 1958 1689 1993 Ecclesia
1709 1959 1834 2002 probati
1860 1960 1896 1993 dc
1916 1961 2053 1995 canoni-

1168 2009 1230 2043 zati
1243 2002 1400 2050 Martyris
1410 2018 1448 2041 os
1465 2031 1477 2047 ‚
1503 2006 1601 2052 idque
1624 2017 1695 2042 ante
1718 2007 1885 2053 spiritalem
1895 2004 2057 2044 Eucharil

1168 2058 1232 2092 stite
1240 2057 1336 2091 cibum
1356 2057 1391 2091 &
1397 2065 1500 2100 potum
1512 2058 1639 2091 libaret:
1666 2058 1767 2103 Qod
1780 2057 1870 2101 nescio
1881 2062 1965 2101 cujus
1977 2066 2054 2108 moe·

1168 2114 1212 2141 tui
1222 2107 1347 2141 bominis
1361 2119 1392 2140 os
1399 2116 1586 2150 praeponeret
1601 2108 1697 2141 Calici
1702 2107 1831 2151 salutari
1839 2133 1847 2141 .
1877 2110 2051 2153 Ejusmodi

1167 2157 1314 2202 religiosa
1326 2157 1435 2192 oscula
1459 2168 1536 2193 ante
1550 2159 1709 2202 sumptam
1726 2158 1966 2194 Eucharistiam
1979 2161 2050 2194 fieri

1168 2208 1271 2242 vetuit
1284 2207 1418 2252 antiqua
1430 2207 1592 2249 Ecclesia,
1622 2220 1662 2243 ne
1675 2208 1766 2243 ‹15stae
1783 2210 1971 2244 Gentilium
1994 2222 2048 2245 ca-

1167 2258 1300 2293 lumniae
1326 2259 1412 2292 foret
1437 2259 1525 2292 ullus
1547 2259 1638 2292 locus
1665 2285 1671 2291 .
1700 2260 1743 2293 Et
1772 2258 1850 2293 hinc
1878 2260 2046 2305 intelliges

1168 2308 1423 2342 Constantinum
1436 2309 1721 2352 Harmenopulum
1735 2310 1768 2342 in
1782 2309 1866 2343 libro
1877 2308 1918 2343 de
1928 2310 2046 2344 Sestis:
2065 2314 2143 2355 Cap.
2163 2317 2208 2350 ry.

1167 2358 1330 2401 Donatista
1343 2358 1494 2399 quoddam
1506 2370 1537 2391 os
1551 2383 1561 2399 ,
1586 2368 1809 2392 manutenentes
1820 2358 1949 2403 idipsum
1955 2362 2049 2403 prius

1166 2405 1408 2452 exosculabantur
1432 2432 1442 2448 ,
1467 2417 1557 2450 atque
1589 2411 1635 2441 ita
1663 2407 1880 2450 Eucharistiam
1904 2417 2049 2452 percipie-

1165 2458 1238 2490 bant
1259 2482 1266 2489 .
1294 2457 1438 2492 Fastiosa
1472 2458 1600 2493 Lucilla
1623 2458 1827 2494 Donatistici
1867 2459 2046 2495 schismatis

1165 2508 1229 2542 fuit
1245 2507 1347 2551 prima
1357 2508 1473 2552 origo,
1497 2517 1593 2553 atque
1605 2510 1647 2543 ita
1659 2509 1727 2552 ejus
1740 2508 1774 2543 in
1788 2510 1873 2544 sacra
1897 2522 2045 2546 commu—

1164 2557 1266 2591 nione
1277 2569 1400 2592 morem
1412 2566 1482 2592 tota
1496 2558 1601 2593 forsan
1615 2559 1713 2594 sastio
1725 2560 1845 2603 recepit
1864 2559 1897 2594 in
1911 2560 2017 2605 legem
2031 2587 2041 2595 .

1163 2608 1252 2641 Dico
1276 2630 1287 2646 ,
1313 2609 1430 2641 Forsan
1453 2622 1464 2642 :
1492 2608 1570 2653 Ejus
1589 2610 1679 2643 enirn
1710 2610 1757 2643 rei
1780 2620 1885 2655 neque
1912 2611 2042 2644 Sanetus

1162 2658 1305 2700 Optatus
1343 2682 1354 2699 ‚
1404 2668 1509 2701 neque
1553 2660 1684 2694 Sanetus
1721 2659 1927 2705 Augustinus
1961 2671 2044 2694 ·me-

1160 2707 1258 2741 minit
1283 2731 1295 2748 ,
1345 2705 1491 2752 adeoque
1515 2708 1595 2744 fides
1620 2720 1731 2744 manet
1756 2720 1853 2752 penes
1884 2720 2043 2744 memora-

1160 2767 1231 2792 tum
1263 2757 1519 2793 Constantinum
1540 2784 1552 2802 ,
1589 2758 1759 2795 hominem
1795 2757 2035 2794 schismaticum

1160 2808 1194 2842 ὅ(
1207 2818 1333 2842 novum
1344 2833 1354 2848 .,

1208 2857 1435 2902 Reliquiarum
1453 2858 1558 2894 cultus
1581 2860 1717 2894 mirifice
1739 2859 1957 2903 splendescere
1974 2872 2037 2896 coe·

1160 2907 1210 2951 pit
1219 2906 1290 2951 post
1314 2908 1424 2943 datam
1434 2909 1585 2944 Ecclefiis
1606 2912 1624 2944 a
1638 2909 1859 2944 Constantino
1880 2908 2037 2955 Augusto

1160 2968 1290 2999 pacem.
1320 2959 1424 2994 Tunc
1444 2960 1533 2994 enim
1555 2960 1765 3003 contigerunt
1786 2959 1843 2994 illa
1866 2985 1877 3000 ,
1905 2972 1977 3004 quae
1999 2962 2036 2998 in

1159 3006 1241 3041 libro
1256 3006 1407 3043 adversus
1415 3008 1639 3054 Vigilantium
1653 3008 1759 3045 laudat
1770 3009 1903 3045 SanEius
1914 3010 2039 3047 Hiero·
2049 3032 2116 3072 Cap
2142 3038 2172 3066 ri

1160 3068 1278 3100 nymus
1295 3082 1303 3090 .
1331 3060 1492 3103 sacrilegus
1517 3059 1583 3100 fuit
1606 3058 1813 3100 Constantinus
1838 3065 2008 3103 Imperator
2021 3085 2034 3102 ,
2117 3055 2123 3064 ’

1155 3113 1209 3149 qui
1227 3105 1354 3150 san8a1
1367 3109 1521 3151 Reliquias
1531 3109 1681 3151 Andreae‚
1708 3113 1820 3150 Lucae,
1843 3111 2031 3146 &Timothei

1154 3156 1301 3197 transtulit
1325 3157 1606 3199 Constantinopolim
1629 3184 1640 3200 ,
1665 3162 1750 3202 apud
1772 3173 1849 3204 quae
1873 3163 2034 3197 damonu-

1156 3213 1295 3251 rugiunt‚
1323 3208 1357 3241 (5
1372 3207 1483 3240 illorum
1497 3205 1531 3250 se
1547 3207 1660 3250 sentire
1675 3209 1871 3255 praesentiam
1895 3213 2032 3257 confiten-

1155 3257 1229 3290 tur?
1254 3258 1415 3300 sacrilegus
1426 3259 1568 3291 dicendus
1583 3258 1621 3298 est
1643 3261 1677 3293 &
1687 3271 1764 3294 nunc
1774 3264 1920 3297 Arcadius
1935 3268 2031 3307 Augu·

1150 3305 1235 3347 stus,
1257 3312 1309 3349 qui
1328 3307 1385 3350 offa
1405 3307 1483 3341 beati
1503 3310 1649 3344 Samuelis
1667 3313 1752 3355 longo
1768 3311 1834 3355 past
1856 3322 1982 3355 tempore
1992 3314 2030 3346 de

1150 3359 1183 3401 J
1185 3357 1274 3389 udaea
1285 3355 1431 3397 transtulit
1441 3363 1474 3391 in
1483 3357 1663 3393 Thraciam?
1687 3365 1795 3395 Omnes
1809 3361 1947 3406 Epifiopi
1968 3372 2027 3394 non

1151 3403 1242 3448 selum
1247 3405 1401 3450 sacrilegi,
1418 3405 1479 3451 sed
1500 3410 1535 3442 <St
1537 3408 1626 3450 fatui
1640 3412 1803 3451 ‚iudicandi
1815 3436 1828 3453 ,
1850 3416 1971 3453 quirem
1982 3414 2029 3442 vi-

1155 3457 1305 3497 liffimam,
1329 3458 1484 3492 &cineres
1503 3458 1645 3503 diffidatos
1658 3466 1693 3494 in
1715 3460 1825 3505 serim,
1850 3462 1925 3493 <trin
1946 3457 2028 3503 ,vase

1891 3518 1979 3543 aureo

2223 3113 2274 3171 „te
