2340 3762
68 504 222 542 limo-23·

61 1162 168 1192 1..6.c.1
175 1168 201 1197 ς.

12 1251 14 1253 >
65 1276 143 1314 Cap.
152 1283 177 1306 ι.

60 1430 137 1469 Cap?
145 1438 172 1465 γ.

61 1545 134 1583 Cap.
154 1547 199 1576 18.

60 1810 122 1844 14.
130 1805 218 1848 Epist.

62 1858 108 1879 20-

61 1889 122 1924 L-t·
140 1889 217 1921 c-80.

619 162 929 215 Senonas,
965 157 1255 206 ετ-Νοτῐε
1290 160 1674 207 utus-rnatu

241 244 427 283 Patiar-cha
447 246 770 291 Hierosolymitanus
792 271 798 277 .
835 244 1028 279 Monasticae
1056 256 1108 279 cu·

240 297 329 332 eullae
338 298 488 341 mysteria
500 296 586 342 large
597 309 636 331 ex
649 297 821 331 Bonifacio
833 306 947 339 quarto
970 294 1108 329 Pontifi-

238 358 276 383 σε
297 350 435 394 exponit
456 350 589 383 San-stus
602 346 712 381 Petrus
723 346 893 380 Damiani.
922 344 1109 380 Monachos

237 408 296 435 aut
307 397 466 434 humilem
476 400 619 444 ipsorum
632 395 783 431 habitum
803 393 932 430 irridere
950 394 995 429 est
1014 406 1109 440 paga-

237 459 282 484 na
299 450 432 492 perfidia
452 474 463 490 ,
489 448 640 482 damnata
662 448 680 481 a
705 448 821 481 Sancto
840 445 1051 489 Hieronymo
1072 447 1106 479 in

238 498 355 534 litteris
364 499 405 534 ad
418 498 553 534 illustres
575 508 739 531 matronas
759 495 889 530 Furiam
915 507 953 529 ac
973 495 1117 530 Marcel->

238 549 327 590 lam,
352 550 414 584 &a
425 550 541 583 Sancto
552 548 703 582 Salviano
715 547 878 591 Episcopo
897 545 1084 580 Maffilienfi
1101 570 1108 578 .

237 599 313 634 Effe
323 598 377 633 hic
387 598 537 633 adfirmat
549 610 651 632 unum
661 609 700 632 ex
725 597 788 631 illis
802 596 927 630 delictis
939 619 949 635 ‚
974 595 1019 629 ob
1038 607 1107 639 quae

235 649 381 683 Divinus
391 649 480 683 furor
491 648 637 683 Africam
648 645 778 682 tradidit
791 647 825 679 in
839 644 986 680 barbaras
1010 655 1108 690 atque

235 697 376 734 Arianas
397 710 512 733 manus
523 698 761 732 Wandalorum
774 722 782 729 .

257 748 405 783 ··Canon
417 750 546 793 praesens
556 748 612 783 dat
637 748 672 781 &
693 747 792 781 aliam
809 747 957 788 causam,
982 758 1021 781 ex
1045 756 1108 789 qua

236 809 387 842 oporteat
408 797 557 833 habitum
579 796 794 832 monasticum
814 797 945 830 revereri
966 819 974 827 .
1004 795 1108 841 Qod

236 859 354 891 nempe
371 847 479 890 priscis
497 847 676 888 temporibus
695 852 791 878 omnis
813 845 951 888 sacratus
964 850 1014 877 vir
1037 869 1047 885 ‚
1073 844 1108 877 &

235 898 418 940 Episcopus
443 897 478 930 ἀ
489 896 635 930 Clericus
646 920 657 935 ‚
683 905 759 928 cum
771 894 951 928 monastica
967 904 1022 927 aut
1036 892 1110 926 sane

234 946 371 980 mediocri
397 957 432 979 ac
443 946 499 978 vili
509 944 588 985 veste
607 942 836 986 conversabatur
848 969 855 975 .
886 943 1020 978 Etenim
1042 942 1109 977 Va-

233 995 319 1031 lenti
341 994 494 1040 Angusto
517 994 646 1029 Atiano
657 1018 668 1035 ‚
694 994 731 1028 in
745 993 894 1037 Ecclefiae
905 993 1110 1028 Caesareenfis

234 1043 323 1080 bona
345 1045 486 1090 Regiam
499 1055 635 1079 manum
655 1044 781 1078 mittere
808 1044 1000 1083 minitanti,
1026 1041 1108 1086 apud

234 1095 409 1129 Hertniam
418 1095 646 1129 Zozomenum
659 1093 825 1138 respondit
835 1095 967 1128 Sanctus
976 1093 1109 1126 ssafflius

235 1145 403 1191 Magnus:
430 1150 511 1188 Opes
524 1157 581 1178 non
592 1144 683 1177 habeo
695 1168 705 1184 ,
731 1143 787 1185 nist
794 1143 900 1184 vestem
921 1145 1050 1177 laceram
1076 1144 1110 1176 <5

233 1194 343 1239 paucos
363 1192 454 1229 libros
475 1220 482 1227 .
511 1195 554 1229 Et
575 1194 616 1229 de
633 1191 754 1228 vSancto
775 1194 898 1237 Iacobo
923 1193 1084 1228 Nifibeno
1099 1217 1110 1234 ‚

235 1244 326 1290 quod
336 1244 560 1281 authenticam
571 1243 727 1279 monachi
742 1245 857 1281 vestem
870 1270 880 1285 ,
906 1243 1004 1278 vilem
1024 1244 1042 1277 ἐ
1060 1254 1113 1277 ca-

234 1301 366 1340 prarum
376 1295 452 1341 pilis
470 1295 617 1329 tunicam
637 1294 830 1336 retinuerit,
856 1295 987 1329 testatur
1006 1293 1041 1328 in
1063 1291 1111 1326 hi-

233 1345 336 1380 floria
356 1345 536 1381 monastica
555 1343 789 1379 Theodoretus
810 1369 817 1376 .
845 1345 899 1378 'Et
928 1344 968 1379 de
993 1344 1110 1378 Sanno

233 1394 384 1435 Mai-tino
405 1393 594 1427 Turonenfi
617 1394 780 1436 Episcopo
811 1394 920 1427 scribit
952 1392 1110 1436 sulpitius

231 1442 386 1478 Severus:
412 1444 535 1475 Eadem
547 1465 558 1481 ,
580 1454 651 1486 quae
671 1440 837 1476 monacho
857 1443 959 1475 fuerat
971 1466 982 1481 ,
1007 1447 1041 1474 in
1060 1451 1113 1475 ve-

226 1492 301 1535 stitu
322 1493 514 1533 ejusmilitas
535 1499 600 1525 erat
618 1517 626 1523 .
662 1491 708 1525 Et
728 1491 771 1526 de
790 1492 905 1526 Sanno
928 1491 1109 1536 Fulgentio

232 1542 388 1587 Ruspenfi
399 1542 560 1586 Episcopo
573 1541 697 1576 Austor
706 1541 896 1587 incognitus
908 1566 919 1581 ,
945 1551 978 1576 at
998 1539 1113 1584 proba-

233 1592 393 1633 riffimus:
418 1597 595 1634 Numquam
603 1589 730 1634 pretiosa
753 1591 928 1632 vestimenta
950 1590 1109 1634 quesivit,

229 1641 288 1686 sed
295 1649 382 1676 unica
392 1642 510 1674 tantum
522 1642 657 1682 vilifflma
675 1646 795 1681 tunica,
812 1640 876 1682 five
881 1649 939 1682 per
961 1641 1110 1681 cestuum,

228 1690 356 1735 fiveper
369 1691 491 1731 hyemem
495 1690 562 1733 fuit
566 1697 720 1733 patienter
730 1692 853 1726 indutus
863 1716 870 1724 .
896 1692 939 1725 Et
960 1691 1000 1726 de
1013 1691 1108 1735 loan-

1884 179 1945 213 26
1957 183 1982 227 3-

1179 244 1354 279 Diaconus
1367 244 1528 280 ostendit.
1555 246 1613 282 Ob
1634 245 1792 289 ejusmodi
1816 249 1964 292 exempla
1986 250 2067 293 pluae,

1178 294 1258 329 rima
1280 295 1355 329 vilis
1374 295 1618 331 monachorum
1640 295 1772 331 habitus
1791 297 1836 331 est
1860 298 1979 334 merito
2007 309 2057 333 ve·

1180 344 1360 380 nerandus‘.
1697 367 1699 370 ⁴
1833 341 1842 372 ss
2054 366 2061 373 -

1227 394 1301 429 Nec
1312 396 1407 430 illum
1421 396 1525 431 solum
1537 397 1777 433 Constantinus
1788 395 1955 442 Augustus
1966 423 1976 438 ‚
2001 398 2060 433 sed

1179 446 1212 479 ὅ(
1223 445 1312 479 suum
1326 447 1450 480 avitum
1461 445 1610 481 habitum
1623 447 1831 492 despexerant
1847 447 2057 485 lcouoclastae

1179 496 1330 539 Episcopi
1358 496 1392 529 δε
1415 496 1556 537 Clerici,
1582 497 1651 540 ejus
1673 497 1867 532 modestiam
1888 497 2058 535 demutan-

1178 546 1270 579 tesin
1282 545 1446 591 fulgidas,
1473 545 1591 587 claras,
1622 547 1730 581 sericis
1746 547 1895 582 -texturis
1918 548 2065 583 variatas·

1179 594 1300 636 vestes,
1325 595 1587 640 apponentesque
1610 597 1771 630 variorum
1794 598 1942 632 colorum
1962 609 2058 633 orna·

1178 656 1287 679 menta
1315 646 1349 679 in
1362 644 1621 680 summitatibus.
1650 646 1693 679 Et
1716 646 1857 690 ipsorum
1879 647 2055 682 vanitatem

1177 695 1211 728 δε
1232 695 1381 730 Canonis
1406 696 1506 731 nostri
1519 705 1661 730 mentem
1686 695 1853 740 eleganter
1875 697 1961 739 apud
1973 698 2059 732 Lau-

1176 746 1317 778 rentium
1331 745 1459 779 Surium
1476 745 1612 789 exponit
1633 744 1781 790 Ignatius
1805 744 2057 790 Archi-Episco-

1177 805 1234 836 pus
1259 795 1410 828 Nicaenus
1432 795 1465 828 in
1490 796 1557 828 vita
1582 793 1874 835 SanfflTharafii,
1900 796 1957 837 qui
1982 807 2057 840 prae·

1177 845 1296 877 sentem
1310 845 1483 878 Canonem
1504 844 1656 879 condidit
1668 869 1678 885 ,
1705 845 1886 889 publicavit
1900 868 1912 885 ‚
1939 857 2055 880 execu-

1175 893 1260 927 tioni
1284 894 1450 928 mandavit
1463 918 1475 934 ‚
1499 894 1693 930 Patriarchae
1713 895 2056 939 Constantinopolita-

1177 943 1210 976 ni
1220 967 1227 974 .
1253 945 1360 977 Multis
1372 955 1411 977 ex
1422 949 1464 977 eis
1477 970 1489 986 ,
1513 951 1564 987 qui
1575 955 1661 979 erant
1672 946 1760 980 relati
1778 952 1811 979 in
1822 956 1976 980 nnmerum
1989 947 2056 980 cte-

1174 997 1299 1027 ricorum
1312 1018 1322 1034 ,
1348 992 1472 1037 'qui‘suos
1483 995 1593 1028 lumbos
1607 1002 1690 1029 zonis
1703 996 1856 1041 cingebant
1866 1002 1967 1030 aureis
1980 1021 1992 1037 ‚
2019 999 2055 1031 (τ’

1175 1050 1273 1076 ornati
1284 1054 1370 1076 erant
1383 1050 1483 1078 variis
1509 1047 1544 1079 (9⁰
1552 1045 1682 1087 pretiqlr‘s
1694 1045 1820 1086 vestibus
1834 1044 1956 1088 sericeis
1965 1070 1976 1086 ‚
2002 1059 2057 1080 au·

1174 1104 1239 1125 rum
1252 1094 1371 1134 quidem
1383 1095 1520 1135 ademit,
1539 1095 1616 1136 fecit
1639 1104 1738 1129 autem
1756 1094 1920 1139 succingere
1942 1095 2055 1128 lumbos

1175 1145 1300 1186 cingulis
1312 1151 1459 1178 contextis
1470 1156 1507 1178 ex
1513 1146 1588 1187 pilis
1599 1154 1759 1198 capraqum
1773 1170 1779 1176 .
1807 1148 1867 1178 Eis
1878 1148 1948 1178 verri
1967 1154 1982 1185 ‚·
2003 1152 2055 1188 qui

1176 1196 1230 1226 toti
1241 1200 1351 1236 corpori
1363 1206 1402 1228 ex
1411 1193 1520 1238 eisdem
1535 1194 1597 1237 filis
1608 1199 1768 1238 purpureis
1787 1194 1881 1236 vestes
1903 1194 2057 1229 habebant

1174 1250 1326 1277 contextas
1347 1269 1359 1285 ‚
1396 1251 1540 1289 excogitat
1561 1251 1677 1279 tunicas
1698 1252 1823 1280 remotas
1854 1247 1874 1277 ἃ
1895 1244 2055 1286 curiofimte

1175 1298 1268 1327 nimia
1288 1295 1323 1328 ὁ·
1346 1295 1480 1334 deliciis,
1504 1304 1538 1329 ut
1563 1307 1630 1339 quae
1651 1295 1736 1340 effen?
1757 1294 1873 1335 vestitus
1896 1289 2056 1336 honestus',

1166 1344 1210 1376 v&¹
1229 1350 1419 1379 convenirent
1439 1351 1482 1379 e'is
1506 1369 1517 1386 ,
1542 1352 1595 1388 qui
1618 1349 1678 1380 Deo
1690 1345 1808 1390 servire
1825 1344 1994 1386 statuerunt
2019 1347 2055 1379 Θ·

1166 1393 1347 1434 profitentur
1368 1394 1585 1428 bumilitatem.
1612 1398 1662 1428 Ex
1687 1407 1743 1438 quo
1762 1397 1837 1438 quid
1857 1401 1958 1428 evenit
1972 1395 1990 1426 ,ἓ
2015 1399 2056 1434 Ut

1171 1440 1319 1474 tolleretur
1330 1443 1448 1485 quidem
1461 1445 1614 1486 quidquid
1622 1446 1727 1477 damni
1750 1456 1789 1477 ex
1816 1455 1847 1478 eo
1859 1443 2054 1487 nascebatur}

1171 1489 1365 1525 honoraretur
1376 1502 1474 1526 autem
1477 1492 1646 1537 frugalitas
1659 1519 1669 1534 ,
1693 1506 1726 1527 ut
1741 1492 1896 1537 thesaurus
1908 1493 2056 1537 quispiam

1166 1540 1376 1585 pretiefiffimus
1397 1568 1404 1575 .
1439 1541 1487 1577 Ita
1503 1568 1515 1584 ‚
1541 1546 1674 1588 inquam
1690 1569 1700 1584 ‚
1728 1546 1862 1578 sanstus
1882 1543 2055 1579 Tharafius

1171 1592 1358 1634 praesentem
1371 1593 1545 1627 Canonem
1555 1595 1599 1628 est
1612 1604 1781 1628 executus.
1814 1594 1868 1628 De
1878 1595 2060 1638 unguentis

1170 1639 1226 1675 hic
1248 1640 1428 1676 interdictis
1448 1642 1531 1677 alius
1551 1643 1611 1677 erit
1631 1643 1762 1678 dicendi
1788 1643 1880 1678 locus
1907 1656 1915 1675 :
1951 1645 2055 1679 Erant

1170 1692 1526 1735 unguentaodorifera
1547 1715 1559 1732 ,
1583 1705 1652 1737 quae
1672 1694 1836 1737 pudicitiae
1862 1704 1988 1728 venena
2013 1703 2053 1728 ae

233 1753 278 1788 ne
287 1750 402 1786 quarto
415 1742 579 1785 Episcopo
591 1741 963 1785 Constantinopolitano
974 1740 1107 1783 Sanetus
1171 1741 1273 1785 pestes
1282 1742 1652 1787 SanetusHieronymus
1673 1742 1810 1788 appellat
1824 1767 1832 1775 .
1858 1742 1986 1778 Eadem
2004 1744 2055 1777 in-

233 1790 413 1837 Gre‘gorius
422 1791 588 1835 Magnus:
600 1794 717 1832 Corpus
727 1790 872 1834 despec‘h's
884 1789 1012 1829 vellibui
1022 1796 1103 1833 tegit.

233 1842 278 1876 Et
291 1842 396 1885 ipsum
407 1840 559 1874 Sanstum
569 1840 768 1884 Gregorium
779 1864 790 1881 ,
816 1840 1009 1875 Romanum
1023 1838 1108 1873 Pon-

229 1892 353 1927 tificem
385 1891 479 1925 fuisse
507 1889 666 1925 mediocri
702 1887 817 1925 habitu
849 1891 942 1925 usum
966 1889 1108 1933 Ioannes

1171 1790 1307 1825 sestat’ur
1316 1791 1495 1835 gentillum
1518 1793 1687 1837 paraemia:
1714 1797 1786 1826 Non
1809 1792 1881 1828 ben?
1899 1793 1977 1835 olet,
2002 1800 2054 1837 qut

1171 1839 1244 1874 ben?
1255 1839 1369 1884 [emper
1379 1843 1433 1875 olet
1442 1866 1449 1874 .
1864 1867 1867 1870 .

491 2266 1163 2359 CANON
1322 2269 1785 2365 XVII,

378 2522 467 2573 Uia
489 2520 668 2591 quidam
695 2523 1012 2575 Monachorum
1038 2521 1277 2573 deserentes
1302 2523 1561 2574 Monasteria
1587 2524 1656 2577 sua
1674 2562 1687 2587 ‚
1722 2526 1890 2595 praeeffe
1915 2531 2046 2581 anhe-

414 2595 550 2643 lantes
571 2630 584 2655 ‚
623 2599 667 2644 δι
695 2595 871 2644 obedire
897 2609 1121 2644 renuentes
1152 2630 1167 2655 ‚
1202 2595 1410 2659 inchoant
1445 2596 1686 2645 construere
1721 2600 1933 2649 oratorias
1968 2601 2047 2650 do-

411 2681 505 2714 mos
545 2701 559 2725 ,
606 2681 659 2714 ea
694 2683 790 2733 quae
826 2664 882 2714 ad
918 2663 1224 2732 perfeffionem
1260 2663 1489 2716 necessaria
1535 2665 1632 2716 sunt
1668 2686 1756 2719 non
1793 2667 2001 2720 habentes
2032 2692 2044 2721 ε

228 2731 438 2800 Quisquis
466 2736 600 2798 igitu‘r
626 2735 710 2784 hoc
734 2734 846 2786 visus
872 2735 999 2785 fuerit
1025 2745 1148 2797 agere
1173 2770 1187 2795 ‚
1223 2734 1503 2804 prohibeatur
1526 2734 1555 2787 ὲ
1569 2739 1668 2788 ‘lo'ci
1688 2730 1909 2807 'Episcopo
1929 2776 1941 2788 .
1980 2747 2044 2790 At

230 2802 336 2851 vero
364 2803 396 2853 fi
422 2802 614 2873 sumptus
639 2804 892 2856 sufficientes
919 2803 976 2853 ad
1000 2804 1309 2872 perfefflonem
1334 2806 1530 2858 habuerit
1553 2843 1567 2868 ‚
1602 2826 1698 2876 quae
1728 2809 1785 2857 ab
1810 2808 1902 2877 ipso
1937 2809 2044 2860 defi-

228 2869 433 2922 derantur
461 2911 475 2936 ,
509 2875 567 2924 ad
592 2879 822 2925 terminum
848 2874 1136 2945 perducantur
1158 2912 1172 2925 .
1209 2875 1401 2946 Idipsum
1426 2893 1571 2930 autern
1595 2877 1847 2932 servandum
1873 2879 1935 2930 est
1978 2897 2043 2931 et-

230 2941 320 2991 iam
342 2940 464 3011 super
487 2944 609 2995 laicis
647 2950 702 2998 ’ὅτ
724 2948 907 2999 Clericis
921 2981 935 2996 .

412 3133 902 3190 Senot1oN.

323 3277 489 3325 Nequam
498 3281 540 3319 de
550 3282 746 3321 edificandis
768 3287 918 3323 Ecclefiis
929 3275 1103 3326 canonem

2074 924 2143 964 Cap.
2163 934 2195 960 4·
2209 937 2212 944 ·

1171 3143 1329 3181 exstruth
1340 3169 1347 3177 .
1372 3147 1482 3182 omnia
1496 3144 1653 3190 diligenter
1667 3148 1808 3189 inqune,
1832 3148 1869 3182 θ
1882 3145 1914 3190 fi
1920 3159 2019 3182 eorum
2032 3172 2043 3189 ‚
2061 3166 2220 3206 Lizaepist.

1169 3208 1236 3239 quae
1252 3196 1411 3237 offeruntur
1420 3221 1432 3237 ‚
1457 3197 1628 3231 reddituum
1639 3203 1797 3239 quantitas
1809 3221 1819 3237 ‚
1833 3199 1885 3231 vel
1893 3211 1960 3240 quae
1970 3206 2045 3232 tem-
2066 3213 2097 3235 r,

1164 3255 1235 3288 pore
1255 3251 1356 3279 mortis
1375 3246 1552 3288 reliquerit,
1572 3244 1668 3290 sartis
1691 3246 1776 3281 tellis
1793 3269 1804 3286 ‚
1829 3250 1864 3281 (τ
1887 3250 2043 3282 luminari-

1169 3296 1223 3328 bus
1244 3321 1256 3337 ,
1281 3306 1334 3329 nec
1352 3306 1411 3328 non
1430 3297 1580 3330 alimoniis
1594 3295 1794 3340 servientium
1815 3309 1917 3331 annua
1936 3299 2038 3340 posfint

231 3374 266 3411 E
288 3378 296 3387 ·
348 3331 455 3367 scribit
473 3333 514 3368 ad
540 3334 684 3370 Felicem
698 3336 927 3394 Meffinensem
947 3340 981 3374 in
994 3341 1102 3376 Sicilia
1165 3344 1506 3389 praestationesufficere,
1531 3345 1598 3390 ipsa
1617 3347 1817 3389 munificentia
1822 3348 1862 3389 fit
1878 3347 1964 3391 gestis
1978 3358 2040 3392 mq-

267 3380 431 3424 l’lstOPum
452 3382 585 3426 sanstus
605 3386 786 3431 Gregorius
807 3388 951 3434 Magnus
972 3414 984 3431 ,
1009 3403 1106 3436 agens
1171 3394 1347 3438 nicipalibus
1366 3397 1513 3440 allegata.
1540 3399 1634 3441 ,Quod
1644 3395 1743 3437 ssbaec
1755 3423 1764 3437 ‚
1790 3409 1855 3439 quae
1881 3400 2013 3428 diximus
2029 3419 2040 3436 ‚

230 3424 275 3462 de
287 3427 425 3465 Ecclesia
444 3443 499 3476 per
510 3434 698 3477 Januarium
715 3437 963 3475 subdiaconum
983 3441 1105 3477 ibidem
1168 3443 1540 3489 persollicitudinmeuam
1552 3449 1674 3489 impieta
1697 3448 1875 3490 nonfuerint
1886 3470 1897 3485 ,
1923 3447 1960 3477 de
1970 3454 2039 3486 pro·

277 3514 279 3516 ,
329 3478 435 3520 Christ.
450 3486 527 3527 Lupi
537 3489 619 3527 oper.
634 3489 711 3521 Tom.
723 3490 777 3520 111.

1572 3497 1718 3534 Cc2

1922 3502 1992 3535 pria
