2340 3762
660 148 727 178 nn
761 146 995 178 οετΛνΑ
1029 131 1281 176 ersooor
1305 127 1633 179 Gens-itam.

242 226 282 253 ut
291 217 453 262 temagna
474 216 585 253 laudat
606 219 773 258 Socrates,
800 217 942 251 addens:
969 220 1007 249 Ut
1027 218 1131 265 syrusi

237 272 448 310 pronunciavit
458 293 465 300 .
491 269 584 316 Qin
608 269 642 302 δε
653 270 787 303 Sanctus
801 266 961 310 Ephreem
973 289 983 306 ,
995 265 1109 300 dostis-
1127 292 1131 321 δ

240 316 337 350 fimus
349 318 492 352 Ecclefiae
506 319 669 353 Edeffenae
679 318 849 352 Diaconus
859 340 870 356 ‚
896 317 995 359 graecc
1019 317 1111 359 igno·
1127 324 1131 339 ¹

238 365 323 401 ravit
332 391 343 408 ‚
365 370 542 411 omnesque
552 369 622 403 istic
636 368 782 402 Ecclefiae
792 366 915 401 Divina
927 365 1042 407 ,officia
1052 367 1108 408 Sy-

237 415 325 451 riaco
338 417 560 458 persolvebant
571 442 578 449 .

289 465 381 500 Elias
390 468 496 511 itaque
509 467 679 511 Presbyter
690 468 828 510 primum
841 467 1058 501 communiter
1071 466 1103 499 δε

235 525 297 559 pro
308 517 338 549 se
357 517 391 551 δε
402 528 459 559 pro
470 517 597 561 collega
610 519 666 551 suo
678 517 816 552 Thoma
828 515 990 559 respondit
1005 517 1107 561 Lega-

233 564 278 599 tis
289 565 507 609 Apostolicisz
533 572 605 601 Non
615 573 731 612 ignorat
741 566 855 606 Christo
875 573 969 599 amica
984 567 1106 599 Dilec‘lio

235 614 355 655 vestra,
374 615 514 657 fratres,
540 629 591 651 nec
610 623 761 661 ignoravit
784 625 847 649 tam
866 618 886 648 ὰ
906 617 989 648 nobis
1016 615 1083 658 ipfis
1095 639 1105 656 ,

233 674 325 707 quam
345 666 367 696 ἃ
380 666 577 700 venatoribus
601 666 703 706 nostris
725 665 948 709 Imperator-ibus
969 664 1081 709 discens
1095 691 1104 706 ,

232 718 288 756 qut*
292 712 398 757 smnus
409 740 420 756 ,
446 718 481 751 Θ
490 718 567 750 unde
578 719 612 751 ὀ·
623 718 722 759 quales
737 742 744 749 .
770 720 980 750 Verumtamen
991 718 1036 749 ad
1042 717 1104 757 ple-

233 769 345 798 niorem
360 763 600 808 satisfadionem
623 768 748 800 dicimur
772 769 807 800 Θ·
830 777 905 800 nunc
927 767 1042 799 rursum
1063 766 1106 798 ad

232 823 307 846 vos.
336 813 470 849 Etenim
490 817 599 859 &ipse
621 814 838 856 &⁷1'homas,
863 817 1005 860 Legatos
1017 817 1107 857 Apo·

232 861 367 897 stolicos
387 867 590 907 expectantes
602 888 613 902 ,
636 865 928 906 Constantinopoli
940 864 1038 897 ferme
1051 874 1104 906 per

230 910 403 945 biennium
416 912 567 946 haeserant
579 937 589 952 ,
615 912 747 946 edentes
758 912 891 945 illustria
902 911 976 946 fidei
998 913 1031 946 δε
1043 914 1103 956 pie·

230 960 308 994 tatis
317 960 516 996 documenta
527 987 535 994 .
563 960 693 996 Deinde
704 973 761 1003 pro
772 960 909 996 Thoma
926 962 1103 1004 specialiter

231 1009 297 1044 fuit
307 1008 398 1044 Elias
420 1010 549 1046 locutus
563 1023 570 1043 :
598 1012 790 1052 Sanfflffi'mus
803 1011 929 1044 Thomas
942 1014 1101 1054 Metropoli-

230 1066 267 1091 2a
287 1060 381 1101 Tyri,
399 1059 473 1102 ficut
512 1062 547 1096 (9·
582 1061 667 1095 vobis
704 1070 804 1094 notum
829 1062 867 1102 est
889 1086 900 1101 ‚
921 1067 1031 1104 primae
1061 1062 1103 1107 se-

229 1109 281 1141 dis
293 1109 418 1150 existens
430 1111 592 1145 Antiochia
602 1134 612 1151 ,
637 1109 726 1154 usque
736 1112 807 1144 dum
815 1110 868 1152 fiat
879 1113 1057 1145 Patriarcba
1069 1120 1102 1146 in

228 1160 333 1193 eadem
336 1157 408 1202 sede
422 1184 434 1200 ‚
457 1161 492 1194 ob
502 1160 553 1194 boc
567 1172 625 1194 non
637 1167 764 1203 oportuit
774 1171 838 1194 eum
849 1161 965 1203 deferre
983 1164 1100 1197 litteras

226 1208 329 1251 miffas
339 1209 378 1242 ab
388 1210 447 1243 alio
455 1212 553 1253 aliquo
564 1235 575 1251 ,
600 1212 663 1243 cum
673 1209 736 1253 ipfi·
755 1211 960 1245 auetoritatem
979 1214 1013 1247 &
1021 1222 1102 1255 pote-

218 1256 333 1298 statem
344 1258 462 1292 baberet
473 1266 506 1294 in
518 1261 621 1295 eadem
626 1259 697 1302 sede
706 1285 713 1291 .
742 1261 834 1296 Idem
847 1261 999 1297 Thomas
1017 1264 1098 1298 infra

226 1315 364 1342 vocatur
387 1311 505 1344 Primus
526 1310 614 1354 Seffitr
632 1310 665 1343 (5
683 1312 803 1344 Primos
824 1309 908 1354 sedis
930 1311 1096 1355 Theopoleos

224 1357 390 1393 Antiochia
404 1384 411 1391 .
438 1359 494 1394 Ad
504 1371 574 1404 quae
586 1361 680 1394 verba
704 1370 798 1395 notat
810 1362 988 1405 marginale
1010 1361 1100 1397 Ana-

226 1406 310 1441 flafii
330 1407 501 1443 scholion:
529 1412 664 1443 Primum
685 1412 817 1454 Sessorem
828 1436 838 1452 ,
865 1411 900 1443 id
914 1412 972 1451 est,
999 1415 1099 1446 Proto-

222 1455 375 1491 Thronum
387 1457 590 1501 fiveprimum
599 1459 732 1501 Sfftrem
742 1461 815 1491 dicit
826 1470 922 1492 eorum
943 1460 1099 1503 Epifiopo-

221 1514 310 1544 rum,
335 1512 387 1549 qui
396 1509 440 1539 ad
453 1506 688 1550 Theopolitanam
698 1530 708 1546 ,
734 1506 785 1541 hoc
796 1506 833 1547 est
846 1532 856 1547 ‚
889 1509 1098 1543 Antiochenam

219 1552 361 1598 speaant
371 1556 544 1597 Ecclesiam.
570 1558 608 1590 In
624 1555 685 1591 hac
703 1557 818 1592 eadem
839 1558 940 1600 prima
958 1558 1098 1593 Actione

223 1614 362 1638 vocatur
380 1609 470 1638 Proto
488 1606 610 1639 thronus
621 1606 782 1639 Antiocbiae
797 1630 807 1646 ‚
834 1607 1023 1651 rursumque
1046 1619 1098 1642 ex-

219 1654 322 1697 ponit
335 1654 540 1689 Anastasius.-
567 1657 609 1689 Id
625 1656 683 1696 est,
705 1661 815 1698 primae
832 1654 917 1699 sedis
937 1657 1096 1691 Antiocbiae

219 1701 376 1746 dioeceseos
392 1728 401 1737 .
425 1703 584 1748 Iosephus
603 1704 784 1741 monachus
803 1730 815 1746 ‚
840 1704 1017 1741 Michaelis
1038 1707 1097 1742 Pa·

221 1751 369 1787 triarchae
389 1752 607 1789 Alexandrini
622 1754 912 1790 Archi-Diaconus
928 1756 1096 1800 Syncellus

220 1801 258 1836 δε
269 1801 413 1847 Legatus
422 1813 516 1839 vocat
526 1803 687 1848 Praesulem
697 1807 781 1846 Tyri,
799 1813 900 1847 prime
911 1808 1094 1847 metropoleos

219 1851 454 1893 Antiochenfium
474 1853 585 1888 Throni
602 1880 610 1887 .
637 1855 820 1899 Tyriorum
843 1854 982 1889 Ecclesia
994 1879 1004 1895 ‚
1032 1855 1094 1898 pri-

219 1909 280 1933 mae
290 1898 464 1935 Phaeniciae
483 1902 763 1946 Metropolitana,
787 1914 854 1938 erat
876 1902 1091 1938 Antiochense

217 1948 393 1985 dioeceseos
412 1949 514 1994 prima
534 1953 605 1996 post
628 1952 881 1988 Patriarchalem
897 1952 1004 1987 sedem
1018 1978 1029 1994 ‚
1054 1965 1091 1988 ac

214 1997 275 2033 illa
288 2008 423 2033 vacante
441 2001 544 2034 totius
556 2002 794 2037 patriarchatus
813 2003 930 2037 vicaria
952 2003 1090 2038 admini-

216 2047 347 2082 stratrix
368 2071 380 2088 ,
405 2047 546 2093 ideoque
564 2049 717 2084 Thomas
739 2052 861 2085 nullius
882 2052 1090 2096 delegatione

213 2106 276 2131 aut
286 2097 564 2133 commendatitiis
583 2098 702 2144 egebat
714 2099 848 2139 litteris,
872 2101 987 2144 utpote
998 2102 1088 2145 cujus

213 2156 286 2182 erat
296 2158 349 2183 eas
358 2146 511 2183 omnibus
520 2148 611 2185 dare.
637 2149 748 2197 Qam
759 2150 928 2195 regiminis
948 2151 1087 2187 formam

216 2207 342 2232 certum
352 2197 398 2231 est
420 2197 493 2232 istic
505 2209 572 2232 non
593 2200 655 2234 effe
665 2199 835 2243 antiquam
848 2225 857 2234 .
886 2200 966 2243 Ejus
987 2201 1087 2245 origi-

215 2258 294 2281 nem
324 2247 444 2292 ignoro
465 2272 472 2279 .
499 2248 548 2282 Ita
581 2249 712 2283 interim
732 2248 816 2293 apud
843 2249 939 2284 nobis
960 2250 1086 2286 vicinos

214 2293 350 2341 Anglos
370 2297 530 2331 Roffenfis
551 2298 633 2333 olim
648 2297 825 2343 Episcopus
845 2300 988 2334 vacantis
1001 2301 1085 2335 Can·

213 2347 382 2380 tuarienfis
398 2346 546 2380 Ecclefiae
565 2358 633 2382 erat
644 2348 764 2382 Rector
777 2349 945 2390 Vicarius;
973 2351 1083 2385 verum

212 2395 316 2430 solius
337 2394 499 2431 Parochiae
516 2421 528 2438 ,
555 2407 755 2442 nequaquam
779 2399 881 2433 totius
902 2398 1085 2434 Provinciae

213 2453 273 2478 aut
282 2443 463 2480 Primatus.

265 2493 395 2529 Exinde
417 2497 516 2530 etiam
539 2509 596 2541 pro
609 2498 778 2543 semetipso
791 2498 880 2533 Elias
901 2498 1085 2543 respondit:

213 2545 281 2589 Ego
293 2569 304 2585 ‚
326 2550 398 2588 quia
410 2547 549 2584 syncellus
563 2546 630 2590 fiam
637 2547 720 2591 sedts
743 2548 1017 2592 Hierosolymitane,
1038 2549 1084 2593 se-

213 2596 445 2636 quensjuffiones
462 2596 604 2639 Theodofii
610 2596 720 2641 summi
730 2600 894 2632 sacerdotis
907 2598 992 2638 nostrl
1002 2623 1013 2639 ,
1038 2601 1085 2633 lit-

209 2650 296 2676 teras
317 2646 380 2685 ejus
399 2653 458 2688 pre
478 2647 616 2680 manibus
634 2647 748 2682 babens
759 2647 813 2680 huc
833 2655 905 2682 veni
919 2672 930 2689 ‚
954 2660 1029 2691 quas
1051 2651 1084 2683 6

207 2702 266 2727 vos
284 2694 406 2733 audistis
416 2707 431 2737 ;
448 2694 556 2737 fivero
579 2701 666 2731 antea
679 2699 801 2740 quidam
824 2710 881 2731 non
904 2700 1059 2732 audierunt
1073 2723 1083 2739 ‚

207 2743 247 2776 ὑ
258 2746 391 2778 maxime
396 2752 519 2787 propter
534 2751 666 2780 Vicarios
682 2746 802 2789 senioris
816 2751 907 2789 Rome
916 2772 927 2789 ,
952 2756 1082 2790 ecceprq-
1107 2779 1109 2781 .

203 2791 256 2840 ,ᾖδ’
268 2793 362 2835 fiant,
388 2796 422 2828 (ν
433 2795 568 2838 legantur
579 2819 590 2836 ,
615 2797 870 2841 quatenusfinguli
878 2809 944 2831 cum
965 2798 1081 2841 diligen·

207 2846 258 2874 tia
277 2842 470 2885 cognoftentes
495 2850 656 2879 veritatem
675 2846 884 2886 certificemini.
910 2847 1081 2891 Episcopa-

205 2889 292 2925 lium
304 2900 400 2935 atque
410 2894 508 2928 etiam
520 2893 746 2930 Abbatialium
765 2896 990 2939 Syncellorum
1000 2897 1080 2931 anti-

201 2949 272 2984 qua
284 2942 329 2975 est
341 2945 498 2977 memoria
510 2967 518 2976 .
546 2945 680 2979 Etenim
691 2944 894 2989 Sophronius
915 2947 995 2980 civis
1007 2946 1079 2980 Ale-

205 2990 389 3025 xandrinus
410 2991 445 3024 in
469 2991 586 3028 libellis
597 2993 732 3038 Synodo
756 2993 1013 3030 Chalcedonenfi
1027 2995 1079 3030 ad-

203 3039 316 3075 versus
338 3040 537 3076 Dioscorum
569 3042 789 3079 Patriarcham
811 3045 902 3079 suum
922 3043 1078 3080 exhibitis

1172 214 1292 249 cellum
1303 214 1410 249 scribit
1420 215 1460 250 ad
1473 215 1686 250 Hormisdam
1694 217 1892 255 Pontificem
1903 221 2046 255 Dioscm

1173 275 1223 298 rus
1236 266 1394 299 Romanae
1407 264 1554 299 Ecclefiae
1563 265 1733 299 Diaconus
1743 270 1776 303 ὃς
1786 270 1869 313 apud
1883 269 2079 325 Justinum·'p
2101 289 2218 329 stEpist‘

1171 315 1401 357 Imperatorem
1424 315 1566 359 Legatus
1576 339 1583 346 .
1614 315 1657 348 Et
1665 313 1875 357 Theophilus
1890 319 2042 353 Heracle-
2057 304 2105 369 62
2118 330 2217 362 Rem.

1170 365 1291 397 ensium
1304 365 1338 397 in
1357 364 1495 407 Europae
1505 364 1678 411 Provincia
1692 361 1988 412 Archi-Episcopus
2000 367 2042 402 ad
2060 379 2088 404 6.

1170 413 1290 447 laudati
1306 412 1479 457 Epiphanii
1491 414 1509 446 ὰ
1522 416 1552 448 se
1573 415 1609 448 in
1623 412 1845 449 patriarcham
1867 418 2044 452 consecrati

1168 464 1452 497 confirmationem
1474 462 1515 497 ab
1535 464 1651 498 eodem
1677 463 1841 497 pontifice
1860 463 2042 500 Hormisda.

1172 513 1342 556 petendam
1368 513 1489 557 legavit
1515 515 1685 550 Heraclium
1710 513 1917 552 Presbyterum
1939 513 2045 557 sanc‘le

1167 565 1290 604 majoris
1313 562 1434 604 Ecclefie
1448 587 1459 602 ,
1487 563 1756 597 &cohabitatorem
1773 564 1916 605 praedt'c‘h'
1940 563 2044 596 Archi-

1166 612 1306 655 Episcopi
1322 611 1491 655 sanffifflmi
1515 613 1549 646 &
1571 611 1750 653 Patriarcbq
1773 613 1959 655 Epipham'i.
1985 613 2043 647 Et·

1166 663 1255 695 enim
1279 661 1380 707 graece
1400 662 1570 705 Syncellus
1595 662 1641 696 est
1662 662 1763 696 latine
1781 662 1976 697 domesticus
1990 663 2044 696 seu

1167 710 1389 745 cohabitator.
1416 713 1460 745 Et
1484 712 1593 747 Eliam
1615 712 1785 753 nostrum,
1811 714 1903 747 suum
1915 711 2045 755 Syncel-

1167 760 1258 800 lum,
1285 762 1448 794 inlitteris
1470 761 1511 795 ad
1522 763 1673 796 sancium
1695 761 1863 807 Ignatium
1885 761 2046 797 Theodo-

1166 810 1224 842 fius
1246 808 1431 844 Patriarcha
1443 809 1532 853 suum
1552 813 1664 845 oculum
1682 810 1823 855 appellat
1849 837 1856 844 .
1887 812 1930 845 Et
1951 811 2045 856 Igna-

1166 860 1247 892 tium
1258 859 1414 894 Tornobi
1426 885 1437 900 ‚
1464 860 1600 904 Joasaph
1614 862 1815 896 Amasenum
1827 885 1838 902 ‚
1864 861 1898 896 &
1910 860 2047 895 Damia-

1167 919 1245 941 num
1267 910 1610 945 Moldoblachien-sem
1638 912 1912 955 metropolitam,
1937 911 1994 945 fibi
2008 911 2046 944 in

1165 958 1289 992 unione
1312 959 1460 993 facienda
1484 960 1657 995 Florentia
1679 962 1874 1002 resistentes,
1899 960 1988 996 hunc
2010 961 2047 995 in

1167 1007 1302 1041 modum
1314 1009 1397 1051 apud
1409 1009 1605 1050 sylvestrum
1618 1011 1835 1054 Sguropulum
1855 1010 2046 1056 adloquitur
2124 1054 2131 1058 „

1166 1055 1322 1100 Iosephus
1344 1056 1530 1093 Patriarcha
1544 1058 1950 1103 Constantinopolitanus:
1978 1060 2048 1104 Vos·
2064 1054 2198 1089 1⁰95*

1171 1118 1207 1141 ne
1219 1106 1283 1147 estis
1292 1109 1454 1150 pecuIIares
1463 1115 1521 1142 met
1541 1110 1575 1142 ὦ·
1588 1109 1715 1142 intimi?
1738 1112 1848 1142 Nonne
1859 1121 1909 1152 ego
1918 1117 2047 1151 vospro·

1163 1164 1243 1190 movi
1254 1159 1298 1190 ad
1305 1169 1341 1191 ea
1347 1157 1473 1202 fastigia
1484 1183 1494 1198 ‚
1510 1158 1544 1191 &¹
1552 1158 1652 1191 aut‘lor
1664 1157 1733 1200 sum
1744 1165 1874 1192 omnium
1886 1158 2024 1197 bonorum
2032 1183 2046 1199 ,

1162 1208 1270 1249 quibus
1293 1207 1542 1249 nuncfruimini?
1570 1209 1734 1250 Numquid
1753 1219 1811 1242 non
1832 1208 1899 1248 estis
1926 1214 2042 1242 intima

1162 1258 1336 1297 admissionis
1355 1256 1504 1300 consiliarii
1523 1263 1603 1298 mei,
1630 1255 1813 1301 &insi-ripn
1837 1264 1869 1290 in
1883 1257 2042 1299 familiam

1165 1306 1340 1347 Domestici?
1365 1311 1429 1341 Cur
1447 1314 1537 1352 igitur
1549 1307 1624 1341 mibi
1638 1319 1695 1341 non
1704 1306 1909 1350 obsecundans
1923 1308 1940 1340 ?
1967 1307 2044 1342 Esse

1167 1357 1268 1401 igitur
1278 1356 1471 1392 Patriarchae
1481 1358 1671 1402 syncellum
1682 1366 1751 1393 erat
1764 1359 1828 1393 esse
1837 1358 1904 1401 ejus
1917 1358 2041 1392 Dome-

1166 1406 1278 1440 sticum
1293 1420 1299 1439 :
1329 1408 1484 1451 Dignitas
1495 1409 1592 1442 etiarn
1604 1407 1622 1441 ὲ
1634 1407 1855 1451 Metropolitis
1866 1417 2018 1452 exoptata
2031 1430 2041 1438 ·

1163 1455 1272 1487 Etiam
1297 1455 1503 1490 Anastafium
1528 1456 1756 1499 Presbyterum
1772 1481 1783 1497 ‚
1809 1467 1906 1499 quem
1930 1458 2040 1491 secum

1161 1502 1342 1538 Antiochia
1368 1506 1503 1540 duxerat
1541 1505 1711 1540 Nestorius
1737 1504 1923 1540 patriarcha
1950 1506 2042 1540 Con·

1161 1552 1471 1597 stantinopolitanus
1483 1579 1493 1594 ,
1518 1556 1550 1588 δε
1567 1556 1621 1598 qui
1634 1556 1702 1589 illic
1714 1556 1749 1588 in
1765 1554 1903 1589 Ecclefia
1916 1556 2039 1598 primus

1162 1601 1363 1645 blasphemos
1387 1605 1421 1637 in
1447 1609 1613 1646 Deiparam
1637 1605 1812 1648 Virginem
1834 1605 1946 1638 dentes
1967 1616 2043 1648 ape·

1161 1651 1225 1686 ruit
1238 1675 1251 1693 ‚
1276 1653 1369 1688 fuisse
1390 1654 1533 1697 ejusdem
1545 1652 1690 1688 Nestorii
1705 1655 1805 1688 fidum
1818 1654 2036 1688 consiliarium

1161 1710 1257 1744 atque
1269 1702 1460 1746 Syncellum
1483 1704 1645 1738 affirmant
1655 1703 1881 1747 Theophanes
1901 1704 1935 1737 ὃ(
1949 1702 2038 1738 Ana-

1161 1750 1284 1791 statius,
1304 1753 1393 1794 quod
1416 1764 1526 1787 tamen
1548 1764 1670 1788 nomen
1691 1752 1777 1795 apud
1798 1755 1963 1786 Socratem
1984 1752 2036 1786 illi

1158 1810 1306 1833 coaevum
1327 1813 1396 1834 non
1422 1802 1580 1845 reperitur
1602 1826 1609 1833 .
1637 1801 1768 1845 Nempe
1792 1811 1871 1835 tunc
1894 1801 2035 1839 necdum

1158 1856 1234 1881 nata
1257 1857 1324 1882 erat
1335 1849 1395 1885 ista
1417 1850 1578 1895 dignitas.
1607 1851 1694 1885 Nata
1708 1851 1751 1885 est
1773 1851 1898 1886 nonita
1908 1849 2035 1886 dudum

1158 1895 1286 1940 postea;
1311 1900 1398 1934 inter
1408 1910 1554 1944 tempora
1568 1900 1710 1935 Nestorii
1731 1902 1763 1935 &
1781 1899 1996 1945 Eutychetis.
2024 1931 2026 1934 .

1207 1945 1343 1981 Dicitur
1361 1948 1380 1982 ὲ
1402 1949 1512 1984 Cella.
1547 1949 1681 1984 Etenim
1705 1952 1814 1985 omnis
1836 1951 2036 1995 Episcopalis

1154 1995 1271 2030 domus
1292 1996 1373 2031 olim
1385 1998 1466 2032 cella
1487 1996 1654 2033 dicebatur
1667 2025 1676 2040 ‚
1704 2013 1771 2035 non
1792 2002 1809 2034 ὲ
1823 2001 1941 2034 GraeciS
1966 2012 2037 2036 tan-

1155 2045 1226 2079 tum
1241 2069 1253 2086 ‚
1273 2046 1325 2081 sed
1338 2048 1399 2081 &a
1412 2047 1540 2083 Latinis
1555 2073 1562 2080 .
1589 2049 1638 2083 lta
1648 2050 1763 2085 diserte
1774 2060 1868 2085 vocat
1879 2051 2033 2094 Synodus
2055 2074 2118 2114 Cup
2139 2080 2171 2111 7'-

1158 2095 1384 2131 Emeritenfis.
1407 2098 1451 2132 Et
1465 2099 1665 2143 Episcopalis
1685 2101 1818 2141 cellarii,
1850 2101 1903 2135 seu
1913 2101 2032 2136 domus
2053 2098 2126 2153 <2292
2141 2127 2169 2152 4·

1149 2142 1292 2187 secretum
1302 2146 1412 2182 laudat
1422 2147 1559 2183 secunda
1572 2149 1727 2192 Synodus
1739 2150 1935 2184 Arelatensis
1948 2176 1955 2183 .
1985 2152 2030 2186 Et
2052 2156 2125 2193 Cap·
2136 2165 2186 2190 14·

1152 2205 1264 2238 quarta
1278 2195 1543 2243 Carthaginenlis
1555 2199 1687 2239 mandat
1698 2224 1709 2240 ‚
1735 2203 1773 2233 Ut
1785 2199 1951 2243 Epiftopus
1971 2212 2030 2235 non

1149 2245 1231 2288 longe³
1243 2245 1282 2279 ab
1293 2247 1418 2289 Ecclefia
1427 2247 1608 2291 hospitiolum
1635 2249 1744 2283 habeat
1760 2276 1766 2282 .
1795 2249 2028 2285 Nihilominus

1150 2293 1199 2328 illi
1212 2319 1223 2335 ,
1243 2296 1300 2339 qui
1313 2295 1555 2341 Episcopalium
1568 2297 1768 2334 palatiorum
1779 2310 1901 2334 nomen
1912 2301 1946 2335 ὅ(
1959 2313 2027 2337 rem

1148 2346 1211 2378 esse
1227 2356 1311 2379 nova
1323 2346 1530 2389 existimant,
1555 2348 1662 2392 palam
1684 2349 1843 2384 falluntur
1854 2374 1862 2381 .
1879 2344 2027 2386 'Etenim

1151 2394 1302 2438 Episcopi
1322 2396 1685 2442 ConstantInopolitani
1711 2399 1868 2444 palatium
1890 2400 2027 2436 laudant

1151 2444 1181 2476 in
1196 2444 1340 2487 precibus
1353 2445 1545 2482 Theodofio
1557 2447 1709 2493 Augusto
1722 2448 1875 2484 exhibitis
1887 2449 2026 2485 Bafilius
2047 2462 2206 2494 L.r.Conc.

1148 2492 1287 2535 ejusdem
1301 2495 1448 2530 Ecclefiae
1472 2496 1644 2532 Diaconus
1665 2500 1699 2533 δε
1712 2499 1999 2534 Archi-Mandrita
2011 2527 2024 2542 ,
2047 2501 2204 2541 Ephe-30.

1151 2554 1208 2577 nec
1236 2555 1304 2578 non
1330 2545 1364 2578 in
1390 2547 1492 2589 prima
1519 2546 1671 2591 Ephefini
1709 2548 1855 2583 Concilii
1882 2550 2025 2584 Adlione

1148 2592 1400 2638 Theopemptus
1425 2595 1602 2640 Episcopus
1624 2598 1824 2633 Cabasorum
1838 2624 1845 2631 .
1873 2599 1916 2633 Et
1927 2600 2023 2634 Late-

1149 2644 1277 2677 ranense
1311 2644 1432 2679 Faustae
1468 2646 1620 2691 Augustae
1653 2649 1808 2691 palatium
1834 2648 2021 2685 Melchiadi

1147 2691 1302 2729 Pontifici
1329 2694 1418 2731 dedit
1429 2695 1667 2731 Constantinus
1681 2697 1840 2742 Magnus.
1861 2697 1903 2732 Et
1917 2697 2022 2742 Ephe-

1147 2742 1204 2776 fini
1218 2743 1371 2788 Episcopi
1382 2744 1498 2779 domus
1508 2745 1571 2780 fuit
1583 2746 1664 2781 adeo
1676 2748 1780 2790 ampla
1790 2770 1802 2787 ,
1831 2757 1867 2780 ut
1878 2747 1923 2781 ibi
1937 2750 2019 2784 cele-

1146 2791 1237 2827 bratae
1250 2795 1369 2829 fuerint
1381 2796 1527 2838 quaedam
1539 2798 1695 2830 Actiones
1706 2798 1832 2838 Synodi
1844 2799 2012 2841 generalis.

1147 2843 1188 2875 Et
1211 2841 1290 2879 hinc
1315 2846 1472 2889 temporis
1494 2846 1631 2880 successu
1656 2857 1719 2880 vox
1743 2847 1896 2882 Palatium
1911 2850 2015 2892 magis

1145 2893 1263 2934 placuit
1283 2894 1469 2938 Epistopis,
1494 2896 1527 2929 &
1540 2907 1604 2930 vox
1617 2896 1702 2929 cella
1722 2898 1836 2931 mansit
1856 2897 1932 2931 solis
1947 2910 2015 2933 mo·

1143 2942 1275 2985 nachis,
1300 2945 1380 3002 quin
1404 2943 1656 2988 &postmodnm
1674 2946 1715 2979 ad
1730 2946 1794 2981 sola
1819 2957 1911 2991 parva
1935 2948 2012 2989 illa,

1142 2993 1254 3036 majori
1274 2994 1373 3028 alicui
1393 2993 1548 3036 subjecta,
1574 3005 1644 3039 quae
1665 2995 1775 3039 paffim
1797 2995 2011 3032 Obedientias

1141 3043 1193 3075 seu
1219 3043 1385 3078 Prioratus
1421 3053 1574 3078 vocamus
1601 3069 1613 3085 ‚
1649 3046 1840 3081 monasteria
1868 3047 2009 3081 transiit:

1141 3091 1238 3133 Apud
1257 3091 1437 3127 mediorum
1459 3093 1649 3128 saeculorum
1668 3096 1843 3139 Scriptores
1864 3097 2010 3140 frequen-

1137 3140 1251 3174 tiffime
1262 3143 1346 3185 leges
1365 3139 1462 3185 hujus
1472 3152 1527 3176 aut
1550 3142 1641 3178 istius
1661 3147 1846 3181 monasterii
1858 3147 1986 3181 Cellam
2000 3171 2008 3179 .

1136 3190 1262 3234 Semper
1271 3201 1379 3225 tamen
1390 3192 1475 3234 apud
1489 3191 1618 3227 Graecos
1639 3193 1798 3230 honorata
1811 3197 1925 3230 manfit
1939 3208 2006 3230 vox

200 3241 309 3276 sebius
333 3239 544 3283 Doryleenfis
565 3241 744 3284 Episcopus
768 3242 901 3277 adducit
920 3242 1071 3286 Narseten
1133 3241 1287 3278 syncellus.
1339 3241 1473 3275 Etenim
1495 3242 1680 3278 Graecorum
1699 3245 1871 3289 Episcopi,
1895 3246 2005 3290 paffim

29 3081 96 3116 Αᾶἕ
117 3092 143 3123 3·
200 3100 365 3125 memorat
388 3091 556 3133 Agar-astum
565 3094 631 3133 ejas
653 3094 808 3133 syncellum
824 3119 831 3126 .
860 3095 903 3128 Et
923 3095 957 3129 in
970 3096 1074 3130 Sanffi

200 3140 356 3176 Flaviani
378 3139 570 3176 Patriarchae
581 3141 944 3187 Constantinopolitani
964 3145 1075 3179 adver-

199 3190 255 3228 sus
278 3189 501 3232 Eutychetem
522 3189 844 3228 Archi-Mandritam
862 3194 999 3238 Synodo
1010 3194 1070 3228 Eu-

26 3317 93 3350 Αᾶ.
115 3322 141 3350 6·

199 3338 419 3375 Patriarcham
431 3339 836 3384 Constantinopolitanum
845 3342 937 3375 fuiffe
946 3341 1065 3377 Praede-

195 3390 328 3427 cessoris
339 3392 385 3424 sui
397 3390 531 3435 Joannis
542 3389 673 3424 secundi
683 3390 911 3437 Presbyterum
933 3404 971 3428 ac
981 3393 1062 3434 syn-

293 3439 401 3485 cbrae.
413 3445 492 3488 Lupi
501 3442 586 3486 oper.
598 3442 676 3474 rom.
687 3444 742 3475 ιιι»

201 3290 404 3330 Presbyterum
431 3291 466 3324 6·
484 3291 641 3329 syncellum
660 3293 723 3332 ejus
744 3316 751 3323 .
782 3292 824 3325 Et
846 3292 1065 3335 Epiphaniam
1132 3289 1331 3324 &monachis
1341 3290 1500 3334 adsumpti
1513 3315 1525 3333 ,
1551 3293 1652 3328 vitam
1662 3294 1914 3330 monasticamin
1928 3292 2003 3334 Epi-

1136 3340 1251 3382 scopali
1262 3339 1388 3374 Palatio
1400 3341 1575 3376 retinentes
1589 3366 1600 3383 ‚
1622 3342 1740 3380 habere
1764 3346 1935 3380 voluerunt
1946 3339 2004 3383 ‹io-3

1133 3389 1281 3427 mesticos
1292 3390 1546 3477 οοαᾱϋειὶοεΛὸε
1553 3393 1786 3432 commensales
1796 3388 1977 3472 monsgchos,
1987 3412 1999 3430 ‚

1541 3451 1560 3476 a
1584 3453 1604 3478 a
1835 3450 1875 3474 oo
1891 3447 1954 3483 que
