2340 3762
100 906 238 948 'Epistol--

247 995 267 1004 υ

102 1175 190 1210 Μελ
205 1184 263 1215 c-9·

105 1368 184 1407 021>-
197 1377 247 1405 ηις·

105 1562 165 1594 Ser.
180 1569 244 1592 101.

107 1610 137 1635 G.
157 1608 186 1635 ¹1.

106 1722 163 1755 δεῖ.
187 1728 252 1756 127.

109 1772 137 1795 Ε·
160 1773 191 1797 ²*

111 1917 210 1951 Tra&-
225 1922 274 1955 84.

107 2617 216 2647 mica
222 2622 256 2649 τε.

126 3438 193 3473 Ast.
215 3448 242 3469 ι·

355 152 455 203 2'18

466 334 812 400 CAPUT
887 336 1000 387 IV.

361 512 578 581 'Expom'tur
601 473 768 556 doffriaa
790 505 1029 575 Evangelica
1061 506 1105 557 de

473 581 702 631 invocatione
735 582 768 626 S
767 575 960 627 austerum
971 609 988 628 ο

368 742 472 782 Tiam
480 742 670 779 Sannorum
684 739 854 776 invocatio
871 738 918 774 est
943 737 1086 775 omnino
1111 747 1173 774 tra-

392 793 479 828 ditio
492 790 703 838 Apostolica.
731 790 868 825 Etenim
879 790 920 826 ad
931 791 1064 825 Clerurn
1078 791 1172 825 suum

286 842 397 879 scribit
407 843 543 883 Sanctus
553 842 793 893 Cyprianusxde
802 841 852 876 sui
863 843 1018 886 temporis
1042 852 1079 874 ac
1110 843 1172 875 suae

285 893 437 929 Ecclefiae
455 894 683 950 Martyribusx
711 893 784 925 Dies
804 902 901 926 eorum
926 916 937 933 ,
962 891 1068 934 quibus
1090 903 1173 926 exce·

284 945 386 985 dunt,
411 952 579 984 annotate,
603 952 637 977 ut
661 948 949 977 commemorationes
977 954 1074 976 eorum
1094 948 1172 976 inter

284 1000 441 1029 memorias
453 997 617 1033 Martyrum
629 993 772 1028 celebrare
777 994 911 1035 poffimus
921 1018 930 1025 .
961 992 1013 1025 Ex
1026 1004 1107 1036 quo⁴
1119 1005 1174 1036 pa-

281 1055 332 1079 tet
344 1045 522 1088 antiquitas
534 1043 636 1079 nostri
647 1044 683 1077 in
695 1043 783 1077 libro
795 1043 919 1076 Miffali
941 1042 1090 1076 Canonis
1101 1067 1110 1082 ,
1137 1044 1169 1076 δε

284 1094 627 1142 Martyrologiorum.
654 1093 699 1128 Et
722 1093 757 1127 in
781 1092 873 1127 libris
896 1092 939 1126 de
963 1092 1094 1126 civitate
1107 1093 1171 1126 Dei

284 1145 333 1179 ait
355 1145 489 1180 Sanetus
511 1144 738 1189 Augustinus.
766 1145 887 1175 Piorum
918 1146 1028 1175 animae
1049 1150 1172 1175 mortuo-

285 1206 354 1229 rum
364 1207 423 1229 non
428 1193 612 1238 separantur
633 1193 673 1226 ab
682 1191 829 1233 Ecclesia,
855 1204 923 1236 quae
943 1197 1035 1226 etiam
1049 1203 1124 1225 nunc
1134 1191 1172 1232 est

285 1255 410 1289 regnum
420 1244 554 1285 Christi,-
582 1245 717 1286 Alioquin
743 1253 793 1276 nec
815 1242 978 1276 adalram
1013 1244 1068 1276 Dei
1091 1241 1172 1283 fieret

285 1305 384 1329 eorum
403 1299 544 1328 memoria
555 1299 589 1327 in
609 1298 868 1327 communicatione
891 1298 1015 1335 corporis
1041 1291 1167 1332 Christi.

285 1344 332 1379 Et
344 1346 380 1378 in
391 1343 477 1379 libro
488 1343 530 1379 de
540 1344 647 1378 sancta
659 1343 849 1387 virginitate
870 1354 878 1374 :
907 1342 1051 1376 Perhibet
1069 1341 1172 1386 claris-

278 1393 386 1439 fimum
397 1393 589 1434 testimonium
599 1393 765 1426 aua-ritas
775 1391 971 1434 Ecclefiastica
983 1416 993 1431 ‚
1005 1398 1038 1425 in
1061 1405 1122 1434 qua
1136 1392 1176 1433 fi·

288 1444 403 1478 delibus
415 1453 515 1478 notum
524 1442 562 1484 est
573 1468 585 1484 ‚
609 1454 665 1486 quo
674 1445 733 1476 loce
743 1445 893 1482 Martyres
902 1467 914 1483 ‚
939 1443 974 1475 θ’
984 1453 1041 1484 quo
1063 1441 1173 1483 defun-

286 1494 345 1529 ‹¹2ae
356 1494 602 1528 Sanmmoniaies
615 1494 659 1527 ad
667 1495 775 1528 altaris
784 1494 975 1526 sacramenta
984 1500 1129 1525 recitentu
1138 1504 1152 1524 r
1164 1516 1172 1523 .

287 1544 334 1578 Et
353 1545 388 1578 in
407 1544 557 1578 sermone
579 1543 621 1577 de
655 1542 783 1577 diverfis
795 1567 803 1575 .
831 1542 954 1578 Habent
976 1541 1174 1575 honorabilem

289 1594 381 1628 iocum
390 1595 538 1631 Martyres
543 1591 645 1636 san&
657 1616 664 1622 .
691 1594 850 1626 advertite
863 1605 874 1625 .-
899 1597 938 1625 In
948 1598 1120 1625 recitatione
1132 1593 1177 1624 ad

287 1637 389 1679 altare
397 1641 508 1684 christi
518 1644 576 1676 Ioco
584 1642 699 1675 meliore
709 1646 872 1675 recitantur
885 1666 894 1673 .
920 1641 1052 1676 Locum
1075 1642 1173 1674 istum

288 1694 462 1730 meliorem
470 1693 609 1736 exponit
621 1693 655 1726 in
666 1691 733 1725 alio
758 1693 905 1725 sermone
916 1716 923 1723 .
951 1692 1047 1735 ,Quod
1066 1699 1175 1724 norunt

289 1745 418 1790 fideles,
443 1741 603 1784 diffindit?
615 1740 766 1783 defundis
786 1741 844 1774 loco
861 1739 914 1784 suo
935 1745 1082 1780 Martyres
1105 1747 1174 1774 reci-

291 1803 419 1829 tantur:
446 1797 514 1827 Nec
523 1790 601 1826 enirn
606 1799 664 1834 pro
677 1796 719 1824 eis
732 1800 834 1824 oratur
844 1812 855 1828 2
878 1788 934 1834 sed
947 1802 1047 1825 eorum
1066 1800 1132 1824 orat
1137 1797 1174 1823 io·

291 1845 378 1880 nibus
390 1842 519 1886 Eeclefiae
529 1842 765 1877 commendatur.
792 1841 836 1875 Et
862 1841 898 1874 in
924 1843 1061 1875 tra-§tatu
1082 1841 1175 1883 super

292 1894 515 1941 Evangelium
529 1892 687 1938 Ioannis:
713 1889 905 1934 Adsandam
917 1889 1053 1934 Mensam
1065 1901 1122 1923 non
1135 1889 1175 1932 fic

294 1948 440 1985 Martyres
452 1954 711 1977 commemoramus
720 1966 731 1982 ,
757 1942 1002 1984 quemadmodum
1013 1942 1085 1974 alios
1096 1965 1106 1982 ‚
1119 1946 1173 1983 qui

291 2003 325 2031 tn
339 2005 414 2039 pace
424 1990 627 2037 requiescunt,
654 2001 688 2025 ut
706 1996 799 2025 etiam
818 1999 876 2032 pro
898 1997 942 2024 eis
962 2002 1099 2031 oremus,
1118 1989 1176 2034 sed

290 2052 387 2091 magis
401 2055 434 2080 ut
445 2050 528 2079 orent
537 2041 594 2086 ipfi
594 2050 650 2085 pro
662 2041 745 2075 nobis
757 2066 764 2073 .
790 2040 833 2074 Et
856 2040 892 2074 in
914 2040 1117 2075 sermonibus
1133 2038 1173 2074 de

220 2134 233 2144 δ
289 2097 396 2132 verbis
421 2093 575 2139 Apostoli
597 2115 604 2125 .
645 2092 744 2127 Habet
765 2090 962 2132 Ecclefiastica
984 2090 1141 2134 disciplina
1163 2113 1174 2130 ,

293 2145 482 2192 qupdfideles
494 2151 640 2178 noverunt
656 2166 668 2182 ,
691 2142 755 2175 cum
767 2144 912 2181 Martyres
932 2152 963 2174 eo
973 2142 1029 2175 loco
1051 2145 1174 2174 recitan-

291 2206 345 2232 tur
360 2197 403 2229 ad
410 2197 509 2229 altare
517 2197 593 2234 Dei,
621 2192 672 2225 ubi
683 2203 740 2225 non
746 2200 804 2233 pro
824 2190 891 2233 ipfis
904 2199 998 2224 oretur
1010 2215 1020 2231 ‚
1043 2199 1102 2233 pro
1122 2201 1174 2223 cae-

291 2253 367 2289 teris
378 2255 476 2280 autem
484 2248 716 2278 comemorans
738 2240 890 2284 defundis
911 2251 1029 2274 oratur.
1055 2242 1176 2280 Injurta

291 2297 330 2338 est
343 2301 422 2331 enim
427 2304 484 2339 pro
497 2297 626 2333 Martsre
639 2303 741 2334 orare,
766 2294 853 2333 cujus
877 2303 930 2324 nos
953 2291 1089 2325 debemus
1113 2302 1175 2324 ora-

295 2346 423 2381 tionibus
451 2345 670 2379 commendari.
696 2343 741 2376 Et
759 2341 844 2385 apud
866 2341 1048 2376 Eusebium
1073 2339 1175 2374 Caesa-

293 2397 441 2431 reensem
464 2397 578 2431 Sanfia
610 2393 741 2436 Martyr
764 2391 958 2426 Potamiena
981 2390 1132 2431 muudi,
1157 2391 1176 2423 a

294 2458 363 2491 quo
393 2445 581 2480 humaniter
602 2444 735 2477 tractata
758 2466 770 2483 ‚
804 2442 948 2477 carnifici
980 2443 1051 2476 suas
1089 2440 1174 2484 apud

293 2496 407 2532 Deum
421 2506 529 2538 preces
539 2519 550 2535 ‚
575 2504 782 2537 peccatorum
797 2492 949 2533 veniam,
976 2492 1010 2526 ἀ
1022 2489 1177 2527 Christia-

292 2544 554 2590 iiitatisgratiam
577 2543 748 2586 pollicetur
761 2566 772 2583 ‚
798 2555 837 2577 ac
858 2543 969 2576 triduo
992 2543 1061 2585 post
1082 2552 1176 2585 appa·

291 2606 372 2632 :rens
381 2595 554 2630 obtentam
565 2592 742 2627 declaravit
755 2617 761 2623 .
790 2592 890 2636 Apud
901 2591 1054 2627 eumdem
1065 2590 1179 2625 Theo-

294 2646 409 2686 dosia,
435 2645 531 2689 virgo
553 2642 683 2686 Tyria,
707 2652 885 2678 carceratos
905 2643 1069 2686 Martyres
1088 2642 1177 2676 obse-

296 2705 369 2731 crat
378 2718 392 2736 ,
415 2704 449 2728 ut
460 2695 524 2728 cum
534 2700 624 2728 erunt
630 2693 717 2735 apud
726 2695 886 2726 Dominum
896 2717 906 2733 ‚
931 2693 1013 2726 illius
1030 2693 1178 2727 recorden-

294 2757 350 2783 tur
359 2770 368 2779 .
391 2741 485 2780 Male
502 2744 655 2779 feriatum
669 2741 819 2777 Ecclefiae
830 2744 892 2777 suae
901 2741 1069 2777 Clericum
1081 2742 1176 2786 quam

297 2794 381 2832 dure
398 2795 563 2840 puniverit
585 2794 719 2828 Sanetus
740 2793 872 2835 Martyr
894 2792 1101 2827 Eleutherius
1123 2817 1134 2834 ‚
1159 2791 1178 2825 a

298 2848 421 2882 Sancto
439 2842 621 2879 Gennadio
634 2840 820 2877 Patriarcha
842 2842 1177 2885 Constantinopolita-

296 2908 346 2932 no
359 2898 556 2936 invocatuS,
581 2892 722 2928 referunt
732 2893 768 2927 in
782 2891 1002 2928 collectaneis
1020 2891 1179 2925 Theodo-

297 2958 355 2982 rus
368 2947 484 2982 Lector
495 2969 507 2987 ,
531 2943 711 2981 &Sanetus
728 2941 934 2985 Sophronius
956 2943 989 2976 in
1005 2951 1097 2985 prato
1118 2941 1176 2985 spi·

300 2998 422 3031 rituali.
452 2996 494 3030 Et
505 2996 539 3028 in
553 2993 692 3038 Synodo
706 2990 965 3027 Chalcedonenfi
978 3001 1093 3026 omnes
1105 2991 1180 3035 Epi·

296 3047 388 3089 scopi
410 3057 485 3082 cum
506 3043 645 3079 Clericis
671 3041 1050 3086 Constantinopolitanis
1076 3042 1180 3075 excla-

300 3105 452 3130 marunt:
482 3096 652 3128 Flavianus
666 3091 854 3132 Patriarcha
876 3090 1179 3135 Constantinopoli-

301 3153 400 3179 tanus
410 3168 421 3185 ,
445 3144 624 3179 trucidatus
633 3143 676 3178 ab
688 3142 951 3187 Eutychianistis
963 3167 972 3182 ,
986 3142 1048 3185 post
1060 3149 1180 3175 mortem

301 3199 415 3235 vivet,
440 3196 613 3236 Martyrpro
623 3193 706 3228 nobis
718 3203 799 3228 oret.
826 3191 921 3242 Qid
936 3204 1018 3237 opus
1040 3191 1179 3227 testimo-

301 3242 391 3280 niis?
418 3243 658 3278 Suntinfinita.
879 3271 881 3273 ,

355 3293 400 3327 Et
423 3289 503 3325 hinc
522 3291 655 3326 Basilius
679 3292 823 3337 Ancyrae
843 3294 1022 3338 Episcopus
1036 3318 1048 3335 ,
1073 3290 1181 3336 primae

301 3342 441 3378 Galatia
452 3341 688 3383 Metropolim,
713 3355 755 3376 ex
777 3344 1052 3378 iconoclastarum
1076 3340 1181 3376 haerefi

304 3393 348 3429 ud
362 3390 537 3426 Ecclesiam
548 3389 675 3424 rediens
685 3414 695 3429 ‚
722 3392 889 3431 profitetur
900 3392 986 3436 apud
1006 3393 1181 3435 Synodum

307 3443 517 3492 prasentem:
541 3443 664 3484 Expeto
673 3438 875 3480 interceffiones
886 3447 1073 3477 intemerata·
1084 3444 1182 3475 Domi-

869 154 1519 204 bissena-rino

1238 250 1286 273 nae
1306 236 1429 278 nossrae,
1448 237 1566 282 saneqae
1592 241 1650 275 Del
1670 244 1829 280 Genitrieis
1838 250 1970 293 Μανία,
1988 248 2113 296 sanami-

1238 300 1359 330 ’'¹‘qu
1379 290 1572 330 &coel‘stium
1595 296 1764 336 virtutum,
1787 297 1826 329 ὁ·
1847 306 1975 334 omnium
1994 303 2114 335 omnin&

1236 338 1408 375 sanchrum
1420 365 1427 371 .
1456 341 1499 374 Et
1515 337 1721 377 Theodofius
1732 345 1968 389 Ammorienfis
1977 351 2112 395 Episco-

1237 400 1296 433 pus
1317 400 1324 420 :
1360 391 1508 424 Auxilium
1527 393 1563 425 (a
1580 394 1786 434 proredionem
1807 397 1865 430 Dei
1880 404 2035 442 genitricis
2047 424 2059 442 ,
2078 403 2114 438 Θ

1236 440 1438 480 interceffiones
1449 442 1527 474 illius
1536 453 1714 486 unaquaque
1724 447 1774 479 die
1789 448 1826 480 (cr
1838 448 1919 481 node
1928 456 2052 490 invoco,
2078 459 2116 484 ue

1231 497 1365 532 peccator
1375 496 1408 524 in
1417 492 1599 534 adJutortum
1609 504 1705 527 meum
1712 517 1724 534 ,
1747 506 1905 539 tamquam
1922 510 1992 540 quae
2003 498 2128 534 babeat>

1235 539 1442 581 confidentiam
1462 544 1547 584 apud
1555 543 1704 583 Christum
1714 547 1872 581 Dominum
1889 548 2014 588 nostrum
2025 573 2036 590 ,
2062 554 2117 593 qui

1234 600 1272 622 ex
1293 601 1328 623 ea
1346 601 1437 626 natus
1459 592 1497 632 est
1520 617 1526 622 .
1553 593 1629 628 Effe
1650 595 1861 632 traditionem
1883 596 2120 642 Apostolicam

1235 639 1350 674 diserte
1376 642 1411 675 in
1435 642 1630 687 dogmaticis
1654 645 1695 679 ad
1717 645 1975 683 Constantinum
2001 647 2119 695 Augu-

1234 688 1319 724 stum
1341 691 1522 727 &matrem
1532 694 1602 737 ejus
1612 693 1739 729 Irenem
1760 695 1900 738 litteris,
1925 698 1987 734 hac
2010 700 2046 733 in
2059 700 2123 743 Sy-

1234 740 1325 775 nodo
1340 741 1426 777 lestis
1436 743 1470 777 δε
1482 743 1644 786 probatis,
1669 745 1818 780 adfirmat
1828 745 1986 782 Pontifex
1997 747 2118 784 Adria·

1236 803 1295 825 nus
1307 793 1428 835 primus
1437 817 1444 824 .
1472 794 1515 828 Et
1527 793 1566 828 ad
1578 795 1727 829 Leonem
1740 797 1885 833 isaurum
1915 796 2024 831 scribit
2035 800 2115 834 Gre-

1234 842 1345 887 gorius
1356 841 1535 877 secundus:
1562 845 1705 878 SanHum
1730 849 1855 880 Petram
1875 851 1976 881 omnia
1984 849 2122 882 occiden-

1233 898 1274 925 tis
1285 904 1377 937 regna
1387 895 1481 927 veluti
1494 898 1588 928 Deum
1610 895 1776 935 terrestrem
1799 896 1910 931 babent
1933 923 1942 931 .
1968 899 2122 943 Plerique

1234 944 1325 991 errim
1337 943 1450 978 Latini
1465 943 1593 989 Reges,
1620 956 1797 990 regnorum
1824 949 1954 982 suorum
1978 949 2120 993 proprie-

1235 996 1301 1028 tate
1313 994 1347 1027 in
1359 993 1546 1028 Romanam
1562 995 1734 1030 Ecclesiam
1749 998 1899 1032 translata
1910 1022 1920 1039 ,
1947 997 2037 1042 quod
2052 999 2121 1033 Rea

1238 1054 1337 1077 mano
1361 1044 1499 1086 imperio
1524 1045 1630 1078 facere
1654 1044 1851 1087 debuerant,
1877 1048 1995 1083 Sancto
2019 1047 2122 1084 Petro

1240 1093 1402 1137 Apostolo
1414 1103 1454 1126 ex
1466 1093 1553 1138 larga
1566 1095 1629 1128 sese
1639 1095 1761 1137 pietate
1771 1096 1910 1130 fecerant
1922 1097 2120 1142 feudatarios

1238 1152 1295 1177 aut
1306 1142 1493 1187 vefflgales.
1700 1156 1704 1159 ’
1984 1168 1987 1173 1
2031 1147 2036 1157 ⁵

1287 1192 1371 1226 Tria
1392 1193 1509 1237 poffint
1533 1195 1681 1239 opponi.
1706 1194 1920 1233 Primumffest
1949 1197 2122 1234 auctoritas

1241 1244 1345 1278 Sancti
1369 1243 1548 1287 Augustini
1573 1245 1606 1278 in
1626 1245 1708 1281 libro
1730 1247 1771 1281 de
1781 1249 1915 1283 civitate
1927 1249 2014 1283 Dei:
2039 1252 2122 1281 Mar-

1239 1305 1315 1333 tyres
1340 1295 1384 1326 ad
1403 1297 1457 1327 Dei
1470 1292 1650 1338 sacrificium
1671 1321 1684 1337 ,
1709 1296 1782 1338 si'cut
1803 1297 1934 1332 homines
1961 1303 2021 1332 Dei
2037 1322 2049 1339 ,
2069 1297 2124 1342 suo

1238 1346 1293 1377 loco
1318 1345 1464 1379 &ordine
1474 1350 1684 1393 nominantur,
1710 1358 1767 1380 non
1779 1356 1879 1381 tamen
1904 1351 1924 1381 ἃ
1945 1350 2122 1392 Sacerdote,

1239 1392 1464 1437 quisacm‘ficat,
1491 1402 1687 1429 invocantur.
1712 1397 1868 1433 Alterum
1887 1398 1934 1434 est
1945 1400 2120 1435 auctoritas

1238 1445 1457 1487 antiquiffima
1484 1444 1671 1479 Graecarum
1690 1446 1893 1492 liturgiarum
1917 1472 1930 1488 ,
1954 1448 2121 1483 orantium

1237 1505 1296 1538 pro
1317 1494 1466 1535 Samiis,
1492 1495 1590 1528 etiam
1614 1506 1674 1538 pro
1697 1495 1840 1539 Deipara
1863 1498 2004 1542 Virgine
2030 1523 2041 1540 ,
2066 1497 2120 1532 'uti

1238 1551 1297 1587 pro
1324 1544 1457 1588 reliquis
1480 1544 1637 1579 defunstis
1659 1570 1668 1578 .
1704 1546 1866 1586 offerimus
1886 1548 1942 1582 tibi
1970 1572 1982 1590 ,
2008 1548 2121 1593 inquit

1236 1594 1343 1627 Sansti
1367 1593 1477 1627 Bafilii
1499 1595 1655 1639 liturgia,
1678 1598 1886 1631 rationabilem
1907 1597 1989 1631 bunc
2007 1599 2120 1631 cultum

1231 1647 1362 1685 protis,
1385 1648 1438 1686 qui
1457 1648 1491 1675 in
1505 1643 1568 1686 fide
1592 1650 1803 1686 requieverunt
1823 1669 1835 1687 ‚
1861 1646 2029 1688 Patribus,
2058 1648 2129 1680 Pa·-

1237 1690 1379 1726 triarchis
1401 1717 1412 1734 ,
1450 1692 1590 1735 Apostolis
1612 1717 1624 1734 ‚
1661 1693 1818 1736 Prophetis
1842 1720 1854 1737 ,
1903 1695 2084 1735 Martmbus
2104 1719 2118 1739 ‚

1233 1745 1383 1785 praecipue
1393 1751 1492 1776 autem
1500 1741 1680 1788 sanc‘Ir'fflma
1689 1750 1870 1780 intemerata
1881 1745 2115 1786 Dominaenossra

1235 1795 1370 1835 Deipara
1395 1791 1552 1836 &semper
1565 1798 1686 1838 Virgine
1698 1798 1817 1829 Maria.
1845 1796 2017 1831 Consonat
2039 1796 2119 1829 San·
2149 1831 2162 1839 ι

1237 1844 1303 1875 Cius
1315 1843 1374 1876 lvo
1387 1843 1597 1878 Carnotenfis
1616 1844 1794 1889 Episcopus
1813 1846 1848 1880 in
1860 1846 1976 1881 litteris
1993 1845 2034 1880 ad
2045 1845 2118 1880 Ma·
2179 1883 2187 1890 ‚

1235 1890 1369 1927 thildirn
1391 1892 1556 1937 Reginam
1579 1892 1767 1938 Anglorum
1790 1909 1798 1929 :
1824 1898 1911 1939 ,Quia
1927 1902 2055 1930 incertus
2078 1895 2118 1937 est
2134 1881 2220 1923 EP¹st·
2230 1892 2299 1921 1⁷4·

1229 1941 1325 1984 status
1346 1949 1514 1975 animarum
1525 1967 1536 1984 ,
1562 1954 1620 1976 non
1641 1945 1762 1978 videtur
1785 1944 1928 1989 otioficml,
1946 1945 1978 1988 fi
1989 1955 2047 1989 pro
2068 1946 2118 1980 his

1236 1993 1444 2026 intercedimus
1457 2018 1468 2034 ‚
1493 1999 1545 2035 qui
1555 1995 1626 2033 jam
1645 2001 1742 2037 requie
1758 1995 1958 2038 perfruuntur
1983 2021 1996 2037 ,
2021 2006 2055 2030 ut
2075 2007 2118 2030 eo·

1236 2053 1301 2075 rum
1313 2048 1427 2084 requies
1439 2053 1606 2086 augeatur,
1630 2044 1664 2076 Θ
1680 2044 1818 2085 probis,
1844 2053 1897 2087 qui
1921 2047 1989 2079 locis
2006 2053 2121 2090 purga-

1237 2091 1324 2126 toriis
1347 2094 1486 2133 deputati
1491 2090 1588 2134 fient,
1614 2099 1648 2125 ut
1663 2091 1801 2134 fidelium
1822 2095 2005 2128 orationibus
2020 2093 2120 2128 indul-

1231 2146 1369 2185 gentiam
1388 2140 1602 2186 consequantur
1633 2166 1643 2178 .
1681 2143 1837 2178 Tertium
1867 2144 1914 2179 est
1938 2144 2119 2190 vigilantii

1239 2191 1431 2236 principium
1443 2215 1454 2232 ,
1479 2191 1568 2235 quod
1590 2203 1706 2235 nempe
1716 2195 1909 2230 sannorum
1922 2197 2039 2230 animae
2057 2195 2120 2229 sint

1237 2242 1295 2276 sub
1305 2253 1357 2276 ara
1370 2243 1458 2283 Dei,
1486 2242 1521 2275 in
1538 2242 1614 2276 loco
1625 2244 1805 2287 refrigerii,
1835 2246 1869 2279 in
1881 2245 1949 2281 sinu
1963 2244 2120 2285 Abrahae‚

1236 2290 1383 2336 adeoque
1417 2293 1481 2326 suis
1503 2292 1638 2327 tumulis
1672 2293 1706 2327 &
1727 2294 1890 2339 Reliquiis
1919 2294 2024 2330 adeffe
2042 2306 2118 2329 non
2170 2298 2175 2303 '

1237 2342 1356 2386 poffint
1370 2343 1423 2383 ,δέ
1437 2340 1560 2376 nostras
1571 2342 1683 2377 audire
1694 2345 1860 2385 orationes
1870 2370 1877 2376 .
1913 2345 2000 2379 Istud
2012 2347 2118 2388 ipsum

1237 2393 1271 2427 in
1284 2392 1369 2427 libro
1380 2392 1422 2427 de
1434 2403 1509 2426 cura
1521 2393 1646 2437 agenda
1659 2404 1716 2436 pro
1728 2395 1867 2428 mortuis
1888 2393 2022 2428 Sanctus
2042 2392 2115 2427 Au-

1235 2442 1382 2487 gustinus
1405 2443 1503 2476 docet
1524 2466 1535 2483 ,
1561 2441 1735 2477 adfirmans
1756 2443 1856 2477 etiam
1879 2443 1966 2488 ipsos
1987 2444 2117 2478 suarum

1237 2493 1463 2536 Reliquiarum
1475 2492 1620 2526 tumulos
1638 2492 1680 2526 ab
1692 2493 1864 2527 animabus
1885 2494 1998 2528 sanctis
2021 2494 2116 2538 igno·

1236 2543 1318 2581 rari,
1344 2553 1441 2585 atque
1451 2541 1496 2575 ita
1508 2543 1631 2587 dogma
1642 2542 1726 2577 istud
1739 2553 1942 2588 nequaquam
1965 2544 2010 2579 est
2024 2543 2120 2578 haere·

1235 2592 1274 2627 fis
1284 2591 1515 2638 Vigilantiana
1527 2617 1534 2624 .
2150 2631 2156 2635 ,

1287 2643 1342 2677 Ad
1354 2644 1496 2686 primum
1507 2642 1685 2687 respondeo
1709 2644 1816 2679 Sansti
1829 2644 2006 2690 Augustini
2026 2653 2117 2678 men·

1237 2704 1305 2728 tem
1317 2692 1448 2727 abunde
1457 2703 1565 2737 patere
1574 2705 1617 2728 ex
1627 2695 1710 2728 locis
1722 2696 1810 2738 supra
1824 2695 1969 2729 adductis
1981 2719 1988 2725 .
2017 2693 2118 2727 Plura

1238 2743 1337 2777 habet
1350 2741 1509 2786 ejusmodi
1521 2744 1610 2778 loca.
1637 2742 1808 2786 Objeetum
1821 2743 1915 2777 nobis
1926 2744 2038 2779 locum
2060 2754 2124 2777 εκ·-

1238 2794 1330 2836 ponit
1354 2793 1388 2826 in
1413 2794 1560 2827 sermone
1581 2793 1621 2826 de
1643 2793 1795 2826 diversis:
1822 2797 1860 2825 In
1884 2799 2054 2827 recitatione
2074 2793 2121 2826 aa
2133 2804 2190 2834 ser,
2212 2807 2278 2831 tor.

1241 2845 1342 2879 Altare
1351 2841 1460 2882 Christi
1480 2845 1620 2880 Martyres
1631 2844 1746 2875 meliore
1767 2844 1824 2876 loco
1843 2849 2031 2884 recitantur,
2057 2854 2118 2876 non
2133 2853 2158 2873 c-
2184 2851 2212 2876 7·

1239 2902 1340 2925 tamen
1345 2901 1403 2935 pro
1424 2890 1538 2930 cbristo
1558 2892 1737 2924 adorantur.
1766 2891 1909 2936 idipsum
1931 2894 2119 2937 frequenter
2133 2883 2206 2919 ΟΨ·
2226 2889 2273 2910 ²¹⁴

1239 2942 1338 2983 dicit,
1364 2941 1532 2987 praesertim
1546 2941 1579 2975 in
1600 2942 1756 2986 vigesimo
1766 2941 1852 2977 libro
1868 2943 2017 2977 adversus
2038 2945 2120 2978 Fau·

1239 2992 1323 3026 stum
1334 3016 1344 3032 ,
1357 2991 1580 3034 consonatque
1589 2991 1624 3024 in
1636 2989 1721 3026 libro
1733 2992 1881 3026 adversus
1893 2991 2118 3038 Vigilantium

1240 3042 1374 3076 sanctus
1397 3036 1626 3084 Hierbnymus
1649 3053 1656 3073 =
1696 3044 1776 3085 ‚Quis
1810 3054 1952 3085 umquam
1971 3047 2117 3082 Martyres

1239 3093 1382 3125 adoravit
1403 3091 1416 3124 ?
1456 3089 1589 3134 Utique
1609 3102 1668 3134 pro
1690 3091 1825 3126 Christo
1846 3116 1857 3133 ,
1883 3102 1938 3127 aut
1959 3092 2000 3127 ad
2023 3090 2118 3124 Chri-

1238 3142 1324 3175 stum
1338 3165 1345 3173 .
1372 3140 1517 3175 Plurima
1540 3141 1700 3184 ejusmodi
1723 3142 1855 3176 Patrum
1877 3143 1948 3176 loca
1968 3150 2118 3186 pugnant

1239 3190 1410 3226 adversum
1429 3192 1519 3234 supra
1531 3201 1726 3226 memoratas
1736 3192 1921 3227 Gentilium
1945 3202 1983 3225 ac
1994 3191 2118 3234 Judaeo-

1241 3253 1312 3277 rum
1338 3242 1537 3282 calumnias,
1563 3253 1601 3276 ac
1623 3243 1792 3277 sceleratos
1803 3239 2024 3281 Manichaeos,
2052 3241 2120 3274 bla-

1241 3302 1381 3326 terantes
1405 3301 1466 3326 nos
1489 3292 1651 3335 Martyres
1670 3292 1703 3324 in
1717 3291 1805 3326 idola
1818 3291 1963 3329 vertisse,
1987 3291 2076 3333 quod
2098 3290 2119 3324 ὸ,
2164 3328 2167 3329 ⁷

1242 3341 1415 3376 Ranorum
1435 3352 1536 3387 gente
1557 3341 1590 3375 iu
1603 3341 1834 3386 paganismum
1856 3340 1974 3384 relapsa
1996 3341 2119 3375 fastum

1243 3393 1335 3426 fuisse
1346 3392 1386 3425 de
1400 3392 1514 3425 Sancto
1528 3391 1613 3426 Viro
1637 3391 1785 3433 Martyre
1804 3388 1912 3423 scribit
1933 3389 1966 3424 in
1989 3390 2120 3425 Sclavo-

1243 3453 1315 3477 rum
1346 3439 1504 3477 chronico
1540 3439 1710 3483 Presbyter
1734 3436 1943 3474 Hemboldus
1967 3465 1973 3473 .
2013 3439 2120 3488 Qod

1963 3490 2069 3537 ipsum

2138 1279 2298 1309 1..22.e.¹0.

2136 3071 2209 3108 Cap.
2224 3076 2253 3106 3.

2138 3428 2167 3459 L·
2176 3436 2199 3458 1·
2219 3407 2284 3457 cb:
