2340 3762
384 175 478 208 112

305 246 452 283 &lavam
480 246 815 291 antiquitas÷2vocavit
840 248 984 281 infantes
1006 270 1011 277 .
1039 247 1093 279 De
1124 246 1188 279 illis

304 296 487 331 etiamnum
506 308 676 332 cantamus
696 299 730 340 in
754 299 808 332 die
830 298 964 330 octava:
998 294 1185 338 Quafimodo

719 164 1010 212 CANONes
1047 164 1347 210 CONCITLII
1380 158 1740 210 'Tanirimn

1246 246 1366 279 starum
1386 246 1618 288 grassationem
1637 246 1772 290 viguisse
1792 243 1926 288 testatur
1945 254 2027 290 civis
2038 256 2126 292 Dor·

1242 295 1404 330 dracenfis
1415 293 1594 333 admodum
1606 296 1738 336 illustris
1747 323 1757 338 ,
1784 298 1820 334 in
1832 300 1949 343 quanio
1967 304 2052 341 fibro
2063 306 2125 343 Pa..

297 351 394 394 geniti
416 346 551 388 infantes
574 346 666 382 5·OEst
693 345 772 382 ritus
795 344 897 388 longe
922 344 1160 389 antiquissimus
1175 370 1186 387 ‚
1246 346 1365 388 nopliae
1388 345 1594 390 Evangelicae
1605 346 1804 382 Guilielmus
1826 349 2020 395 Lindanus,
2049 356 2126 400 Epi-

129 395 202 435 ΟΡ·
217 404 246 432 3.·
301 397 344 429 de
365 408 433 440 quo
442 390 667 432 Tertullianus
681 391 819 428 in³libro
840 393 882 427 de
905 405 1026 428 corona
1049 395 1182 429 militis:

1245 396 1359 437 scopus
1384 393 1660 430 Ruremundensis
1678 422 1685 428 .
1712 396 1768 431 An
1792 398 1862 433 aliae
1883 402 1985 436 etiam
1998 404 2127 442 Graeco-

303 448 399 487 lndc³‚
424 458 465 481 ex
488 449 576 481 sacro
601 448 717 484 fonte,
739 441 891 486 suscepti,
918 444 1006 478 laffis
1030 446 1064 478 (τ
1088 446 1183 479 mellis
1246 456 1317 478 rum
1330 444 1474 479 Ecclefiae
1492 446 1552 478 smt
1572 446 1634 479 usa:
1658 446 1800 483 mixtura
1812 447 1921 485 dulci-s
1937 452 2028 495 vini,
2055 465 2125 492 non

301 499 485 530 concordiam
495 495 679 539 degustamus
693 519 700 526 .
729 493 884 537 Ejusdem
895 495 975 529 ritus
986 520 997 535 ‚
1011 505 1180 539 tamquam
1245 494 1363 538 poffim
1379 495 1547 531 adfirmare
1560 521 1567 528 .

301 546 511 590 antiquiffimi
524 568 535 585 ,
562 544 714 579 meminit
738 542 879 579 inlibris
901 556 1020 580 contra
1039 546 1184 580 Marcio·

129 590 190 623 1--¹·
205 597 288 628 014-
301 608 376 631 nem
390 618 400 633 ,
421 595 537 628 ‘dicens
550 592 640 638 quod
650 594 713 628 illo
724 593 859 635 cbristus
872 594 942 638 suos
956 595 1088 637 infamet
1102 621 1111 629 .
1138 596 1182 630 Et

128 630 236 668 “affl“
300 647 433 682 Sanctus
453 645 682 688 Hieronymus
699 644 734 679 in
756 644 842 678 libro
865 655 980 679 contra
1003 646 1183 680 Luciferia-

300 705 376 730 nos:
405 697 525 736 Multa,
551 707 619 738 quae
634 704 692 738 per
717 696 909 729 traditionem
928 694 1124 739 observantur
1148 702 1180 729 in

299 744 434 788 Ecclefiis
447 770 458 786 ‚
483 746 690 779 audomatem
704 744 760 787 fibi
778 744 902 789 scripta
923 746 996 790 legis
1020 745 1180 791 usurpave·
1201 771 1203 774 -

298 805 373 830 runt
383 819 395 836 ‚
420 798 505 830 velut
525 797 562 829 de
579 794 773 839 sanHofonte
791 797 910 840 egressos
930 797 1016 830 laffls
1034 799 1069 831 (δ’
1084 798 1179 831 mellis

295 846 478 891 praegustare
489 847 668 880 concordiam
678 871 691 887 ,
715 847 761 880 ad
781 846 922 889 infamia
928 845 1178 891 significationem.
1200 842 1204 853 ³

299 897 345 937 Et
356 897 391 931 in
404 896 650 932 commentariis
670 896 770 939 Esajae
780 895 969 940 Prophetae:
997 902 1062 931 Mos
1080 905 1112 931 in
1126 903 1179 932 Oc·

296 950 429 988 addentis
440 946 572 989 Eccleſsis
583 946 666 980 hodie
688 945 777 990 usque
783 945 927 989 servatur
939 970 950 986 ,
974 958 1008 983 ut
1019 954 1131 983 renatis
1144 954 1177 981 in

300 998 417 1039 christo
427 1003 533 1031 vinum
544 998 646 1039 lacque
669 997 819 1031 tribuatur¹
830 1022 837 1029 .
865 997 919 1031 De
929 997 994 1032 hoc
1015 999 1095 1032 laste
1110 1000 1178 1032 scri-

301 1048 336 1082 bi
347 1048 393 1082 ait
405 1048 423 1082 a
434 1049 552 1082 Sanun
563 1047 669 1081 Paulo
681 1047 865 1092 Apostolo:
895 1051 958 1082 Lac
966 1048 1052 1082 vohis
1072 1058 1177 1091 potum

301 1100 392 1138 dedi.
421 1098 465 1136 Et
486 1099 632 1133 asanezo
644 1097 744 1132 Petro
765 1096 931 1141 Apostolo
944 1113 955 1132 :
983 1098 1080 1142 ,Quasi
1094 1100 1178 1132 modo

297 1154 397 1201 geniti
421 1148 555 1190 infantes
577 1146 831 1191 Iao-‘concupiscite
854 1173 860 1182 .
891 1147 1052 1183 Eumdern
1079 1149 1176 1183 ritum

308 1199 442 1233 laudant
478 1199 638 1242 Origenes
674 1222 686 1239 ,
722 1199 878 1232 Clemens
908 1198 1173 1240 Alexandrinus,

303 1249 388 1289 [Λᾶει
398 1248 519 1281 sancta
536 1249 688 1286 Susanna:
699 1247 850 1292 Virginis
876 1249 911 1282 δε
923 1249 1080 1292 Martyris
1089 1250 1175 1292 apud

302 1298 519 1331 Laurentium
533 1298 685 1336 Surium,
713 1297 779 1335 vita
799 1297 1176 1337 SanetiPacbomiiAb-

299 1346 386 1387 batis
395 1346 480 1389 apud
493 1346 653 1390 Joannem
675 1346 864 1381 Bolandum
875 1370 887 1387 ‚
913 1346 1050 1382 Rituale
1065 1349 1178 1382 Eccle-

122 906 197 950 Cim·
215 913 262 948 ἷξε

1291 544 1372 579 Hoc
1384 546 1493 591 itaque
1504 546 1570 581 mel
1592 545 1627 580 δε
1638 547 1688 581 lac
1700 548 1735 583 in
1753 549 1807 585 die
1821 550 1970 588 Paschali
1990 555 2128 590 eonsue-

1242 595 1289 629 vit
1305 595 1345 629 ad
1357 596 1464 639 ipsum
1484 598 1583 631 altare
1596 598 1679 632 intra
1693 600 1886 637 sacrificium
1898 615 1974 638 cum
1985 615 2070 648 pane
2091 605 2129 641 δι

1243 647 1323 679 vino
1333 646 1442 680 offerri
1455 671 1466 687 ‚
1493 648 1528 681 in
1542 648 1612 690 ipso
1620 648 1714 682 altari
1739 649 1909 693 benedici,
1934 664 2031 699 atque
2044 654 2125 690 hinc

1244 696 1385 740 imperiti
1398 695 1531 739 quidam
1543 697 1697 742 Episcopi
1709 711 1747 734 ac
1757 699 1942 745 Presbyteri
1953 715 2127 750 eoeperune

1243 747 1347 790 ipsam
1360 745 1618 784 Eucharisticam
1631 750 1914 786 consecrationem
1932 754 1997 788 illis
2008 756 2127 799 impar·

1244 798 1315 833 tiri.
1343 796 1387 831 Et
1399 796 1488 832 hunc
1509 810 1651 834 errorem
1670 801 1838 843 peffimum
1866 803 2126 846 proscribit'vCa-

1245 858 1313 881 non
1334 847 1620 893 Carthaginenfis·.
1647 848 1779 888 Eodem
1801 851 1871 894 jure
1894 854 2055 897 praesenti's
2064 854 2127 897 Sy·

1243 897 1322 932 nodi
1334 898 1455 932 Canon
1469 899 1641 943 vigefimus
1660 902 1793 936 oaavus
1812 902 1950 938 damnat
1961 915 2040 945 eos,
2067 904 2127 946 qui

1245 949 1279 981 δε
1291 948 1405 982 vinum
1427 949 1460 982 ὃς
1472 960 1572 985 uvam
1584 950 1699 984 eadem
1711 950 1937 989 benedictione
1950 955 2127 991 sanctifica-

1245 998 1341 1040 bant,
1367 999 1402 1038 ὃς
1417 999 1541 1043 populo
1549 1010 1718 1044 tamquam
1730 999 1897 1046 duplicem
1918 1005 2034 1039 sacrati
2044 1004 2127 1039 cali-

1232 1048 1290 1094 *cis
1310 1050 1449 1092 speciem
1474 1050 1727 1093 impartiebant,
1751 1053 1912 1087 mandans
1936 1052 2062 1089 seorsim
2075 1054 2131 1089 be-

1245 1097 1374 1139 aediti,
1399 1108 1566 1142 tamquam
1581 1100 1759 1143 primitias,
1786 1112 1857 1136 non
1879 1112 2047 1146 tamquam
2059 1105 2132 1138 Eu-.
2164 1111 2169 1117 ⁸

1243 1147 1427 1184 charistiam
1440 1174 1448 1181 .
1477 1149 1523 1183 Et
1535 1148 1624 1184 reae.
1650 1150 1762 1185 Habet
1774 1152 1863 1188 enim
1875 1153 1974 1187 tertiae
1988 1153 2127 1189 Bracca·

1245 1197 1341 1232 renfis
1351 1198 1478 1241 synodi
1490 1198 1611 1234 Canon
1626 1200 1769 1243 primus,
1794 1202 1812 1235 a
1826 1202 1986 1237 Gratiano
1998 1203 2128 1248 supple-a

1244 1259 1315 1288 tus,
1339 1249 1373 1283 &
1393 1249 1481 1292 Julio
1494 1248 1651 1284 Pontifici
1674 1251 1869 1295 adscriptus.
1898 1255 1993 1297 ,Quod
2011 1255 2049 1288 de
2070 1265 2128 1288 ex-

1240 1297 1333 1341 preffi»
1344 1298 1426 1330 botro
1440 1322 1451 1338 ,
1476 1300 1514 1331 id
1519 1298 1557 1339 est
1569 1323 1580 1339 ,
1605 1311 1737 1334 uvarum
1741 1308 1851 1344 granis
1861 1306 1991 1346 populus
2002 1315 2129 1338 commu⁴

1243 1354 1360 1382 nlcamr
1372 1372 1382 1388 ,
1406 1349 1500 1382 valde
1521 1348 1560 1389 est
1571 1353 1688 1383 omnino
1712 1350 1863 1394 confusum
1877 1379 1884 1387 .
1910 1355 1971 1387 Sed
1972 1352 2003 1396 fi
2023 1352 2128 1398 nec-effe

298 1398 350 1433 fiae
362 1396 583 1440 AEthiopicae,
610 1395 705 1431 Ordo
717 1397 911 1436 Romanus,
935 1398 1018 1431 acin
1033 1398 1177 1441 paffione
1236 1396 1300 1438 fit,
1324 1397 1427 1430 botrus
1450 1404 1483 1432 in
1496 1401 1583 1433 calice
1601 1407 1832 1444 comprimatur,
1859 1405 1985 1447 &aqua
2008 1403 2128 1448 miscu-

299 1449 357 1483 sna
379 1449 420 1483 ad
433 1458 610 1491 tyrannum
632 1445 673 1481 de
686 1447 745 1480 suo
764 1447 881 1490 sponso
895 1448 966 1489 Jesu
977 1445 1110 1487 Christo
1129 1448 1179 1482 lo-

301 1510 405 1541 quens
426 1499 541 1532 sancta
556 1497 688 1542 Agnes.
714 1500 778 1533 Lac
800 1498 904 1533 &mel
922 1509 961 1531 ex
986 1499 1050 1539 ejus
1066 1509 1114 1531 ore
1132 1494 1177 1540 su-

297 1549 378 1599 scepi
388 1573 396 1580 .
423 1547 552 1582 Habuit
564 1548 644 1581 ritus
654 1545 732 1580 duas
745 1547 900 1580 rationes.
928 1546 1037 1582 Prima
1050 1548 1114 1582 fuit
1136 1546 1177 1582 ad

301 1599 450 1640 infantiae
462 1623 473 1639 ‚
499 1609 563 1641 qua
583 1598 657 1631 suos
668 1595 817 1635 Christus
831 1596 972 1632 infantat
988 1621 998 1637 ‚
1021 1597 1185 1642 {ig-nifica-

287 1651 429 1686 ’tlonem
443 1674 453 1690 ,
480 1649 515 1683 id
530 1647 594 1689 est,
618 1646 662 1681 ad
672 1645 996 1692 fignificandumnos
1008 1658 1049 1680 ex
1059 1647 1178 1681 invete-

303 1702 383 1735 ratis
393 1700 519 1734 dierum
529 1698 690 1731 malorum
702 1697 928 1740 peccatoribus
951 1708 1005 1741 per
1020 1698 1180 1731 sacrosan-

305 1752 391 1787 stum
403 1750 473 1792 Jesu
483 1746 778 1794 ChristiBaptisma
789 1757 826 1780 ac
838 1757 1020 1790 perceptam
1036 1747 1107 1781 istic
1116 1747 1180 1791 ple-

305 1793 467 1835 niffimam
478 1797 631 1832 omnium
684 1796 1080 1844 ecatoru-mremiss'ionem
1093 1821 1105 1837 ,
1116 1797 1180 1832 esse

305 1850 536 1887 transmutatos
556 1848 590 1881 in
603 1838 645 1881 in
683 1845 753 1881 nte&
774 1846 1058 1882 innocentiffimos
1083 1847 1180 1880 unius

306 1899 390 1934 diei.
420 1899 533 1936 Altera
553 1909 609 1941 per
629 1896 834 1932 Clementem
859 1896 1127 1931 Alexandrinum
1146 1897 1180 1931 &

305 1950 468 1985 Ordinem
480 1949 671 1984 Romanum
684 1946 813 1980 laudata
827 1947 1023 1990 fignificatio
1035 1947 1180 1982 ostendit

1241 1455 1291 1479 tur
1322 1468 1330 1479 .
1357 1446 1459 1481 Botro
1481 1447 1582 1491 igitur
1604 1450 1749 1484 recenter
1775 1453 1955 1494 expressum
1979 1453 2126 1489 mustum

1243 1496 1420 1531 coniectari
1445 1497 1548 1541 potest
1566 1497 1670 1533 valide
1686 1523 1697 1539 ,
1724 1500 1758 1534 δε
1770 1499 1815 1534 ob
1834 1502 1938 1537 solam
1959 1503 2028 1537 vini
2051 1504 2127 1537 ino-

1244 1547 1330 1590 piam
1342 1544 1453 1590 licite3
1482 1547 1594 1582 botrus
1616 1559 1726 1588 autem
1743 1551 1872 1595 integer
1891 1552 1936 1586 est
1960 1554 2127 1587 consecta-

1241 1595 1344 1631 tionis
1367 1595 1508 1631 omnino
1533 1598 1670 1641 incapax
1701 1623 1712 1639 ,
1738 1600 1827 1643 quod
1853 1603 1995 1637 necdum
2021 1603 2057 1636 fit
2080 1602 2127 1637 vi·

1242 1657 1322 1680 num
1331 1670 1346 1688 ,
1357 1647 1392 1681 ἀ
1403 1646 1453 1680 illi
1467 1658 1550 1692 aqua
1558 1650 1734 1691 nou-poffit
1746 1649 1915 1685 admisceri
1929 1676 1937 1683 .
1965 1650 2127 1686 Attamen

1243 1697 1416 1742 vigesimus
1436 1696 1492 1730 ille
1513 1699 1648 1733 octavus
1661 1698 1781 1734 Canon
1804 1700 1963 1744 permittit
1985 1700 2126 1736 eumbe-

1243 1747 1352 1781 nedici
1371 1748 1406 1781 in
1419 1747 1489 1790 ipso
1502 1747 1595 1787 altari
1611 1774 1618 1781 .
1643 1785 1658 1793 w

1293 1797 1348 1834 De
1359 1797 1532 1833 elementis
1553 1797 1670 1843 inipso
1689 1798 1782 1834 altari
1803 1800 2043 1836 sanctificandis
2060 1812 2128 1836 me·

1242 1847 1342 1881 minlt
1365 1848 1464 1882 etiam
1488 1849 1622 1883 Sanetus
1645 1849 1833 1892 Cyprianus
1856 1851 1892 1885 in
1914 1851 2063 1895 Epistola
2085 1851 2128 1887 ad
2149 1848 2232 1890 Epist.
2241 1860 2289 1886 1ο·

1250 1897 1437 1940 Ianuarium
1462 1897 1518 1931 Nu
1525 1897 1632 1932 midiae
1641 1898 1822 1934 Primatem
1847 1901 1881 1934 &
1891 1900 1961 1944 ejus
1971 1901 2130 1948 Collegas

1243 1947 1479 1991 provinciales:
1507 1947 1723 1990 Eucharistia‚
1750 1951 1874 1985 &unde
1899 1951 2052 1996 baptizati
2074 1964 2129 1988 un-

304 2011 367 2034 nos
377 1999 494 2033 eodem
507 1997 706 2040 Baptismate
717 1997 942 2042 pervenlssb-iu
951 2006 1070 2032 terram
1083 1997 1184 2032 fluen-
1236 2005 1353 2041 guntur
1364 2022 1376 2039 ,
1401 1998 1492 2033 oleum
1514 2004 1547 2032 in
1570 2000 1663 2032 altari
1671 1997 1874 2042 sanc‘Hficatur
1890 2026 1900 2034 .
1925 2001 1975 2035 At
1987 2001 2066 2036 vero
2087 2001 2131 2040 d·

304 2061 374 2084 tem
397 2049 446 2083 lac
466 2047 501 2084 <Sc
521 2046 587 2081 mel
608 2059 619 2079 .·
644 2045 683 2083 In
708 2047 846 2080 sanctam
858 2070 869 2086 ‚
896 2043 1094 2083 catholicam
1110 2072 1120 2089 ,
1148 2048 1182 2081 &

304 2098 535 2144 Apostolicam
555 2096 626 2140 Jesu
639 2095 760 2129 Christi
773 2095 949 2130 Ecclesiam
964 2121 973 2135 ,
1001 2108 1110 2131 veram
1122 2106 1183 2130 ter-

304 2162 374 2189 ram
396 2146 632 2192 promissionis.
659 2145 733 2179 Nec
755 2145 820 2178 fine
841 2145 935 2180 causa
954 2146 1183 2181 Tertullianus

298 2209 343 2235 'nc
357 2194 492 2234 Sanctus
504 2195 734 2238 Hieronymus
742 2194 833 2238 ajunt
843 2195 936 2230 ffiiffe
952 2195 1043 2231 lactis
1055 2208 1093 2231 ae
1107 2196 1183 2230 mel-

304 2251 346 2285 lis
365 2247 578 2283 concordiam
592 2248 646 2280 seu
667 2245 877 2280 societatem.
906 2246 1055 2290 Exponit
1071 2247 1106 2280 in
1118 2247 1180 2290 pri-

298 2311 363 2335 mo
373 2299 458 2333 libro
469 2296 647 2341 Paedagogi
656 2296 815 2330 ›Clemens—
827 2295 1071 2331 Alexandrinus
1084 2309 1091 2328 ε
1121 2300 1183 2330 Lac

300 2352 391 2386 melle
400 2346 552 2392 miscetur».
562 2344 630 2382 {Ea
641 2345 802 2389 conjungi
810 2347 970 2382 consueta
981 2346 1088 2390 palam
1101 2347 1182 2380 dicit

306 2400 402 2435 Ordo
413 2401 585 2434 Romanus
595 2421 602 2428 .
628 2395 741 2430 Habet
756 2395 792 2430 &
803 2394 894 2429 hune
902 2396 1055 2431 titulum:
1089 2399 1183 2430 Bene·

307 2451 397 2485 didlio
416 2449 500 2482 labiis
527 2450 562 2481 ὁ·
581 2448 691 2480 mellu.
720 2445 764 2480 Et
784 2447 886 2480 varias
909 2457 1036 2489 preces,
1063 2446 1183 2490 quibus

304 2499 512 2543 conjunctim
524 2495 799 2531 benedicebantur
808 2521 815 2527 .
831 2494 938 2531 Addit
948 2496 1098 2536 laudatus
1109 2497 1186 2531 Cle-.

308 2561 422 2586 mens:
449 2545 585 2589 Miscetur
595 2556 705 2594 quoque
726 2546 772 2578 lae
783 2552 855 2579 vino
865 2548 942 2580 dulce
954 2572 961 2578 .
987 2547 1098 2594 Qem
1114 2557 1183 2580 mo·

309 2611 379 2635 rem
391 2598 526 2643 viguisse
537 2596 572 2630 in
580 2595 735 2630 omnibus
746 2596 1018 2636 Occidentalibus
1034 2596 1183 2632 Ecclefiis

306 2652 378 2696 jam
386 2648 495 2682 statim
506 2646 690 2681 audivimus
700 2645 719 2678 a
730 2646 847 2679 Sancto
857 2646 1085 2690 Hieronymo.
1107 2647 1183 2681 Por-

308 2701 351 2736 ro
371 2697 574 2744 AEgyptiaca
595 2694 760 2735 Ecclesia,
787 2696 900 2739 utpote
918 2697 1011 2732 docta
1037 2698 1184 2732 a-sansto

310 2751 430 2791 Marco
451 2747 540 2783 Petri
563 2744 716 2789 Apostoli
734 2744 898 2788 discipulo
914 2772 926 2788 ,
953 2747 1111 2792 plurimos
1133 2746 1186 2781 ha-

312 2801 385 2840 buit
396 2800 476 2834 ritus
487 2797 675 2831 Romanos.
703 2795 857 2839 Eumque
877 2808 1003 2834 morem
1022 2796 1107 2841 'apud
1121 2808 1181 2832 nos

311 2851 431 2901 Belgas
441 2850 476 2889 in
486 2846 628 2888 Ecdefia
637 2844 854 2897 Dordracenst
866 2847 966 2895 usque
982 2847 1024 2887 ad
1036 2846 1183 2888 Calvini-

127 2324 201 2362 cap.
217 2326 246 2356 o.

1242 2047 1360 2082 Sandio
1389 2047 1575 2087 Marcello,
1601 2049 1797 2092 Apameenfi
1819 2051 1865 2084 ins
1881 2051 2023 2087 secunda
2034 2042 2130 2095 Syria
2149 2045 2288 2080 1-·5·c‘²s·

1243 2097 1407 2140 Episcopo
1422 2098 1690 2140 Metropolitano
1708 2122 1719 2138 ‚
1746 2097 1858 2133 scribit
1869 2099 1904 2132 in
1917 2098 2053 2136 historia
2070 2097 2132 2137 Ec—

1242 2146 1412 2180 clefiastica
1434 2144 1669 2182 Theodoretus
1684 2171 1696 2188 ,
1722 2147 1813 2191 quod
1835 2160 1955 2193 aquam
1975 2151 2127 2187 adversus

1241 2196 1427 2231 daemonum
1452 2197 1614 2233 maleficia
1650 2197 1908 2234 benedicendam
1937 2223 1952 2241 ‚
1975 2212 2046 2236 non
2068 2202 2129 2243 in,

1241 2246 1295 2280 sed
1319 2246 1400 2287 sub,
1427 2246 1481 2281 seu
1503 2246 1594 2290 juxta
1620 2248 1854 2283 sacrosanctum
1878 2251 1978 2285 altare
2000 2251 2036 2286 in
2056 2252 2130 2288 vase

1241 2296 1417 2331 collocaret
1428 2319 1436 2328 .
1465 2296 1510 2331 Et
1521 2297 1662 2342 vulgaris
1679 2298 1800 2332 Canon
1814 2299 2029 2343 Apostolicus
2039 2303 2106 2343 mel
2117 2326 2134 2345 ,

1241 2342 1292 2380 lae
1318 2371 1329 2388 ,
1354 2346 1509 2381 animalia
1533 2371 1544 2387 ,
1569 2347 1736 2393 legumina
1761 2348 1803 2383 ad
1825 2350 1926 2384 altare
1946 2350 2055 2386 offerri
2078 2362 2134 2388 ve-

1241 2406 1314 2432 tans
1332 2419 1343 2435 ,
1371 2405 1460 2431 vetat
1483 2408 1599 2432 eorum
1621 2409 1690 2432 non
1711 2398 1842 2433 tantum
1867 2399 2129 2437 Eucharisticam

1241 2447 1545 2488 consecrationem,
1573 2447 1628 2482 sed
1655 2448 1691 2481 δε
1712 2447 1813 2481 solam
1835 2447 2013 2491 simplicem
2034 2448 2134 2486 bene-

1241 2497 1419 2532 dictionem
1430 2522 1437 2528 .
1469 2496 1590 2531 Nullus
1600 2496 1676 2531 sane
1685 2521 1696 2537 ,
1721 2499 1872 2541 exceptis
1883 2499 2025 2534 Galatiae
2034 2511 2133 2535 mon-

1242 2547 1314 2581 stris
1333 2571 1344 2588 ,
1371 2547 1454 2582 Erro
1476 2546 1596 2591 legitur
1617 2546 1774 2590 ejusmodi
1800 2547 2040 2584 elementorum
2065 2549 2134 2585 Eu-

1241 2596 1446 2631 charisticam
1471 2598 1754 2632 consecrationem
1781 2597 1943 2633 delirasse.
1975 2601 2020 2634 Bt
2042 2597 2129 2633 istud

1242 2647 1283 2682 de
1294 2647 1373 2681 la&
1394 2648 1429 2681 &
1443 2647 1539 2681 melle
1551 2647 1726 2682 confirmat
1740 2649 1874 2691 ptaesens
1885 2648 2005 2684 Canon
2017 2673 2028 2690 ‚
2049 2648 2130 2683 Car·

1243 2697 1471 2742 rhaginensem
1498 2721 1510 2738 ,
1536 2697 1578 2732 ab
1605 2698 1699 2732 omni
1725 2697 1846 2732 Latina
1876 2699 2019 2733 Ecclefia
2042 2709 2132 2733 rece·

1245 2757 1341 2792 ptum
1362 2771 1373 2787 ,
1401 2747 1515 2782 volens
1535 2772 1548 2791 ‚
1575 2748 1664 2794 quast
1690 2747 1733 2784 ab
1754 2747 1952 2795 Apostolico
1970 2748 2130 2790 devium,

1195 2812 1200 2870 Ι
1231 2802 1234 2806 ’
1247 2798 1425 2835 οοπεᾶιιιη
1434 2821 1447 2832 .

1991 3498 2095 3538 cA-
