2320 3744
330 170 364 215 -4
627 202 642 214 ι,
735 150 902 197 Sex-11
936 149 1288 196 GQENERALIS
1324 151 1630 199 Conon-11

285 245 384 317 pria
418 243 551 294 vellet
580 276 596 303 ,
646 257 784 311 atque
816 255 1063 311 operaretur
1098 240 1132 288 :'
1150 245 1291 305 Juxta
1338 256 1477 306 quam
1511 242 1725 292 rationem
1769 246 1813 291 δε
1847 242 1956 304 duas
1991 258 2121 295 natu-

287 315 400 366 rales
434 313 682 368 voluntates
716 350 731 375 ,
781 317 826 362 &
859 312 1136 380 operationes
1170 309 1425 363 confitemur
1458 347 1473 372 ,
1521 309 1577 360 ad
1612 310 1791 366 salutem
1827 314 2007 366 humani
2043 334 2120 380 ge.

287 386 403 437 neris
436 384 748 439 convenienter
780 384 829 434 in
862 382 919 432 eo
952 396 1256 434 concurrentes
1292 418 1306 430 .
1341 381 1425 431 His
1459 383 1594 444 igitur
1627 400 1729 435 cum
1763 387 1886 434 omni
1920 385 2120 454 undique

288 455 461 512 cautela
493 470 630 522 atque
661 452 894 516 diligentia
927 451 956 503 a
988 451 1116 503 nobis
1151 451 1349 513 formatis
1375 487 1389 512 ‚
1422 449 1652 506 definimus
1686 456 1817 506 aliam
1853 454 1985 505 fidem
2020 458 2119 506 nul„

289 528 324 579 li
357 526 487 580 licere
521 522 710 592 proferre
743 538 821 576 aut
854 522 1122 577 conscribere
1155 557 1170 585 ‚
1215 522 1482 591 componere
1538 540 1615 577 aut
1650 522 1794 593 sapere
1820 562 1834 587 ‚
1875 528 1947 577 vel
1982 525 2121 578 etiam

288 597 418 647 aliter
449 594 632 663 docere,
682 596 776 660 Qi
825 594 931 649 vero
966 591 1274 663 praesumpserit
1324 590 1456 643 fidem
1490 594 1672 645 alteram
1718 613 2006 665 componere,
2041 597 2118 646 vel

287 664 527 735 proferre-3
572 663 648 715 vel
681 663 840 720 docere
869 702 884 728 ,
932 666 1006 717 vel
1054 663 1221 719 tradere
1266 661 1387 717 aliud
1422 664 1678 732 Symbolum
1726 666 1976 718 volentibus
2011 684 2119 719 con,

286 737 401 788 verti
446 733 519 791 ad·
550 732 821 799 agnitionem
875 737 1076 792 veritatis
1121 752 1176 785 ex
1210 733 1476 789 Gentilitate
1521 737 1593 787 vel
1628 735 1860 803 Judaismo
1891 774 1906 798 ‚
1954 754 2031 788 aut
2064 755 2119 787 ex

286 805 487 874 qualibet
520 804 665 856 haerefi
698 843 712 869 ‚
744 821 822 860 aut
855 809 935 875 qui
969 807 1217 861 novitatem
1252 808 1376 858 vocis
1411 806 1484 855 vel
1519 804 1723 859 sermonis
1757 805 2118 862 adinventionem

286 875 346 928 ad
379 874 694 941 subversionem
728 894 876 932 eorum
910 913 925 939 ‚
957 870 1079 945 quae‘
1091 893 1205 927 nunc
1240 874 1267 933 ὲ
1302 875 1430 925 nobis
1463 874 1755 930 determinata
1790 876 1886 928 sunt
1919 914 1934 939 ,
1977 880 2118 927 intro-

285 944 443 1006 ducere
476 967 491 997 ε
546 951 642 997 Hos
675 983 689 1008 ,
735 945 949 1016 liquidem
981 944 1186 1016 Episcopi
1221 945 1406 1008 fuerint,
1442 962 1518 996 aut
1551 948 1719 1014 Clerici
1753 985 1767 1010 ‚
1802 949 1968 1003 alienos
2000 945 2119 1003 effe..

200 1049 245 1077 4.
285 1015 528 1087 Episcopos
562 1015 744 1085 quidem
776 1018 836 1068 ab
869 1016 1135 1087 Episcopatu
1161 1053 1176 1079 ‚
1209 1017 1409 1070 Clericos
1444 1016 1553 1068 verb
1587 1016 1615 1070 εὶ
1649 1019 1784 1075 Glero
1806 1041 1825 1082 ,-
1871 1018 2116 1084 sinautem

289 1089 499 1155 Monachi
532 1086 718 1162 fuerint,
752 1089 826 1147 vel
858 1090 961 1148 laici
986 1126 1002 1159 ,
1033 1089 1172 1146 entiam
1205 1087 1570 1145 anathematizari
1602 1105 1704 1145 eos.

1823 3478 2045 3532 DISSER-
