2340 3762
644 125 712 183 oe
748 149 988 183 sepnmn
1022 134 1267 181 Svnono
1301 127 1655 176 GENERAM'.

247 221 337 260 cario
348 218 543 259 Paniai-cha
564 216 782 257 Antiocheno
793 244 817 265 „
830 217 1131 254 Monothelitarum

246 274 338 312 Daci
364 276 399 308 in
422 274 513 309 sexta
535 272 697 317 Synodo,
722 271 816 307 fuisse
839 267 1133 317 frequentet-ako-

246 332 348 360 mana
362 324 504 360 Ecclesia
514 323 661 363 oblatam
669 321 820 358 eamdem
828 320 980 367 gratiam,
992 319 1132 355 attestati

248 375 328 410 sunt
340 374 527 420 Apostolici
538 373 673 422 Legati.
692 373 842 418 Adjungi
854 381 1028 416 potuerant
1038 369 1133 405 Cele-

244 423 351 459 mnus
370 426 406 461 δε
418 427 554 461 Sanctus
569 424 640 458 Leo
659 423 828 470 Magnus,
846 423 997 460 Rotnani
1018 420 1133 456 Ponti-

241 476 345 518 fices,
371 476 566 511 mandantes
584 475 686 508 etiam
697 474 856 510 Nestorio
876 485 914 508 ac
927 469 1105 516 Eutycheti
1119 495 1131 512 ‚

241 525 476 561 Haerefiarchis
491 550 504 567 ,
528 525 715 560 dummodo
735 524 891 559 veraciter
912 523 1107 568 poeniterent
1121 546 1132 563 ‚

240 583 300 623 per
312 577 452 621 primam
473 587 512 610 ac
525 576 701 611 secundam
722 573 898 621 Ephefinas
911 572 1067 617 Synodos
1085 584 1129 607 re-

239 627 378 661 formari
387 627 550 671 integram
563 627 610 660 sui
624 626 743 671 gradus
752 626 1037 672 ‘communionem
1048 648 1060 668 ,
1086 632 1131 658 at-

235 685 305 719 que
318 677 365 711 ita
386 676 558 712 laudatum
570 676 589 711 ὲ
601 677 720 712 δαηᾶο
745 675 931 712 Athanasio
951 673 1127 711 Canonexn

235 726 433 772 mitigantes
443 739 481 762 ac
493 727 684 763 mutilantes
697 751 704 759 .
733 726 790 762 Ab
800 726 864 762 isto
874 736 1024 770 tempore
1033 725 1127 769 quos-

233 775 287 810 vis
296 777 529 814 Haeresiarchas
551 779 587 812 in
599 778 724 823 largam
735 784 737 786 ’
748 777 844 815 istam
855 777 995 824 gratiam
1005 774 1128 810 Roma-

234 837 282 865 na
297 826 445 865 Ecclesia
454 828 575 871 recepit
585 851 593 860 .

311 875 442 911 Verum
476 876 598 915 Sabbas
629 874 812 911 monachus
845 899 858 916 ,
897 873 1051 911 studiani
1089 874 1125 908 in

229 925 340 969 Regia
362 926 443 959 urbe
466 926 656 960 monasterii
681 925 819 967 Abbas,
845 923 1126 962 Iconoclastarum

229 975 358 1019 rigidus
369 973 514 1014 vindex,
534 975 730 1020 interposuit
741 976 871 1011 tertiam
892 976 1123 1019 quaestionem:

229 1026 264 1062 st
269 1025 370 1067 placet
384 1023 503 1068 sanHae
525 1026 656 1066 synodo,
681 1028 846 1060 videamus
866 1025 894 1067 fi
904 1027 1120 1062 Ordinationes

228 1085 349 1116 eorum,
373 1082 425 1118 qui
441 1082 551 1118 recepti
556 1074 650 1119 sunt,
677 1076 718 1110 ab
728 1075 880 1111 haereticis
901 1071 1055 1118 fuerunt,
1082 1089 1124 1110 an

228 1137 306 1161 non.
333 1125 452 1162 Lectos
464 1124 529 1165 huc
553 1128 655 1169 usque
665 1126 826 1161 Canones
845 1125 888 1160 de
899 1126 977 1161 solis
989 1127 1123 1170 Episco-

228 1175 281 1220 pis
296 1175 332 1209 δε
345 1176 486 1210 Clericis
507 1177 544 1211 in
557 1176 701 1212 Ecclefia
721 1175 901 1212 Catholica
923 1178 1122 1212 consecratis

228 1225 317 1260 dixit
338 1226 476 1263 statuere
496 1251 508 1268 ,
533 1226 676 1273 ideoque
703 1227 741 1262 in
765 1226 855 1262 hisce
880 1226 1096 1262 Iconoclastis
1109 1253 1120 1270 ,

227 1276 295 1310 sese
317 1276 352 1310 in
375 1275 481 1316 haeresi
503 1274 622 1318 natos,
646 1275 822 1320 educatos,
847 1277 1030 1321 baptizatos
1047 1302 1060 1320 ,
1085 1279 1121 1314 ἀ

226 1325 412 1374 Ordinatos
433 1327 679 1372 allegantibus,
703 1339 774 1363 non
785 1327 905 1363 habere
916 1329 1047 1363 locum.
1075 1329 1120 1366 Et

223 1373 308 1413 hinc
323 1375 431 1412 edixit
442 1379 547 1412 sancia
559 1378 735 1422 Synodus:
757 1380 902 1421 ,Quaertte
911 1384 1005 1412 etiam
1016 1381 1055 1412 de
1067 1383 1123 1412 Or·

223 1427 380 1460 clinatione
403 1450 411 1457 .
439 1427 485 1459 Et
505 1427 589 1460 Ietta
613 1429 690 1460 sunt
720 1427 851 1460 Ruffini
873 1427 1095 1469 Aquilejenfis
1109 1449 1121 1466 ,

221 1474 390 1516 Socratis,
414 1487 454 1510 ac
465 1475 645 1511 Theodori
666 1476 814 1510 Lectoris
825 1474 1051 1510 Ecclefiastica
1062 1472 1118 1509 vhi·

223 1524 326 1562 storia
351 1549 362 1566 ,
387 1526 456 1562 vita
476 1526 587 1561 Sanni
614 1524 727 1560 Sabbae
747 1524 892 1561 Abbatis
912 1549 924 1568 ,
947 1525 1015 1560 alia
1036 1526 1117 1560 item

221 1573 311 1610 Asta
323 1575 547 1611 Ecclefiastica
557 1602 569 1619 ,
590 1586 688 1620 atque
700 1575 815 1611 Petrus
828 1575 989 1611 Romanae
1000 1576 1113 1611 Eccle-

222 1623 576 1669 siaeArchi-Presbyter
599 1638 638 1661 ac
649 1626 795 1671 Legatus
815 1625 862 1660 est
876 1626 1116 1660 interlocutus:

220 1673 350 1708 sumtus
376 1677 516 1709 Meletius
541 1699 553 1716 ,
577 1674 768 1710 Patriarcha
787 1674 1022 1710 Antiochenus
1044 1699 1056 1716 ,
1075 1675 1116 1708 ab

222 1727 348 1762 ⁴Arianis
359 1724 398 1764 est
408 1727 565 1760 ordinatus
574 1751 585 1767 ,
613 1728 648 1761 (zi
661 1727 822 1761 ordinatio
833 1726 899 1766 ejus
913 1737 970 1759 non
983 1725 1022 1766 est
1031 1733 1115 1768 repu-

221 1773 330 1806 diam.
358 1774 404 1808 Et
426 1786 483 1818 per
505 1775 729 1811 Theodorum
750 1776 972 1811 Catanensem
997 1786 1114 1810 omnes

222 1822 382 1866 Episcopi
405 1824 530 1858 Siculi:
557 1831 666 1859 Verum
678 1828 755 1859 dicit
766 1825 1025 1864 Archi-Presbyter
1039 1829 1112 1868 Apo-

213 1870 324 1917 stolicae
350 1873 537 1908 Catbedrae.
564 1876 612 1910 Et
632 1877 770 1911 Sanctus
790 1875 970 1910 Tharaiius
990 1884 1001 1907 t
1023 1876 1117 1918 ,Quid

219 1923 320 1959 dicitis
340 1924 379 1957 de
403 1925 560 1965 Anatolio,
587 1924 775 1960 Patriarcha
798 1925 1114 1968 Constantinopoli-

218 1973 331 2007 tano?
357 1976 470 2009 Nonne
493 1977 617 2009 Primus
635 1974 753 2019 sanc¹7ae
774 1974 1055 2011 Chalcedonensis
1067 1977 1113 2013 51·

216 2023 291 2057 modi
305 2021 396 2063 fuit?
424 2027 471 2056 Et
490 2027 600 2057 ecced
611 2024 744 2067 Dioscoro
763 2031 856 2068 impio
877 2027 1037 2059 ordinatus
1048 2025 1086 2064 est
1103 2050 1110 2057 .

195 2105 197 2107 μ
218 2070 356 2106 Etenim
368 2083 408 2106 ex
419 2076 482 2106 Deo
491 2072 530 2113 est
539 2071 714 2116 consecratio
725 2097 732 2105 .
759 2074 854 2111 Hinc
867 2076 960 2111 illam
972 2075 1013 2109 ad
1025 2075 1114 2113 Mar·

218 2120 311 2156 ciani
326 2120 470 2167 Augusti
482 2133 589 2166 preces
598 2123 616 2157 a
628 2123 718 2158 vitiis
729 2123 881 2168 purgavit
892 2124 1027 2158 Sanctus
1037 2126 1109 2159 Leo

219 2170 378 2206 Pontifex
389 2196 400 2212 ,
419 2172 453 2206 &
468 2172 614 2210 firmavit
625 2197 632 2205 .
660 2172 773 2207 Etiam
785 2173 803 2206 a
818 2174 944 2219 Sergio,
956 2173 1085 2218 Pyrrho
1097 2199 1108 2215 ,

218 2217 321 2255 Petro
349 2245 360 2261 ,
384 2222 492 2257 Paulo
519 2247 529 2264 ‚
555 2221 796 2257 Monothelitis
824 2224 937 2269 Regiae
961 2225 1107 2260 civitatis

217 2268 416 2306 Patriarchis
427 2297 438 2313 ,
464 2273 636 2308 ordinatos
649 2274 830 2317 Episcopos
840 2275 934 2309 fuiffe
945 2273 986 2308 ad
998 2275 1106 2308 suffra·

216 2321 313 2365 gium
339 2321 374 2356 &
399 2324 584 2358 consessum
601 2324 636 2358 in
658 2324 746 2359 sexta
769 2324 908 2367 Synodo
929 2324 1103 2367 admissos,

217 2369 366 2415 adeoque
387 2383 492 2406 ratam
515 2370 663 2409 habitam
686 2386 800 2408 eorum
821 2375 1105 2414 ordinationem,

215 2420 364 2456 ostendit
384 2421 536 2457 laudatus
557 2422 757 2465 Tharafius,
777 2425 812 2459 ὃς
832 2426 973 2469 reposuit
994 2426 1102 2460 sancta

217 2470 391 2513 Synodus:
418 2474 543 2506 clarum
563 2473 620 2514 est.
649 2474 784 2508 Etenim
806 2476 840 2509 ὃ(
855 2477 988 2510 octavus
1000 2476 1104 2510 Nicae·

217 2531 302 2562 nus,
328 2520 363 2554 &
386 2521 561 2556 laudatusa
575 2524 694 2558 Sanuo
714 2524 897 2560 Athanasio
910 2526 1031 2560 Canon
1056 2538 1108 2569 pa—

147 2570 149 2573 '
216 2570 285 2603 lam
297 2569 480 2613 loquuntur
490 2571 532 2607 de
545 2574 717 2618 Episcopis
738 2576 773 2609 δε
789 2575 924 2610 Clericis
946 2577 1030 2611 intra
1043 2574 1104 2610 hae-

217 2619 311 2655 refim
332 2622 493 2656 ordinatis
505 2647 516 2662 ‚
542 2633 684 2665 quorum
710 2625 806 2659 causa
817 2626 882 2661 fuit
903 2627 1026 2670 semper
1046 2626 1106 2661 mi-

215 2668 303 2710 tior,
329 2681 387 2705 aut
397 2672 485 2706 certe
500 2671 608 2707 minus
622 2674 708 2708 mala
719 2699 727 2707 .

268 2720 380 2756 Etiam
389 2722 447 2756 ille
458 2724 570 2762 Sancti
584 2723 757 2759 Athanasii
773 2725 895 2760 Canon
907 2726 973 2760 fuit
996 2726 1105 2761 denuo

217 2766 330 2811 lestus,
347 2783 386 2806 ac
397 2783 543 2816 repertus
556 2773 643 2808 solos
654 2786 800 2810 errorum
815 2777 984 2820 Principes
998 2789 1106 2821 perpe-

218 2818 280 2874 tuo
292 2819 375 2854 inter
394 2822 495 2858 laicos
513 2823 611 2869 figere
623 2850 635 2866 ,
660 2826 810 2869 sequaces
830 2828 931 2868 vero',
957 2827 1015 2861 nifi
1038 2827 1105 2862 alio

216 2877 303 2924 vitio
315 2880 353 2902 ac
363 2871 482 2906 exinde
494 2885 568 2909 nata
582 2875 817 2921 irregularitate
829 2887 1001 2913 teneantur
1011 2901 1023 2918 ,
1050 2877 1104 2916 ad-

219 2927 351 2952 mittere
362 2918 402 2953 ad
414 2922 552 2965 gradum
563 2949 570 2957 .
598 2926 692 2960 Hinc
705 2927 811 2963 edixit
823 2929 929 2962 sansta
940 2928 1103 2971 Synodus:

217 2970 267 3025 fic
273 2965 312 3023 se
318 2975 435 3003 veritas
447 2971 536 3006 babet
547 2999 554 3007 .
583 2974 818 3013 Nihilominus
830 2978 928 3012 aliam
942 2990 1104 3013 remoram

217 3019 380 3061 mterJecit
392 3020 630 3058 Constantinus
642 3027 903 3062 Constantienfis
915 3028 1106 3072 Episcopus,

219 3068 423 3114 Cypriorum
433 3071 663 3117 Metropolita:
689 3079 870 3119 Sufficienter
892 3076 1030 3121 ostenficm
1044 3078 1102 3120 est,

219 3125 294 3160 quia
322 3126 373 3162 qui
395 3120 434 3153 ab
446 3120 596 3157 baereticis
616 3128 759 3160 accedunt
770 3152 781 3168 ‚
800 3126 983 3171 suscipiendi
1003 3127 1103 3172 sunt‚·

212 3166 245 3210 fi
250 3174 317 3211 quis
340 3178 439 3203 autem
446 3171 542 3212 studio
552 3175 596 3207 ad
603 3173 756 3210 baereticos
790 3183 858 3211 ierit
869 3203 879 3218 ,
905 3177 1104 3223 &susceperit

220 3221 452 3262 Ordinationem
463 3247 473 3262 ‚
492 3221 555 3264 fine
575 3230 737 3267 receptione
758 3227 812 3267 est.
839 3227 1012 3262 Praesentes
1032 3231 1101 3266 lco-

219 3270 381 3305 noclastas
407 3272 586 3316 Episcopos
626 3276 711 3309 dixit
738 3287 807 3310 non
834 3277 1021 3319 simpliciter
1046 3288 1102 3314 aut

219 3318 425 3362 ignoranter,
451 3322 504 3356 sed
516 3323 657 3358 studiose
666 3324 701 3358 ὃς
713 3326 862 3368 nequiter
873 3326 1053 3362 Ordinatos
1065 3320 1114 3363 in}

219 3365 325 3406 haerefi
339 3395 350 3411 ‚
376 3369 517 3414 ideoque
529 3373 563 3406 in
576 3374 715 3418 gradum
739 3375 812 3410 istic
824 3386 995 3419 acceptum
1008 3365 1113 3412 nuno!

218 3426 375 3464 umquam
389 3421 493 3458 modo
507 3433 563 3459 aut
575 3433 722 3469 tempore
740 3425 948 3473 recipiendos
960 3451 968 3463 ,
996 3426 1102 3464 Affer-

1903 147 2011 199 239

1191 215 1319 251 tionem
1341 212 1429 251 hanc
1445 214 1590 250 ostendit
1610 226 1652 249 ex
1663 214 1771 251 Sanffi
1782 215 1890 254 Basilii
1911 223 1953 256 ad
1965 224 2073 261 Nico-

1193 267 1361 312 politanos
1382 265 1533 309 Epistola
1552 290 1563 306 ‚
1589 265 1684 308 eique
1706 263 1846 306 Jorznnes
1870 271 2076 312 &Thomas

1194 316 1370 357 monachi,
1397 315 1670 351 Patriarchalium
1688 316 1909 356 Orientalium
1933 322 2077 369 Legati,

1195 370 1283 403 fuere
1294 367 1481 412 adstipulati
1492 393 1500 400 .

1245 419 1383 454 Nodum
1404 419 1572 464 eleganter
1597 417 1695 453 solvit
1717 420 1851 455 Sanetus
1876 420 2075 460 Thai-alius.

1195 471 1240 502 Et
1248 482 1298 515 ego
1308 481 1425 504 execror
1437 480 1486 502 eos
1497 492 1510 509 ,
1537 475 1590 512 qui
1602 469 1637 503 οὒ
1642 468 1719 511 fidei
1724 470 1943 511 destruaeionem
1950 472 2022 516 sunt
2038 474 2079 507 ab

1195 521 1343 555 haereticts
1362 520 1519 560 ordinati,
1547 521 1582 553 (θ’
1594 519 1761 563 ωακὶνηὲβ
1772 520 1911 564 Episcopi
1919 523 2078 558 orthodoxi

1190 570 1354 615 praesentes
1372 571 1496 614 fuerint
1516 593 1527 608 ,
1552 571 1574 601 ἃ
1597 570 1704 612 quibus
1722 578 1861 612 poterant
1896 572 2076 616 consecrari.

1194 624 1241 655 sic
1261 627 1340 656 enim
1363 621 1557 665 estpamnus
1573 617 1699 663 sensus.
1730 620 1773 654 Et
1799 622 1900 656 infra:
1929 627 2078 668 Egregius

1194 674 1287 705 Pater
1301 671 1432 714 Basilius
1440 679 1497 713 per
1509 671 1587 705 illud
1593 679 1712 711 tempus
1727 694 1737 710 ,
1763 682 1828 704 cum
1839 674 1924 714 essent
1945 674 2077 708 orthodo-

1193 727 1227 755 xi
1251 721 1389 766 Episcopi
1411 723 1557 764 plurimi,
1584 719 1780 754 interdicebat
1800 722 1932 755 alumnis
1942 722 2078 767 Ecclefiae

1192 778 1238 805 uti
1263 774 1460 805 ordinatione
1485 774 1664 804 Arianorum
1684 797 1692 803 .
1720 771 1927 814 Aequievere
1954 775 2079 810 laudati

1192 821 1349 856 monachi
1372 821 1512 866 Legati:
1538 822 1676 864 Congruo'
1698 832 1820 864 quaeque
1844 822 2079 866 diffislutafimt.

1192 870 1424 906 Nihilominus
1444 880 1574 905 reorum
1586 870 1829 917 Episcoporum
1848 871 2080 911 restitutio'est

1191 922 1227 957 in
1246 921 1348 958 aliam
1358 920 1539 957 Astionem
1550 922 1709 959 reservata
1720 947 1729 956 .

1393 1211 1686 1260 ACTIO
1772 1206 1869 1272 II.

1295 1377 1446 1415 Secunda
1461 1401 1474 1419 ‚
1500 1377 1594 1412 sexto
1618 1373 1771 1411 calendas
1796 1372 1960 1408 octobres
1969 1374 2078 1416 facta,

1303 1427 1449 1460 Actione
1457 1426 1662 1460 audientiam
1684 1425 1721 1458 δε
1731 1424 1873 1469 gratiam
1884 1423 1980 1466 petiit
1996 1423 2077 1457 Gre-

1181 1474 1293 1519 gorius
1314 1475 1609 1513 Ne0·eaesareens1s
1633 1475 1815 1518 Episcopus
1828 1497 1838 1513 ,
1866 1471 1968 1506 Ponti
1982 1472 2079 1509 Pole-

1182 1525 1328 1560 moniaci
1351 1525 1637 1570 Metropolitanus
1659 1549 1669 1564 ,
1696 1523 1925 1564 Iconoclasta‚
1953 1524 1986 1556 in
2008 1522 2077 1559 haec

1181 1574 1279 1610 verba
1296 1587 1305 1607 :
1332 1578 1407 1609 Peto
1419 1582 1543 1610 veniam
1547 1580 1684 1618 primum
1694 1575 1840 1607 malorum
1858 1584 1990 1606 meorum
2000 1598 2011 1614 ‚
2040 1575 2076 1608 Θ

1179 1625 1244 1657 volo
1254 1636 1321 1657 cum
1330 1625 1464 1658 omnibus
1477 1626 1644 1658 illuminari
1656 1648 1666 1663 ‚
1679 1625 1716 1660 ό·
1727 1625 1821 1657 doceri
1834 1648 1841 1655 .
1869 1622 1985 1655 Delicta
1995 1628 2075 1657 enim

1179 1675 1214 1707 ό·
1236 1682 1363 1716 peccata
1381 1686 1449 1709 mea
1462 1673 1606 1718 immensa
1622 1672 1716 1717 sunt.
1748 1674 1828 1716 Ejus
1851 1672 2075 1709 conversionis

1179 1725 1290 1759 causas
1315 1749 1327 1765 ,
1353 1725 1492 1760 modum
1517 1750 1528 1766 ‚
1563 1726 1735 1758 veritatem
1760 1722 1905 1757 discuffit
1932 1723 2070 1759 Sanstus

1176 1773 1379 1815 Tharafius‚
1406 1774 1523 1817 utpote.
1543 1774 1611 1817 ejus
1633 1771 1820 1807 patriarcha
1844 1798 1853 1813 ‚
1881 1773 2070 1809 reconcilia·

1178 1823 1308 1858 tionem
1320 1824 1397 1858 vero
1408 1823 1534 1858 distulit
1548 1824 1582 1856 in
1597 1822 1777 1868 Actionem
1792 1824 1979 1867 sequentem
1989 1849 1997 1855 .

1227 1872 1360 1909 Exinde
1372 1875 1534 1909 Leontius
1547 1873 1723 1918 Principia
1734 1874 1873 1909 Secretis
1895 1873 2074 1917 postulavit

1177 1923 1356 1959 solenniter
1370 1925 1497 1960 recitari
1510 1924 1717 1969 dogmaticas
1738 1924 1880 1960 Adriani
1893 1923 2071 1959 Pontificis

1175 1973 1217 2007 ad
1238 1973 1500 2009 Constantinum
1525 1974 1739 2019 Augustum,
1766 1973 1836 2016 ejus
1848 1984 1988 2009 matrem
2011 1975 2075 2010 Ite-

1176 2034 1252 2056 nem
1265 2047 1276 2063 ,
1303 2034 1342 2057 ac
1353 2035 1492 2059 omnem
1504 2024 1643 2058 sanctam
1654 2024 1829 2067 Synodum
1842 2023 1983 2058 litteras:
2012 2023 2074 2058 Le-

1175 2074 1225 2117 git
1237 2072 1458 2108 veroSanstus
1474 2073 1682 2118 Nicephorus
1705 2086 1786 2109 tunc
1800 2075 1880 2108 item
1892 2073 2042 2118 Principi
2053 2075 2073 2109 ὰ

1175 2123 1314 2158 Secretis
1325 2147 1336 2164 ,
1349 2124 1419 2168 post
1432 2125 1585 2159 Sanctum
1595 2135 1703 2158 autem
1717 2124 1919 2158 Tharafium
1931 2124 2071 2160 Patriat·

1149 2187 1152 2189 ·
1174 2172 1667 2217 cha.Constantinopolitanus.
1695 2174 1748 2209 Sic
1772 2175 1806 2208 in
1830 2174 1927 2218 hujus
1949 2176 2074 2209 vitate·

1174 2224 1276 2258 statur
1297 2223 1445 2268 Ignatius
1461 2225 1684 2270 Metropolita
1707 2225 1882 2259 Nicaenus.
1909 2223 2073 2260 Posterio-
2094 2240 2164 2279 cap,
2185 2249 2212 2278 ς,

1174 2284 1240 2307 rem
1254 2284 1364 2308 tamen
1382 2275 1565 2309 litterarum
1580 2287 1706 2319 partem
1721 2300 1732 2315 ‚
1758 2274 1914 2308 Thacafii
1926 2287 1969 2309 ex
1982 2275 2071 2311 laico

1173 2322 1429 2358 patriarchalem
1456 2327 1702 2369 promotionem
1718 2351 1728 2366 ,
1756 2324 1919 2360 &abillo
1942 2323 2072 2361 adsum·-

1173 2384 1264 2419 ptum
1285 2373 1425 2418 Epist-opi
1447 2374 1634 2418 universalis
1648 2386 1769 2409 nomen
1796 2376 2043 2421 redarguentem
2060 2402 2074 2419 ,

1173 2437 1210 2459 ac
1241 2425 1402 2458 Romanae
1432 2425 1583 2460 Eccleiiae
1611 2426 1810 2470 patrimonia
1844 2427 1878 2460 &
1913 2427 2070 2461 dioeceses

1173 2484 1373 2518 repetentem
1384 2500 1396 2516 ,
1423 2476 1538 2510 omitti
1557 2476 1801 2511 diffimularunt
1812 2477 1932 2521 Legati
1945 2475 2069 2512 Roma-

1174 2526 1208 2558 ni
1220 2525 1266 2559 ob
1279 2525 1369 2569 supra
1388 2524 1541 2560 adductas
1563 2539 1605 2560 ex
1617 2526 1791 2562 Anastafio
1803 2525 2068 2561 Bibliothecario

1169 2575 1333 2610 rationes.
1361 2575 1470 2611 Fuisse
1499 2587 1670 2622 germanas
1692 2577 1779 2612 acin
1798 2577 1934 2620 reliquis
1961 2577 2069 2611 incor-

1168 2637 1279 2670 ruptas
1291 2626 1436 2668 litteras,
1462 2629 1497 2661 ὅ(
1512 2627 1619 2662 eidem
1639 2628 1780 2673 Legati,
1809 2628 1845 2661 <Sc
1860 2626 2065 2661 Theodorus

1169 2677 1360 2711 Catanenfis
1387 2676 1569 2721 Episcopus
1592 2702 1604 2719 ,
1633 2690 1736 2723 nuper
1760 2676 1802 2712 ad
1829 2674 2063 2719 postulandam

1167 2727 1343 2771 synodum
1366 2727 1384 2761 ὲ
1406 2727 1561 2772 Principe
1590 2729 1735 2763 Romam
1756 2726 1869 2760 miffus
1890 2750 1902 2767 ‚
1927 2737 1966 2760 ac
1993 2726 2064 2770 ejus

1168 2778 1340 2815 Diaconus
1361 2778 1395 2815 &
1420 2778 1457 2813 in
1478 2779 1531 2814 via
1555 2779 1665 2814 socius
1678 2776 1884 2822 Epiphanius
1903 2777 1993 2811 fuere
2013 2785 2063 2812 at-

1173 2828 1296 2863 testati.

1216 2878 1315 2913 Lecta
1327 2878 1406 2913 item
1431 2877 1477 2913 est
1491 2878 1633 2923 ejusdem
1647 2875 1823 2912 Pontificis
1844 2874 1885 2910 ad
1902 2877 2059 2913 Sannum

1169 2927 1365 2966 Tharafiurn
1392 2930 1581 2975 dogmatica
1609 2927 1756 2972 Epistola
1781 2952 1792 2968 ,
1819 2926 1855 2961 &
1877 2928 1894 2961 a
1919 2927 2058 2971 Legatis

1166 2978 1370 3022 Apostolicis
1381 2989 1494 3024 rogata
1505 2978 1614 3012 omnis
1628 2978 1782 3021 Synodus
1795 2991 1807 3011 .·
1833 2980 1925 3012 Dicat
1947 2977 2031 3011 nobis
2043 3000 2057 3018 ,

1158 3027 1189 3070 fi
1204 3031 1345 3062 admittit
1365 3032 1483 3063 litteras
1500 3028 1669 3072 saniliffimi
1684 3032 1780 3071 Papae
1786 3026 1912 3071 senioris
1924 3032 2030 3062 Romae
2044 3050 2056 3067 ‚

1164 3091 1206 3111 an
1227 3082 1308 3113 non?
1336 3079 1520 3123 Respondit
1547 3080 1645 3112 vero:
1672 3080 1851 3122 sequimur,
1877 3080 1911 3113 Θ
1929 3075 2054 3122 fitscipi-

1163 3140 1228 3161 mus
1240 3153 1252 3169 ,
1278 3130 1313 3163 ὁ·
1326 3130 1532 3164 admittimus.
1560 3128 1697 3164 Easdem
1710 3130 1832 3175 insigni
1848 3128 2056 3174 profeffionis

1163 3179 1276 3223 elogio
1296 3179 1414 3223 singuli
1439 3179 1592 3222 Episcopi
1614 3176 1821 3215 honorarunt
1842 3204 1850 3212 .
1878 3178 2051 3224 Agapetus

1164 3229 1370 3263 Caesareenfis
1398 3228 1432 3261 in
1469 3228 1681 3272 Cappadocia
1717 3229 2046 3274 Archi-Episcopus,

1163 3280 1351 3313 Dioeceseos
1373 3277 1517 3313 Ponticae
1538 3279 1686 3320 Primas,
1715 3282 1777 3316 effe
1787 3279 1873 3315 dixit
1902 3278 2050 3313 orthodo-

1161 3335 1221 3361 xiae
1232 3328 1355 3369 lumen²
1382 3328 1523 3371 Joannes
1534 3329 1770 3365 Tauromeniae
1795 3330 1828 3364 in
1845 3330 1956 3365 Sicilia
1972 3327 2050 3369 Epi·

1162 3380 1276 3421 scopus
1296 3384 1454 3412 terminum
1469 3378 1660 3414 orthodoxia
1672 3405 1679 3412 .
1708 3381 1834 3415 [mirati
1856 3381 1929 3412 sunt
1940 3378 2046 3418 Syno-

1161 3427 1241 3465 dutn
1259 3427 1584 3474 chalcedonensem,
1610 3429 1701 3477 aqua
1713 3430 1821 3467 Sanc'ti
1835 3427 1959 3462 Leonis
1970 3424 2042 3460 Ma·

1931 3475 1994 3523 gni
