2340 3762
81 434 154 472 cap.
171 441 216 465 10-

7 885 9 888 .
71 845 146 883 cap.
163 853 189 878 ι.

74 960 146 998 Cap·
164 967 191 998 5·

0 1273 9 1279 ι
62 1293 208 1342 'Lac-151

65 1487 138 1530 c‘ape
154 1501 170 1532 3
178 1503 203 1528 ιι

4 1738 7 1741 v
66 1760 139 1796 Cap.
147 1768 175 1793 7·

0 1815 3 1818 >
64 1798 140 1836 Cap·
151 1808 179 1838 42

63 1988 136 2026 Cap.
155 1989 202 2023 18.

5 2421 9 2424 ·
63 2407 218 2448 L42Epist·

64 2459 110 2488 3²·

16 2957 20 2963 -
62 2943 134 2981 CaP.
150 2953 193 2979 14·

632 158 942 213 Senotus,
979 168 1040 198 ετ
1075 165 1248 197 Nous
1281 163 1646 202 urusrnnu.

255 247 321 280 &us
351 243 568 286 Athanasius,
595 244 630 278 &
651 243 747 278 istum
773 242 915 286 ipsorum
935 239 1120 284 scrupulum

252 296 411 330 solaturus
431 295 564 333 emisisse
589 294 717 332 videtur
739 293 913 327 Canonem
927 314 937 329 ‚
961 291 979 324 a
1002 292 1121 325 Sancto

245 345 452 385 *innocentio
465 346 572 389 primo
582 344 751 382 laudatum
777 343 812 375 in
838 341 953 375 litteris
979 340 1020 374 ad
1047 341 1124 374 San-

253 397 341 434 crum
357 394 552 443 Vistricium
574 394 771 437 Episcopum
792 390 1094 434 Rothomagensem
1115 414 1122 421 .

253 449 301 482 De
310 445 459 479 monachis
471 470 483 486 ,
507 449 559 487 qui
579 445 632 478 diu
650 451 805 481 manentes
828 448 859 474 in
877 439 1056 485 monasteriis
1070 464 1080 479 ,
1099 437 1130 481 fi

246 495 348 542 poster?
359 497 403 528 ad
413 497 576 531 Clertcatus
587 495 718 527 ordinem
723 497 916 539 pervenerint
927 513 938 529 ‚
964 502 1020 523 non
1040 488 1125 524 debe-

251 557 285 582 re
294 557 343 579 eos
354 547 375 583 ἃ
382 552 482 587 priore
493 542 637 586 Propofito
647 545 772 581 deviare
784 568 791 581 .-
819 546 898 578 .Sicut
910 547 943 575 in
953 540 1123 583 monasterio

244 594 314 637 suit
323 619 335 637 ‚
359 597 394 628 <⁶5
405 595 485 638 quod
492 596 545 631 diu
550 594 693 638 servavit
706 618 718 635 ‚
741 599 775 629 in
784 594 895 630 meliori
902 593 1003 636 gradu
1010 589 1124 633 pofitus

250 650 389 684 amittere
409 656 467 678 non
487 645 573 679 debet
585 669 592 677 .
620 643 714 679 Hinc
738 643 889 680 meliores
900 639 1058 677 monachi
1079 649 1123 677 et-

248 693 316 731 iam
326 695 511 732 monasticae
521 694 613 734 vestis
624 696 752 739 plenam
766 692 988 732 humilitatem
1008 688 1120 734 paffim

246 744 470 778 retinuerunt.
497 745 631 780 Etenim
642 745 683 778 de
693 744 811 782 Sancto
822 741 947 786 Jacobo
959 740 1120 783 Episcopo

245 792 285 831 N
288 793 410 829 ifibeno
421 793 527 829 scribit
539 795 573 828 in
583 793 763 828 monastica
775 792 909 827 historia
929 789 1121 833 Theodore-

247 852 318 881 tus:
346 848 410 881 Nec
418 845 514 882 eibum
524 850 656 882 mutavit
668 854 719 880 nee
733 843 891 883 vestitum·
919 839 1118 882 Episcopum

247 893 396 927 manfisse
405 893 488 927 dicit
511 894 548 927 in
562 893 660 935 priori
674 893 768 925 sacco
779 887 984 927 monachali.
1014 887 1058 920 Et
1079 885 1119 920 de

246 941 366 978 Sancto
377 939 554 983 Aphronio
566 941 675 980 nescio
686 939 778 983 cujus
787 938 931 973 civitatis
944 936 1118 980 Episcopo:

244 989 510 1034 sedemfadftendit
529 991 750 1034 Pontificalem‚
777 1000 828 1023 nec
847 989 971 1032 pallium
997 995 1119 1025 mutans

242 1038 421 1083 adsteticum
428 1064 439 1080 ‚
459 1052 509 1074 nec
520 1048 652 1079 tunicam
661 1049 821 1086 caprarum
830 1040 847 1078 ἐ
854 1040 927 1082 pilis
938 1045 1119 1077 contextam,

242 1088 369 1132 cibisque
393 1089 503 1133 eisdem
529 1100 616 1124 utens
644 1114 656 1131 ,
680 1090 785 1133 quibus
812 1099 883 1123 ante
906 1086 1119 1131 Episcopatum

241 1138 425 1182 vescebatur.
450 1140 496 1180 Et
506 1140 547 1174 ad
558 1140 730 1180 Valentem
744 1140 930 1183 Augustum
942 1138 1119 1177 Arianum,

239 1186 358 1233 Regiae
377 1200 494 1227 manus
513 1190 721 1235 injectionem
733 1188 981 1234 Episcopalibus
1006 1188 1120 1232 posses-

239 1238 388 1274 {ionibus
406 1240 618 1276 minitantem
638 1265 651 1285 ‚
677 1240 820 1284 reposuit
846 1238 932 1284 apud
946 1238 1118 1276 Hermiam

241 1286 473 1325 Zozomenum
486 1291 620 1328 Sanetus
634 1291 770 1325 Basilius
782 1291 945 1335 Magnus:
973 1293 1051 1331 opes
1062 1300 1119 1322 non

244 1336 337 1372 babeo
359 1362 372 1380 ,
405 1347 519 1383 praeter
537 1343 665 1378 laceram
687 1341 795 1381 vestem
820 1342 854 1376 eb·
874 1349 985 1384 paucos
1005 1339 1120 1379 libros,

239 1386 335 1430 ficque
344 1397 457 1426 terram
466 1392 557 1425 incolo
567 1415 578 1431 ,
603 1389 688 1434 quafi
689 1389 804 1433 semper
814 1401 852 1423 ex
875 1402 909 1423 ea
918 1395 1098 1433 migraturus
1109 1413 1116 1420 .

241 1437 289 1474 Et
307 1436 349 1472 de
367 1440 486 1475 Sancto
496 1441 633 1474 Melane
652 1438 892 1474 Rhinneururae
917 1437 1118 1470 &monachis

241 1485 411 1531 Episcopo
421 1489 530 1526 scribit
546 1489 635 1523 idem
645 1489 870 1527 Zozomenus:
899 1485 1036 1522 Habebat
1056 1485 1117 1518 bal-

241 1535 343 1572 theum
367 1538 423 1572 seu
444 1539 616 1583 cingulum
636 1564 648 1580 ,
677 1549 733 1580 quo
757 1536 971 1572 monasticum
988 1536 1116 1578 pallium

240 1585 428 1629 cingebatur.
457 1589 502 1626 Et
513 1590 665 1623 Sanctum
677 1587 862 1620 Matrinum
883 1586 1116 1622 Turonensem

240 1634 442 1679 Episcopum
453 1638 630 1681 proceffisse
642 1637 676 1669 in
688 1636 763 1678 veste
770 1634 891 1678 hispida
917 1637 951 1670 &⁶
962 1640 1043 1679 nigro
1050 1635 1116 1676 pal-

239 1683 301 1724 lio,
327 1685 507 1723 deformem
533 1686 766 1726 &sordidum‚
792 1683 930 1729 ideoque
950 1685 969 1718 ὲ
988 1684 1116 1728 quibus-

239 1734 317 1767 dam
339 1735 486 1781 Collegis
511 1738 546 1772 &
571 1737 707 1774 Clericis
727 1736 821 1772 fuisse
842 1735 1045 1778 despectum,
1071 1745 1116 1769 te-

238 1783 341 1818 statur
359 1787 478 1829 partim
505 1788 539 1821 in
567 1788 634 1822 vita
654 1787 745 1830 ejus,
769 1786 888 1830 partim
913 1784 948 1819 in
974 1784 1116 1819 secundo

238 1831 373 1878 dialogo
384 1838 516 1872 sanstus
526 1837 683 1881 Sulpitius
695 1837 828 1871 Severus
838 1861 845 1868 .
872 1836 917 1871 Et
937 1834 979 1869 de
998 1835 1116 1870 Sansto

237 1881 417 1927 ,Fulgentio
438 1886 594 1930 Ruspenfi
619 1887 783 1931 Episcopo
805 1884 958 1921 scribitin
971 1884 1037 1918 vita
1049 1881 1116 1924 ejus

237 1931 365 1971 Auctor
401 1936 591 1980 incognitus
617 1960 627 1976 ,
664 1946 698 1971 at
723 1935 824 1979 longe
857 1933 1113 1977 probatissimus:

237 1986 417 2027 Numquam
432 1985 563 2031 pretiosa
590 1985 768 2029 vestimenta
792 1983 926 2027 quaesivit
939 2007 950 2023 ‚
969 1982 1029 2027 sed
1053 1994 1113 2015 una

235 2034 356 2066 tantum
377 2035 511 2074 viliffima
537 2042 638 2069 tunica
657 2042 814 2076 patienter
836 2035 978 2070 inclutust
1009 2038 1114 2066 Orario

237 2083 372 2125 quidem,
399 2081 472 2127 ficut
480 2095 578 2118 omnes
588 2083 726 2127 Epifiopi
740 2109 751 2125 ,
777 2094 938 2125 numquam
950 2082 1089 2116 utebatur
1099 2094 1113 2122 ;

233 2132 352 2174 pelliceo
372 2133 485 2176 cingulo
510 2142 664 2179 tamquam
685 2132 845 2169 monachus
855 2132 1041 2180 cingebatur.
1067 2134 1113 2166 Sic

232 2180 327 2222 studio
346 2181 524 2219 humilitatis
544 2184 731 2226 ambitionem
757 2183 883 2223 vestium
891 2182 1054 2226 fugiebat,
1078 2190 1112 2215 ut

237 2241 291 2264 nec
300 2231 365 2274 ipsa
376 2234 569 2269 calceamenta
574 2233 732 2277 ficsciperes
742 2259 749 2266 .
778 2233 822 2267 Et
832 2232 871 2268 de
881 2233 1007 2278 Joanne
1022 2243 1112 2275 quat-

240 2289 278 2314 ιο
301 2282 675 2326 Constantinopolitano
696 2283 883 2326 Episcopo,
908 2282 1018 2325 paffim
1037 2282 1112 2325 jeju-

236 2340 352 2365 natore
374 2332 481 2373 disto,
506 2331 547 2367 ad
569 2334 764 2368 Mauritium
785 2332 975 2376 Augustum
1001 2331 1112 2367 scribit

237 2379 372 2415 Sanctus
384 2381 563 2428 Gregorius
577 2381 722 2427 Magnus
735 2395 742 2415 z
770 2383 836 2426 offa
839 2384 968 2424 jejuniis
980 2389 1112 2416 atterun«

239 2437 311 2469 tur,
335 2439 439 2474 corpus
466 2430 608 2474 despei‘iis
633 2432 760 2473 vestibus
785 2437 911 2476 tegitur.
940 2432 984 2466 Et
1005 2433 1108 2475 ipsum

238 2478 391 2516 Sanctum
405 2480 604 2524 Gregorium
616 2482 813 2518 Pontificem
824 2482 914 2516 fuisse
939 2482 974 2515 in
1000 2493 1112 2515 mona·

237 2526 318 2562 stico
330 2529 436 2565 Sanffl
448 2529 616 2567 Benedisti
629 2530 741 2568 habitu
760 2532 918 2577 sepultum
930 2556 940 2572 ,
967 2529 1111 2575 adeoque

236 2578 271 2611 δε
283 2578 412 2618 vixisse,
427 2579 562 2613 affirmat
576 2581 608 2613 in
620 2580 686 2623 ejus
699 2581 762 2615 vita
774 2583 914 2627 joannes
926 2582 1107 2615 Diaconus:

236 2627 340 2675 Qod
351 2628 455 2670 ipsum
466 2629 506 2663 de
519 2629 669 2673 Eugenio
682 2631 778 2666 tertio
800 2630 897 2665 habet
909 2631 1108 2665 Guilielmus

237 2675 330 2713 bonae
339 2676 447 2713 Vallis
458 2678 570 2715 Abbas
580 2680 613 2712 in
628 2680 694 2716 vita
707 2680 816 2717 Sansti
828 2680 993 2716 Bernardi,
1018 2678 1107 2717 Lon-

161 2734 167 2743 ‘
195 2734 207 2747 ⁸
234 2725 275 2774 ge
289 2726 426 2770 plurima
439 2729 514 2765 sunt
524 2728 837 2775 ejusmodiexempla
848 2755 855 2765 .

285 2776 441 2813 Attamen
463 2779 548 2821 apud
559 2778 698 2814 Latinos
722 2780 821 2815 libera
834 2779 936 2822 olim,
962 2791 1018 2824 pet
1038 2780 1107 2815 nul-

235 2823 305 2859 lum
319 2826 489 2863 canonem
511 2828 589 2871 jussa
613 2830 675 2864 fuit
689 2829 747 2866 ista
759 2829 941 2866 humilitas.
970 2831 1104 2866 Etenim

235 2873 277 2907 de
298 2874 464 2911 monachis
476 2879 534 2913 suo
560 2887 704 2922 tempore
730 2882 763 2915 in
776 2879 910 2915 Clerum
931 2879 1106 2922 adsumptis

234 2923 344 2959 scribit
357 2925 389 2958 in
412 2927 517 2967 primo
536 2927 671 2973 dialogo
698 2929 1000 2973 sannusSulpitius
1013 2931 1104 2965 seve·
1129 2966 1132 2969 ,

233 2983 305 3007 rus.
335 2975 365 3006 Si
385 2980 452 3017 quis
464 2977 592 3011 Clericus
615 2978 713 3022 fuerit
722 2979 860 3019 effec‘lus‚
885 2981 997 3014 dilatat
1018 2986 1104 3015 conti-

234 3025 290 3056 nuo
310 3023 447 3065 fimbrias
469 3024 560 3066 sitas,
581 3030 693 3070 gaudet
701 3027 932 3071 salutationibus
946 3054 956 3071 ,
981 3030 1112 3069 inflatur*
1136 3067 1139 3071 Ι

232 3072 474 3116 occursationibus
488 3086 495 3108 :
520 3073 584 3118 Ipse
597 3082 684 3108 etiam
696 3078 800 3121 ubique
812 3077 961 3121 discurrIt.
992 3083 1038 3111 Et
1052 3085 1103 3120 qui

232 3123 304 3157 ante*
324 3121 451 3164 pedibus
477 3131 530 3156 aut
547 3123 633 3166 asello
654 3132 697 3159 ire
717 3127 923 3171 consueverat,
949 3127 1103 3172 spumanti

232 3183 306 3217 equo
311 3171 455 3216 superbus
466 3172 617 3208 invehitur
628 3200 635 3206 .
662 3178 768 3213 Parva
776 3178 862 3218 prius
888 3190 923 3211 ac
932 3180 988 3213 vili
1000 3179 1102 3212 cellula

231 3229 384 3257 contentus
397 3222 529 3257 habitare
542 3247 553 3262 ,
579 3229 665 3267 erigit
676 3225 751 3271 celsa
762 3228 918 3268 laquearia
933 3252 943 3267 ‚
966 3227 1101 3266 construit

232 3273 329 3305 multa
338 3274 504 3311 conclavia,
531 3271 637 3317 sculfflt
648 3274 716 3314 ostia
727 3300 737 3316 ,
757 3281 858 3318 pingit
867 3282 1001 3308 armaria
1014 3300 1025 3315 ‚
1051 3288 1101 3311 ve-

226 3319 299 3360 stem
310 3319 417 3364 respuit
423 3323 578 3364 grofflorem
590 3346 600 3363 ,
625 3325 829 3358 indumentum
849 3327 930 3359 molle
942 3324 1083 3367 desiderat
1094 3351 1099 3357 .

231 3372 327 3411 Atque
344 3370 405 3404 haec
425 3372 521 3405 charis
533 3375 637 3408 viduis
650 3398 661 3414 ‚
686 3386 720 3409 at
739 3374 948 3417 familiaribus
969 3377 1100 3409 ⁴mandat

230 3419 344 3453 tributa
358 3422 526 3466 virginibus
542 3435 548 3454 :
577 3425 633 3457 Illa
643 3433 676 3457 ut
692 3424 827 3465 byrrhum
849 3431 990 3469 rigentem
1000 3449 1011 3466 ,
1037 3424 1100 3459 baec

1895 172 1991 215 319

1181 248 1214 275 ut
1222 239 1362 280 fluentem
1374 247 1459 274 texat
1469 239 1634 272 lacernam.
1659 242 1768 274 Verum
1778 242 1841 276 baec
1866 243 2055 287 describenda

1180 289 1344 322 mordacius
1371 289 1466 321 Beato
1490 293 1557 322 vieo
1568 291 1733 330 Hieronymo
1757 294 1973 335 relinquamus.
2001 295 2055 328 Et-

1179 340 1271 373 enim
1283 338 1325 372 de
1335 338 1513 385 Joviniano
1532 337 1696 375 monacho
1721 339 1757 373 in
1772 339 1903 376 Clerum
1928 344 2054 377 adsum-

1182 398 1239 432 pto
1251 388 1365 422 scribit
1378 389 1511 423 San-itus
1523 387 1770 431 Hieronymus:
1798 389 1873 425 Cum
1884 392 2054 428 monachum
2078 396 2218 428 L·1.c.25.·

1179 436 1268 482 effisfi-
1286 438 1429 480 jacquet,
1457 440 1490 472 <5
1511 437 1574 480 post
1581 436 1737 481 sordidam
1759 445 1892 473 tunicam
1916 441 2054 475 &nudos

1178 489 1271 532 pedes
1282 489 1327 522 ad
1334 489 1494 520 candidam
1507 486 1613 529 veliem
1640 490 1674 523 (⁴5
1692 489 1821 523 nitidam
1841 497 1934 526 cutem
1950 488 2059 533 secon-

1175 538 1264 581 ferat
1274 563 1285 579 ,
1310 536 1498 578 manifestum
1510 536 1548 576 est
1560 561 1571 578 2
1596 539 1676 581 quod
1686 547 1798 571 terram
1807 539 1874 572 coelo
1882 563 1893 580 ,
1923 548 2058 576 ventrem

1182 587 1295 632 Christo
1301 587 1450 631 praeferat
1461 612 1472 628 ‚
1497 587 1531 621 &
1538 594 1706 629 purpuram
1714 590 1819 625 coloris
1839 591 1904 630 ejus
1911 598 1997 632 putet
2005 591 2056 634 effe

1182 638 1240 671 suo
1251 638 1316 681 jam
1329 639 1488 675 transacto
1501 634 1729 674 monachismo
1741 639 1889 681 promissa
1900 651 1991 684 regna
2005 651 2059 676 ,σα-

1180 687 1275 724 lorum
1288 712 1295 718 .
1319 687 1421 735 Qod
1434 698 1551 730 nempe
1561 696 1641 722 tunc
1655 698 1724 723 uon
1746 686 1986 735 Episcoporum
2008 691 2056 725 so-

1184 737 1355 771 lummodo
1373 763 1384 779 ,
1409 737 1461 771 sed
1488 738 1521 770 δε
1546 736 1698 775 omnium
1735 737 1940 774 Clericorum
1966 740 2059 774 vesti-

1182 796 1292 820 menta
1302 788 1364 821 esse
1374 787 1522 830 purpurei
1533 787 1672 825 coloris.
1699 785 1863 825 Eumdem
1875 799 1970 824 vocat
1990 802 2059 825 mo-

1183 834 1324 869 nachum
1351 836 1531 870 formosum
1552 860 1565 876 ‚
1590 838 1725 873 crassum
1747 861 1759 880 ,
1785 837 1950 880 nitidum,
1976 838 2062 874 deal·

1183 883 1319 925 batum,
1345 886 1401 929 qui
1427 895 1464 924 ut
1480 886 1613 929 sponsus
1637 887 1917 930 semperincedat.
1943 889 1989 923 Et
2014 890 2052 923 in

1183 935 1326 973 secundo
1348 935 1498 971 adversus
1518 936 1621 979 ipsum
1646 936 1732 973 libro
1752 951 1764 975 ,·
1790 940 1869 972 Ante
1890 940 1969 973 nudo
1989 950 2057 975 eras
2079 960 2152 999 Cap·
2174 971 2184 990 ι
2191 970 2206 998 3

1177 985 1255 1026 pede
1276 1008 1288 1025 ‚
1315 986 1398 1020 modo
1421 996 1478 1018 non
1499 984 1592 1027 fluam
1617 988 1745 1022 calceato
1764 1012 1776 1029 ,
1798 987 1856 1031 sed
1879 991 1914 1023 (9⁹
1934 999 2058 1033 ornato;
2210 983 2216 990 ⁸

1180 1042 1248 1068 tunc
1257 1043 1342 1076 pexa
1353 1040 1453 1073 tunica
1476 1035 1606 1079 &nigra
1610 1036 1753 1078 subucula
1763 1038 1954 1080 vestiebaris,
1979 1051 2057 1075 nunc

1181 1084 1267 1122 lineis
1295 1086 1329 1122 (9²
1346 1083 1448 1129 sericis
1469 1081 1616 1127 vestibus,‘
1643 1086 1678 1118 <5
1700 1086 1878 1122 Atrebatum
1902 1099 1937 1121 ac
1949 1090 2059 1123 Laodi·

1182 1145 1238 1173 ceae
1259 1136 1444 1172 indumentis
1469 1144 1592 1173 ornatus
1616 1137 1727 1172 incedis
1748 1159 1756 1171 0
1790 1135 1889 1172 Adeo
1926 1137 2056 1172 vetustae

1183 1185 1279 1226 sunt,
1306 1197 1375 1229 quae
1398 1187 1466 1231 jam
1492 1186 1706 1223 cameracum
1742 1185 1922 1231 migrarunt
1946 1211 1957 1227 ,
1983 1187 2056 1223 tela

1183 1235 1411 1271 Atrebatenses
1424 1261 1431 1269 .
1460 1234 1658 1280 Adsumptas
1668 1235 1686 1269 ὲ
1699 1234 1865 1271 monacho
1881 1235 2059 1272 Clericales

1182 1285 1283 1320 vestes
1296 1298 1364 1321 non
1386 1297 1428 1321 ex
1448 1286 1560 1331 aliquo
1584 1286 1805 1321 Ecclesiastico
1816 1287 1979 1328 Canone,
2003 1287 2060 1323 sed

1181 1347 1222 1369 ex
1244 1336 1313 1371 sola
1338 1337 1510 1375 communi
1548 1336 1801 1371 Christianitatis
1826 1337 1898 1381 lege
1924 1338 2061 1380 culpant

1182 1386 1290 1420 Sancti
1311 1387 1540 1432 Hieronymus
1564 1399 1602 1423 ac
1619 1388 1778 1432 Sulpicius
1790 1387 1940 1427 Severus,
1967 1385 2057 1421 ideo-

1184 1445 1249 1476 que
1265 1445 1332 1468 non
1356 1436 1454 1478 ipsam
1466 1435 1728 1479 adsumptionem
1748 1435 1882 1478 culpant
1895 1460 1906 1475 ,
1932 1436 1985 1472 sed
2011 1437 2058 1470 sov-

1180 1481 1251 1518 lum
1276 1483 1517 1528 adsumptarum
1542 1485 1659 1519 luxum
1684 1509 1691 1515 .
1714 1484 1808 1518 Hinc
1834 1485 1924 1519 enim
1959 1487 2061 1519 etiam

1180 1533 1334 1568 Sanctum
1361 1534 1586 1579 Augustinum
1607 1560 1618 1575 ‚
1646 1536 1693 1569 uti
1722 1536 1930 1579 Evangelicae
1954 1535 2058 1579 legis,

1182 1581 1224 1616 ita
1235 1584 1345 1616 omnis
1367 1584 1581 1618 Ecclefiastici
1595 1584 1744 1618 Canonis
1771 1584 1871 1628 longe
1892 1584 2059 1620 observan-

1180 1630 1335 1667 tiffimum
1356 1657 1367 1675 ,
1395 1633 1414 1670 ,ὲ
1436 1633 1627 1669 monasticis
1647 1631 1688 1668 ad
1714 1635 1889 1669 Clericales
1907 1658 1918 1673 ‚
1944 1634 2055 1673 verum

1180 1681 1388 1726 moderatas,
1413 1683 1512 1718 vestes
1535 1682 1733 1729 Episcopum
1755 1685 1927 1723 transiisse,
1951 1685 2055 1728 liquet

1179 1741 1220 1763 ex
1232 1731 1299 1774 ejus
1310 1733 1513 1769 sermonibus
1523 1733 1564 1767 de
1574 1734 1745 1768 communi
1762 1734 1825 1768 vita
1840 1734 2054 1768 Clericorum.

1178 1779 1272 1814 Hinc
1295 1782 1375 1816 item
1394 1782 1437 1816 de
1448 1783 1566 1818 saneto
1582 1783 1757 1826 Fulgentio
1768 1805 1779 1823 ,
1805 1782 1992 1818 monasterii
2007 1786 2056 1818 sui

1178 1827 1286 1863 adhuc
1312 1830 1505 1874 Presbytero
1525 1855 1535 1871 ,
1562 1830 1701 1876 ideoque
1728 1833 1944 1868 monasticum
1969 1831 2058 1869 habi-

1178 1888 1249 1916 tum
1274 1880 1458 1915 etiamnum
1483 1881 1626 1926 gestante
1653 1907 1664 1922 ,
1712 1884 1746 1918 8(
1773 1883 1880 1918 Felice
1907 1885 2058 1918 Siccensis

1177 1927 1351 1964 dioeceseos
1364 1931 1557 1976 Presbytero
1570 1930 1696 1967 Ariano
1706 1932 1815 1968 scribit
1826 1934 1862 1967 in
1877 1933 1968 1968 istius
1989 1937 2056 1970 vita

1177 1977 1308 2022 Austor·
1318 1980 1407 2024 supra
1419 1980 1587 2020 laudatus,
1614 1993 1715 2023 quem
1731 1984 1768 2017 in
1794 1981 1882 2018 Petri
1905 1984 1923 2017 a
1943 1984 2057 2020 Marca

1176 2026 1355 2065 Parifienfis
1378 2030 1650 2075 ArchiAEpiscopi
1671 2033 1735 2067 vita
1757 2032 1938 2076 Stephanus
1958 2035 2055 2070 Balu-

1178 2078 1247 2115 zius
1273 2079 1342 2115 vult
1366 2081 1428 2115 esse
1454 2080 1653 2118 Feri-andum
1682 2083 1871 2119 Diaconum
1904 2085 2149 2134 Ecclefiaecap.
2166 2106 2195 2132 9·

1177 2126 1295 2163 Cartha
1299 2129 1449 2174 ginensis:
1464 2133 1555 2174 Felix
1566 2138 1668 2165 virum
1676 2135 1799 2177 dignum
1810 2137 1830 2166 5
1830 2136 1973 2168 acerdotio
1984 2138 2054 2169 vere

1175 2178 1271 2213 adhuc
1279 2181 1330 2223 effi!
1342 2179 1514 2215 monachum
1528 2193 1586 2215 non
1597 2184 1725 2217 credidit
1742 2209 1753 2225 ,
1773 2184 1832 2228 fid
1839 2196 1904 2218 eum
1928 2190 1962 2218 in
1972 2185 2055 2218 babi-

1175 2237 1208 2263 tu
1220 2228 1351 2263 monachi
1366 2231 1487 2273 officium
1497 2235 1517 2267 5
1517 2235 1662 2266 acerdotts
1671 2236 1792 2276 implere
1806 2259 1814 2266 .
1842 2234 1946 2282 Qod
1964 2246 2053 2270 nem-

1175 2291 1215 2323 pe
1229 2279 1262 2312 in
1277 2278 1435 2315 Africana
1447 2281 1590 2316 Ecclesia
1602 2284 1713 2318 omnis
1730 2295 1796 2318 non
1811 2284 1850 2318 ad
1865 2284 2059 2320 monasterii.

1174 2329 1221 2363 sui
1234 2352 1245 2368 ,
1270 2327 1321 2362 sed
1337 2330 1376 2366 ad
1397 2331 1511 2374 populi
1524 2332 1656 2366 Clerum
1678 2337 1846 2376 proveiffls
1869 2335 2050 2370 monachus

1175 2377 1384 2414 monachales
1394 2380 1572 2425 deponeret
1583 2407 1594 2423 ‚
1620 2382 1652 2416 δε
1663 2383 1841 2419 adsumeret
1863 2384 1961 2419 vestes
1973 2385 2048 2420 Cle-

1172 2429 1284 2462 ricales
1317 2453 1328 2468 ‚
1363 2441 1461 2473 atque
1487 2430 1564 2465 ideo
1591 2433 1685 2467 zelofi
1706 2434 1840 2476 quidam
1871 2433 2051 2469 orthodoxi

1175 2477 1359 2520 Presbyteri
1378 2479 1577 2524 (degentibus
1602 2482 1688 2516 inter
1708 2483 1850 2518 Arianos
1870 2485 2052 2519 Wandalos

1170 2526 1322 2563 fidelibus
1333 2528 1368 2562 in
1382 2527 1497 2568 habitu
1511 2531 1696 2567 monastico
1710 2534 1848 2568 latentes
1858 2534 2051 2574 adsisterent,

1171 2578 1259 2622 quod
1272 2578 1306 2612 in
1320 2578 1435 2613 militis
1452 2578 1566 2617 habitu
1578 2580 1685 2617 fecisse
1697 2584 1849 2619 Sanctum
1869 2582 2046 2618 Eusebium

1170 2628 1423 2664 samosatensem
1446 2629 1646 2674 Episcopum
1673 2632 1829 2667 testantur
1849 2633 1883 2668 in
1911 2632 2046 2669 historia

1170 2677 1392 2714 Ecclefiastica
1427 2677 1662 2722 Theodoretus
1696 2683 1729 2716 ὃς
1765 2682 2046 2726 Martyrologium

1169 2729 1378 2763 Romanum.
1400 2725 1498 2765 ⁴Hinc
1517 2730 1616 2764 etiam
1638 2732 1678 2767 ad
1706 2731 1854 2767 Ecclefiae
1865 2731 2044 2766 Gallicanae

1167 2779 1348 2824 Episcopos
1369 2779 1489 2822 scripsit
1510 2779 1643 2814 sanstus
1663 2780 1819 2816 Pontifex
1858 2781 2041 2817 Celestinus
2065 2819 2076 2826 ,
2099 2817 2105 2823 ,

1168 2830 1308 2874 primus.
1336 2829 1502 2864 Didicimuc
1512 2829 1653 2874 quosdam
1665 2834 1784 2866 Domini
1802 2832 1971 2865 sacerdotes
1987 2830 2040 2874 su·
2058 2816 2172 2855 ⁶²9¹st³⁸⁵

1163 2876 1430 2922 perstitiofhpotitis
1441 2880 1531 2916 cultui
1548 2879 1714 2922 inservire,
1742 2882 1832 2922 quam
1853 2886 1961 2914 mentis
1987 2883 2041 2915 vel
2055 2869 2081 2892 c·
2103 2870 2131 2890 ¹⁹

1161 2928 1233 2972 fidei
1255 2933 1385 2971 puritati
1404 2953 1412 2961 .
1451 2929 1556 2964 Ami&
1574 2931 1665 2969 pallio
1690 2932 1725 2963 Θ
1748 2930 1860 2963 lumbos
1880 2932 2037 2972 praecinffl

1164 2980 1285 3013 credunt
1301 2977 1333 3021 se
1361 2980 1520 3020 Scripturae
1538 2978 1630 3020 fidem
1653 2990 1709 3011 non
1725 2983 1959 3022 perspiritum,
1981 2980 2040 3023 sed

1161 3035 1216 3070 p'er
1226 3030 1358 3062 litteram
1368 3030 1575 3069 completuros.
1600 3029 1684 3064 Unde=
1694 3028 1741 3064 bic
1750 3029 1869 3065 babitus
1896 3036 1927 3063 in
1939 3033 2037 3065 Eccle-

1159 3077 1211 3121 fiis
1222 3079 1386 3113 Gallicanis
1399 3101 1409 3117 ‚
1436 3088 1469 3112 ut
1479 3086 1521 3111 tot
1531 3089 1679 3111 annorum
1691 3104 1701 3118 ‚
1731 3081 1937 3123 tantorumque
1958 3083 2036 3114 Pon-

1165 3126 1272 3168 tificum
1293 3132 1325 3160 in
1350 3128 1477 3161 alterum
1510 3126 1644 3162 habitum
1669 3127 1840 3172 consuetudo
1865 3139 2002 3167 vertatur
2017 3131 2035 3163 ,ἓ

1164 3175 1354 3219 Discernendi
1374 3178 1394 3207 ἃ
1424 3175 1510 3211 Plebe
1535 3177 1586 3211 vel
1610 3184 1725 3212 caeteris
1749 3177 1852 3222 sumus
1879 3180 2035 3220 doctrina,

1165 3239 1222 3261 non
1233 3225 1321 3267 vellis
1332 3223 1567 3267 conversatione.
1595 3231 1681 3260 Nam
1686 3228 1716 3270 fi
1717 3227 1835 3269 studere
1860 3234 2031 3271 incipiamus

1166 3281 1294 3309 novitati
1307 3300 1318 3316 ,
1343 3276 1493 3309 traditum
1505 3276 1587 3308 nobis
1602 3279 1622 3309 ἃ
1638 3278 1782 3312 Patribus
1802 3280 1931 3312 ordinem
1942 3281 2034 3313 calca-

1164 3326 1279 3365 bimus,
1305 3334 1337 3358 ut
1348 3326 1438 3358 locum
1459 3323 1652 3368 supervacuis
1668 3325 1919 3370 superstitionibus
1936 3328 2034 3368 facia·

1163 3386 1226 3407 mus
1242 3399 1251 3407 .
1274 3382 1282 3395 ⁴
1303 3374 1447 3421 Qdam
1467 3386 1507 3407 ex
1543 3374 1710 3410 monachis
1734 3379 1830 3413 creati
1854 3376 2034 3410 Galliarum
2060 3388 2061 3391 ¹

1164 3424 1348 3469 Episcopi,
1385 3426 1537 3459 Sanetum
1576 3426 1759 3462 Matrinum
1786 3425 2050 3467 Turonensem,=

1796 3475 1985 3516 Sanaosque
