2340 3762
83 242 161 281 eap.
178 253 243 282 143·

86 439 114 469 F.
137 446 202 475 132.

86 781 161 823 cap·
177 789 231 816 42·.

76 969 248 1011 ,Sermiana

338 168 439 211 166

258 244 541 290 Helenopolitani
553 271 561 280 .
589 245 725 286 Pan-um
734 260 772 284 ac
785 243 994 290 Synodorum
1006 243 1152 281 testimo-

259 297 316 331 nia
326 295 490 338 ejusmodi
504 297 663 338 habemus
682 298 782 342 longe
797 295 890 337 plura
904 318 915 333 ›
943 293 1148 336 proindssque

260 346 297 382 in
324 347 446 384 litteris
471 350 513 389 ad
538 349 718 387 Urbanum
744 346 898 378 octavum
925 342 1150 385 Pontificem,

258 396 351 443 ,apud
365 400 573 438 Clementem
597 397 764 436 Galanum
785 392 1011 434 exstantibus,
1037 393 1153 430 Petrus

260 449 456 489 Avitabolis
476 475 492 491 ‚
515 447 661 481 Clericus
686 442 879 479 Theatinus
902 468 915 485 ,
937 443 1025 479 inter
1049 445 1155 479 Geor-

265 499 446 543 gianorum
471 506 591 532 errores
605 491 690 528 male
709 504 882 535 numerat,
908 494 1003 539 ,Quod
1011 493 1156 528 Euchari—

259 548 353 589 stiam
363 554 382 583 ὰ
395 548 549 581 sacerdote
564 544 728 581 celebrante
739 549 885 587 recipiant
904 550 1077 588 inpropriis
1087 556 1152 580 ma-

265 601 375 639 nibus,
405 599 439 629 ὦ*
449 594 560 637 ipfimet
570 601 690 638 proprio
699 602 852 639 apponant
867 601 927 628 ori.

320 647 481 686 Attamen
500 646 586 687 inter
607 646 753 680 faeminas
764 657 803 680 ac
826 645 914 684 viros
929 645 993 684 fuit
1007 645 1156 681 differen-

267 699 312 735 tia
323 722 334 738 ‚
361 697 394 731 ὅτ.
405 695 492 740 apud
504 697 653 737 Graecos,
681 696 716 730 ὅ(
727 694 814 740 apud
826 706 888 730 nos
900 695 1041 731 Latinos
1050 720 1062 738 ‚
1086 696 1154 740 qui·

266 747 330 787 bus
341 747 453 786 statuit
465 746 621 792 Synodus
643 743 918 784 Antifiodorenfis
931 771 940 779 .
967 750 1158 790 Unaquaeque

268 798 376 839 muller
396 822 408 839 ,
434 799 555 841 quando
575 802 769 835 communicat
793 821 806 839 ‚
831 798 1046 833 Dominicalem
1066 795 1155 842 ficum

269 847 380 885 babeat
392 862 403 882 :
414 845 541 892 ,Quodfi
547 859 605 882 non
616 846 754 881 babuerit
766 871 778 889 ‚
804 845 936 890 usquein
955 848 1049 881 alium
1075 848 1156 882 diem

265 902 464 936 ,Dominicum
487 909 547 933 non
579 903 787 933 communicet.
818 897 863 931 Et
893 895 980 942 apud
1003 899 1155 932 Sandium

265 948 501 999 l„Augustinuru
538 949 644 987 sermo
667 947 709 986 de
747 956 895 991 tempore
920 972 929 981 .
964 951 1076 982 Omnes
1112 954 1158 985 vi·

269 1007 323 1038 ri,
348 995 468 1042 'quando
479 998 691 1033 cbmmunicare
712 997 902 1041 defiderant,
927 1000 1038 1032 lavant
1046 1010 1156 1032 manus

264 1047 345 1099 {uas
355 1073 367 1091 ,
394 1051 428 1084 (9
439 1060 536 1083 omnes
547 1050 684 1084 mulieres
698 1050 798 1082 nitida
809 1048 947 1082 exhibent
957 1049 1135 1082 linteamina
1145 1073 1155 1089 ,

266 1099 446 1141 ,ubicbristi
465 1108 567 1144 corpus
588 1105 755 1142 accipiant.
783 1103 857 1136 Non
876 1097 915 1139 cst
930 1109 1053 1143 grave,
1079 1099 1159 1142 quod

273 1151 356 1187 dico.
384 1151 539 1194 ,Quomodb
559 1155 621 1183 viri
641 1151 752 1183 lavant
764 1160 845 1193 aqua
865 1160 975 1182 manus
995 1147 1071 1192 suas
1089 1173 1100 1189 ‚
1120 1147 1159 1191 fic

274 1198 451 1241 eleemosinis
473 1201 580 1233 lavent
589 1198 780 1242 conscientias
788 1197 872 1241 suas:
901 1200 1043 1233 Similiter
1054 1201 1088 1233 (τ
1100 1211 1160 1232 mu-

268 1250 362 1286 lieres
386 1273 396 1290 ,
423 1250 562 1291 quomoda
584 1250 715 1283 nitidum
738 1247 880 1282 exhibent
902 1250 1055 1282 linteolum
1074 1274 1084 1290 ,
1110 1249 1160 1282 ubi

274 1306 379 1341 corpus
405 1297 516 1344 Christi
540 1304 689 1346 accipiant
712 1310 721 1340 ;
743 1297 783 1339 fic
801 1306 903 1340 corpus
926 1298 1033 1338 castum
1058 1300 1093 1336 cb·
1112 1310 1160 1333 cor

275 1350 422 1383 mundum
432 1348 616 1388 exhibeant,
641 1358 675 1382 ut
692 1358 758 1381 eum
767 1345 843 1382 bona
865 1347 1036 1391 conficientia
1047 1348 1160 1393 Christi

274 1401 466 1432 sacramenta
484 1397 671 1441 suscipiant.
700 1398 895 1433 Linteolum
917 1398 1161 1433 istudaDomi-

273 1448 378 1494 pico,
405 1448 647 1491 cuiserviebat‚
676 1459 811 1491 corpore
832 1447 1053 1492 appellabatur
1063 1451 1162 1483 Domi-

273 1499 371 1537 nicale
382 1523 389 1530 .
418 1499 611 1533 Sermonem
624 1497 714 1532 hunc
728 1508 910 1541 numquam
922 1497 1089 1535 credidero
1098 1497 1161 1534 effe

273 1548 388 1586 Sansti
400 1548 607 1591 Augustini3
633 1558 674 1581 an
687 1558 797 1581 autem
817 1547 991 1581 mulierum
1002 1547 1162 1582 Domini-

276 1597 360 1634 calia
382 1595 527 1639 ejusdem
548 1595 654 1636 Patris
663 1598 730 1636 mei
755 1606 902 1639 tempore
920 1597 1067 1637 fuerint,
1091 1608 1159 1632 non

679 163 970 216 canones
1001 156 1305 207 Coucnn
1338 155 1683 208 Tantum.

1219 238 1460 281 Eucharistiam
1470 250 1623 284 accepere
1640 265 1649 273 .
1676 240 1831 285 Utraque
1841 253 1942 280 manu
1953 245 1990 282 in
2001 245 2107 283 crucis

1219 296 1358 330 formam
1368 289 1519 335 disposita
1530 314 1542 331 ‚
1569 290 1660 335 quod
1672 290 1824 326 laudatus
1836 291 2044 339 Augustinus
2058 299 2108 333 su-

1219 343 1273 389 pra
1296 341 1380 376 dixit
1403 365 1415 382 ,
1440 341 1585 375 Manibus
1609 341 1773 384 conjunc‘lis
1793 366 1801 374 .
1828 342 1962 379 Morem
1981 346 2108 383 durasse

1218 392 1374 440 existimo
1382 414 1395 433 ‚
1421 392 1594 436 quousque
1602 389 1732 429 duravit
1743 394 1942 428 communio
1954 394 2106 433 domesti-

1217 456 1256 479 ca
1268 468 1279 484 ,
1305 443 1340 478 dc
1350 442 1761 487 utrumqueincommodis
1770 442 1960 480 obnoxium
1982 456 2109 483 morem

1222 493 1315 529 fimul
1328 492 1468 528 defiisse.
1496 492 1659 528 Attamen
1682 494 1718 529 in
1730 494 1886 537 Romana
1906 493 2049 530 Ecclesia
2070 506 2110 532 ac

1222 543 1474 590 Episcopatibus
1495 543 1613 578 vicinis
1634 542 1765 580 videtur
1785 545 1845 580 iste
1863 543 1989 580 dudum
2014 545 2110 581 ante&¹

1221 596 1313 630 fuisse
1323 594 1499 628 exstinctus
1511 619 1521 626 .
1540 593 1677 628 Etenim
1688 596 1843 640 antiquus
1853 595 1978 631 ritualis
1989 595 2112 638 codex,

1221 646 1240 680 a
1253 646 1380 695 Joanne
1390 644 1531 680 Morino
1552 645 1586 677 in
1598 654 1695 688 opere
1706 644 1748 679 de
1769 646 1865 680 sacris
1876 645 2112 690 'Ordinationi-

1222 695 1283 730 bus
1304 694 1454 730 laudatus
1475 719 1485 735 ,
1513 694 1637 739 ipsique
1656 694 1675 741 a
1700 695 1923 731 Constantino
1945 696 2111 742 cajetano

1217 746 1305 782 'sacti
1315 743 1523 780 Benediffini
1538 744 1678 782 Ordinis
1689 744 1823 782 Abbate
1843 744 2112 793 erudito-mutia-

1224 806 1276 831 tus
1295 820 1307 837 ‚
1333 795 1378 831 ait
1402 793 1442 831 de
1466 794 1673 831 elericorum
1692 788 1930 833 communione
1952 792 2112 831 in'Miffa

1224 845 1414 882 Pontificali
1426 870 1433 878 .
1463 845 1632 886 Presbyteri
1648 848 1683 882 ὦ·
1694 851 1822 881 Diaconi
1832 873 1843 888 ‚
1871 846 2024 891 osculando
2036 850 2116 890 Ep}—
2131 871 2160 902 F·
2179 879 2195 910 3
2204 878 2247 908 ¹3·

1220 895 1342 941 scopum
1362 920 1374 936 ,
1399 903 1505 938 corpus
1529 896 1641 937 Christi
1660 897 1700 930 ab
1722 909 1753 932 eo
1773 898 1913 932 manibus
1933 902 2113 940 accipiant3

1223 947 1400 984 subdiaconi
1417 955 1539 988 autem,
1566 945 1723 992 osculando
1743 959 1868 989 manum
1881 946 2042 992 Episcopi,
2066 958 2115 982 ore

1215 1001 1371 1040 *accipiant
1380 1005 1486 1041 corpus
1499 995 1609 1035 christ}
1619 998 1659 1030 ab
1668 1009 1702 1031 eo
1712 1022 1720 1030 .
1747 997 1899 1044 Dignius
1910 1008 1975 1034 emt
1987 1007 2088 1032 manu
2100 1020 2115 1039 ,

1226 1058 1324 1091 quam
1336 1058 1393 1081 ore
1406 1046 1575 1089 accipere,
1600 1055 1701 1091 atque
1713 1046 1760 1080 ita
1773 1047 1916 1090 populus
1928 1057 2003 1081 tunc
2013 1047 2115 1082 etiam

1227 1108 1284 1132 ore
1307 1094 1454 1132 omnino
1474 1094 1676 1139 accipiebat.
1703 1095 1870 1132 Codicem
1895 1095 1989 1133 istum
2005 1094 2116 1132 lauda-

1227 1155 1278 1181 tus
1288 1144 1446 1182 Morinus
1455 1144 1607 1182 adfirmat
1627 1146 1847 1193 septingentis
1857 1146 1953 1182 annis
1962 1144 2115 1182 vetustio-

1227 1207 1295 1233 rem
1310 1222 1317 1231 .

1277 1245 1382 1282 Porro
1393 1248 1531 1291 praesens
1542 1245 1665 1282 Canon
1678 1245 1918 1284 Eucharistiam
1929 1246 2009 1285 ηᾶὲ
2019 1255 2118 1282 vocat

1228 1298 1366 1346 gratiam
1375 1322 1384 1330 .
1415 1298 1505 1332 Nam
1515 1297 1561 1333 ita
1574 1305 1710 1332 vocatur
1731 1298 1832 1334 etiam
1844 1299 1861 1333 a
1873 1299 1988 1334 Saudo
1999 1297 2119 1332 Hiero-

1229 1358 1334 1394 nymo
1349 1372 1360 1389 ‚
1386 1347 1543 1383 Lausiaca
1564 1345 1705 1383 Palladii
1728 1346 1863 1383 historia
1877 1372 1888 1390 ‚
1914 1348 1978 1384 aea
1996 1349 2118 1384 Sanito
2133 1361 2289 1396 (κόμῃ.

1229 1398 1403 1441 cypriano
1413 1398 1449 1431 in
1461 1399 1612 1432 sermone
1633 1396 1797 1441 delapsis.
1824 1399 1907 1433 Haec
1918 1399 1997 1435 item
2021 1395 2118 1432 verba

1207 1446 1335 1488 ‘Sancti
1346 1446 1434 1490 Judae
1447 1445 1604 1491 Apostoli
1621 1471 1632 1486 ,
1659 1447 1812 1488 Demostrt
1831 1453 1963 1491 gratiam
1985 1445 2118 1488 transfo-

1224 1501 1368 1531 rentesin
1380 1497 1555 1536 luxurIam,
1581 1494 1716 1540 quidam
1737 1496 1804 1532 dici
1819 1497 1936 1533 volunt
1952 1497 1985 1530 in
2009 1495 2116 1540 dupli-

1226 1548 1273 1582 cis
1297 1546 1495 1581 Divinitatis
1518 1545 1690 1581 fabulones
1712 1569 1723 1586 ‚
1749 1557 1892 1590 quorum
1915 1544 2118 1584 Eucharistia

1215 1583 1290 1632 Afuit
1299 1594 1463 1635 faediffima
1479 1620 1490 1636 ,
1513 1595 1747 1647 abominabilis
1759 1620 1772 1639 ,
1799 1606 1868 1631 tam
1879 1597 1990 1632 sanae
2011 1595 2119 1639 nomi·

276 1647 377 1685 ausim
399 1646 584 1685 adfirmare.
613 1645 712 1685 Certe
739 1645 799 1683 viti
817 1646 905 1680 nuda
918 1657 1020 1683 manu
1040 1624 1182 1726 semper!
1231 1658 1271 1682 ne
1286 1645 1588 1694 penitusindigna·

683 1955 904 2075 CA
962 1955 1061 2038 N
1117 1955 1208 2040 o
1267 1958 1365 2039 N
1507 1953 1718 2039 CII.

432 2167 584 2213 Portet
607 2177 754 2211 autem
777 2177 852 2211 eos
871 2197 884 2222 ,
926 2162 1005 2229 qui
1030 2159 1225 2212 solvendi
1260 2165 1304 2212 &
1330 2161 1495 2226 ligandi
1522 2160 1787 2230 potestatem
1811 2158 1840 2212 a
1868 2159 1967 2213 Dto
1994 2178 2127 2213 acce-

466 2251 569 2302 pere
589 2270 602 2294 ,
639 2233 810 2301 peccati
845 2232 1111 2299 qualitatem
1146 2230 1414 2284 considerare
1439 2269 1454 2294 ,
1489 2238 1533 2283 &
1570 2231 1665 2299 eju’s
1706 2234 1787 2301 qui
1833 2235 2032 2301 peccavit
2060 2230 2121 2283 ad

279 2304 609 2357 converfionem
629 2318 882 2371 promptum
908 2300 1095 2352 studium
1119 2338 1132 2363 ,
1170 2307 1213 2352 &
1258 2302 1316 2351 fic
1362 2303 1518 2353 morbo
1561 2306 1900 2354 convenientem
1930 2302 2118 2361 affeer

279 2376 546 2431 medicinam
572 2394 584 2423 t
623 2376 698 2423 Ne
723 2373 755 2422 fi
778 2375 823 2421 in
849 2387 1037 2439 utroque
1064 2371 1429 2424 immoderatione
1455 2389 1605 2424 utatur
1635 2410 1650 2436 ‚
1686 2373 1743 2423 ab
1767 2379 1857 2438 eJ‘us
1896 2376 1968 2438 qui
1993 2372 2120 2422 labo-

282 2464 353 2500 rat
378 2483 391 2507 ,
426 2444 560 2494 salute
587 2442 760 2494 excidat
789 2479 802 2491 .
840 2437 949 2493 Non
973 2445 1092 2492 enim
1123 2443 1302 2511 simplex
1326 2444 1387 2493 est
1414 2445 1590 2494 morbus
1627 2446 1799 2511 peccati
1823 2480 1837 2504 ,
1872 2441 1940 2497 sed
1971 2443 2120 2493 varius

283 2521 329 2566 δε
354 2514 634 2563 multiformis
660 2551 673 2575 ‚
710 2519 753 2562 &
779 2514 937 2562 multas
960 2513 1229 2563 incommodi
1253 2517 1515 2582 propagines
1540 2515 1793 2578 germinans
1818 2549 1833 2575 ‚
1869 2531 1923 2563 ex
1956 2511 2121 2580 quibus

285 2587 449 2638 malum
473 2583 660 2634 multum
686 2582 941 2633 diffunditur
965 2620 979 2644 ,
1014 2588 1058 2635 &
1081 2586 1259 2634 ulterius
1284 2584 1565 2653 progreditur
1595 2621 1610 2646 ,
1646 2583 1788 2635 donec
1829 2583 1989 2635 viribus
2024 2600 2121 2632 me-

286 2657 432 2707 dentis
458 2654 574 2704 sistat
595 2690 608 2702 .
647 2658 794 2723 Qare
819 2656 898 2722 qui
926 2653 1153 2704 medicinae
1175 2653 1401 2705 scientiam
1432 2658 1478 2704 in
1507 2654 1659 2723 spiritu
1687 2655 1916 2723 profitetur
1935 2691 1952 2715 ,
1985 2670 2116 2721 opor*

286 2744 356 2780 tet
380 2744 479 2778 eum
504 2722 695 2793 primum
719 2729 811 2791 ejus
836 2762 849 2785 ‚
886 2727 964 2791 qui
991 2727 1194 2793 peccavit
1216 2763 1230 2786 ,
1279 2724 1551 2776 affectionem
1586 2725 1854 2775 considerare
1880 2760 1894 2784 ‚
1929 2728 1968 2773 &
1994 2723 2118 2777 sive..

290 2800 433 2861 vergit
472 2794 528 2845 ad
550 2794 778 2845 sanitatem
802 2832 816 2855 ,
869 2794 955 2844 five
993 2794 1148 2845 contra
1171 2799 1358 2863 propriis
1387 2795 1581 2844 moribus
1607 2811 1821 2862 provocat
1869 2796 1917 2843 in
1935 2792 1976 2843 se
2001 2812 2117 2843 mor-

291 2869 398 2921 bum
421 2906 433 2930 ,
469 2865 684 2935 adspicere
708 2863 934 2932 quomodo
957 2870 1048 2931 ejus
1071 2902 1084 2925 ,
1121 2883 1218 2931 quae
1244 2864 1500 2927 intercedit,
1538 2867 1641 2915 vitae
1665 2867 1847 2914 rationis
1879 2863 2122 2933 conversio-

292 2937 447 3006 nisque
469 2955 617 2988 curam
642 2951 763 2999 gerat
789 2955 800 2984 ε
846 2938 905 2984 Et
929 2935 960 2983 si
985 2934 1141 2984 artifici
1169 2953 1257 2985 non
1281 2937 1510 2985 reluctatur
1534 2972 1548 2996 ‚
1598 2941 1642 2985 &
1666 2936 1787 2984 ulcus
1813 2936 1962 2984 animae
1989 2950 2123 2998 auget

299 3028 377 3080 per
400 3008 699 3076 impositorum
726 3004 1144 3056 medicamentorum
1173 3006 1459 3072 adjectionem
1484 3043 1496 3066 ‚
1542 3010 1586 3054 δε
1626 3005 1682 3054 fic
1708 3004 2085 3056 misericordiam-⁴
2106 3040 2122 3064 ,

300 3095 431 3150 prout
455 3079 610 3143 dignus
636 3114 649 3137 ‚
688 3078 902 3145 impertiri
929 3113 941 3124 .
989 3080 1180 3126 Omnem
1210 3079 1327 3125 enim
1352 3079 1567 3126 rationem
1594 3078 1680 3125 init
1704 3080 1826 3126 Deus
1850 3114 1864 3138 ,
1899 3075 2018 3144 isque
2050 3076 2123 3123 cui

301 3148 525 3218 pastoralis
562 3146 746 3197 traditus
781 3147 842 3196 est
869 3148 1136 3215 principatus
1160 3184 1173 3208 ,
1222 3163 1271 3196 ut
1299 3162 1514 3197 errantem
1553 3164 1683 3196 ovem
1713 3146 1892 3197 reducat
1922 3183 1935 3208 ‚
1972 3150 2015 3195 &
2042 3146 2086 3193 ei
2110 3181 2124 3205 ,

305 3215 426 3287 quod
452 3217 511 3265 est
533 3215 559 3267 a
588 3217 783 3284 serpente
808 3219 1080 3267 vulneratum
1103 3254 1117 3278 ‚
1168 3217 1392 3267 medeatur
1417 3254 1430 3278 ,
1479 3222 1523 3267 &
1547 3235 1689 3286 neque
1712 3236 1790 3288 per
1816 3216 2124 3284 desperationis

306 3288 549 3361 praecipitia
575 3288 770 3354 impellat
787 3322 800 3347 ,
835 3305 918 3336 nec
943 3287 1000 3336 ad
1030 3290 1134 3338 vitae
1157 3286 1478 3338 dissolutionem
1503 3325 1516 3350 ‚
1554 3293 1598 3339 δε
1630 3303 1929 3356 contemptum
1955 3285 2127 3334 fraena-⁴

307 3360 469 3409 relaxet
495 3377 506 3406 :
557 3355 638 3403 Sed
678 3373 761 3404 una
790 3356 970 3421 quidem
1007 3358 1189 3408 omnino
1217 3361 1386 3408 ratione
1409 3397 1422 3420 ‚
1457 3358 1545 3409 five
1568 3377 1645 3427 per
1681 3360 1848 3407 acriora
1881 3361 1921 3406 δι
1947 3354 2130 3404 adstrin-

307 3430 493 3499 gentia,
526 3425 614 3494 five
639 3442 718 3495 per
759 3426 942 3478 meliora
975 3432 1019 3497 δε
1047 3430 1213 3482 leviora
1250 3429 1567 3505 medicamenta
1600 3426 1820 3499 *affectioni
1853 3426 2013 3481 resistat
2037 3430 2134 3532 ³201&
