2340 3762
618 169 944 234 Seitomi'ss
965 190 1027 220 Er
1051 172 1255 220 Nous
1291 186 1672 225 antistita-rt.

240 258 352 293 Etiam
373 256 578 294 Fredericum
598 260 740 303 primum
752 258 938 303 Augustum
960 255 1106 291 &laicos

239 318 355 342 omnes
367 308 500 351 Synodo
511 308 657 353 Papiensi
673 334 684 350 ‚
711 311 745 343 in
757 319 818 351 qua
828 308 999 342 Octaviani
1012 305 1108 339 Anti-

242 357 339 400 Papae
360 369 472 392 contra
488 357 730 395 ··A1exandrum
751 359 881 394 testitim
914 356 1108 391 Pontificem

242 405 377 441 schisma
390 410 453 442 fuit
464 408 635 443 discussum
648 433 659 448 ‚
683 406 1060 445 exivissescribuntotto
1068 405 1108 440 de

68 481 111 511 Ca
159 491 170 510 1
227 456 360 507 Sancto
383 458 512 498 Blasio,
538 458 766 494 &Radevicus
775 457 945 501 Presbyter
966 456 1108 490 Canoni-

66 522 102 551 -L
114 490 151 549 Ρ,
176 490 224 558 ἑὲ)
242 517 300 540 cus
310 507 457 542 Ecclefiae
470 507 688 551 Frifingenfis.
717 510 760 543 Et
770 508 919 542 Sandium
937 504 1108 540 Thomam

67 570 115 594 70.
243 556 510 591 Cantuariensem
521 555 837 603 Archi-Episcopum
848 556 889 591 de
901 557 1014 601 Regiae
1025 556 1108 590 Can-

240 603 376 641 cellariae
385 607 564 644 rationibus
575 608 711 643 noluisse
722 619 833 643 coram
843 607 990 641 Henrico
1004 609 1108 640 secun-

241 657 287 691 do
300 656 392 700 Rege
404 657 731 701 synodaliterinquiri
753 656 948 701 autiudicari
972 657 1108 691 affirmat

241 707 277 738 in
298 707 361 739 suis
380 706 566 743 Annalibus
586 708 747 744 Radulfus
767 708 808 743 de
829 709 952 742 Diceto
966 733 973 740 .
1001 707 1044 739 Et
1065 705 1105 742 de

237 755 392 790 'Henrico
414 759 510 791 tertio
521 757 707 804 Anglorum
718 757 811 803 Rege
824 783 835 798 ,
858 760 897 792 ac
909 755 1110 791 Londinensi

242 817 297 849 per
309 807 471 841 Ottonem
493 809 604 841 sanctae
615 807 771 842 Romanae
793 807 938 842 Ecclefiae
955 804 1109 840 Cardine-

67 716 103 745 Α.
119 720 200 752 1164.

65 840 102 867 A.
122 845 203 872 ¹237·

65 878 162 913 1:402,
242 856 307 891 lem
331 856 491 900 Legatum
512 859 593 891 faeta
613 856 749 899 Synodo
769 881 782 898 ,
807 857 915 892 scribit
936 854 1111 891 Matthaeus

239 904 423 939 Parifienfis
433 929 440 936 .
467 908 668 945 Conciliojam
678 913 792 947 incepto
800 930 811 945 ‚
821 904 969 947 mifflsunt
978 911 1111 945 exparte

237 959 358 987 Domini
369 957 459 996 Regis
469 958 575 987 Comes
588 954 793 996 Lincolnienfis
796 958 830 999 J
831 965 940 987 oannes
951 978 964 994 ‚
973 954 1111 998 &Joan-

233 1001 373 1044 nesfilius
384 1001 517 1044 Galfrid,
534 1005 568 1037 (5
580 1004 768 1043 Wilbelmus
783 1006 820 1038 de
829 1005 903 1037 Rale
913 1029 923 1045 ,
943 1009 1106 1037 canonicus

231 1050 330 1096 saenHi
351 1055 439 1086 Pauli
451 1078 461 1093 ,
486 1061 519 1085 ut
538 1054 615 1088 dic‘lo
625 1055 719 1099 legato
738 1062 876 1098 exparte
886 1058 976 1098 Regis
996 1055 1104 1088 &Re-

230 1108 287 1146 gni
296 1102 461 1136 inhiberent
471 1128 482 1144 ‚
509 1114 545 1136 ne
554 1103 593 1136 ibi
604 1114 705 1140 contra
716 1107 838 1148 Regiam
860 1116 993 1139 coronam
1017 1105 1050 1136 6
1061 1104 1105 1135 di-

232 1159 381 1196 gnitatem
401 1154 518 1196 aliquid
529 1153 656 1194 statuere
675 1163 878 1188 attentarent.
903 1157 950 1186 Et
969 1152 1104 1196 remansis

234 1203 299 1243 ibt,
325 1211 358 1236 ut
368 1202 417 1236 hoc
427 1202 650 1246 observaretur,
677 1204 867 1238 VVslbelmus
886 1205 925 1238 de
935 1205 1010 1237 Rale
1023 1229 1034 1245 ‚
1059 1209 1105 1236 in-

235 1248 325 1286 uatus
345 1261 440 1295 cappa
461 1255 631 1288 Canonicali
655 1256 689 1293 (75
694 1253 920 1297 superpelliceo,
946 1257 1018 1288 aliis
1040 1265 1110 1289 rect-

235 1301 390 1336 dentibus.
418 1301 520 1351 Qod
544 1315 660 1348 nempe
682 1304 828 1349 Legatus
851 1306 987 1348 Synodo
1006 1305 1110 1337 natio·

235 1352 306 1386 nali
328 1350 454 1397 Regios
470 1353 635 1387 ministros
658 1354 763 1388 nollet
784 1354 947 1389 int'eresse.
974 1352 1083 1388 Verba
1102 1378 1113 1396 ‚

237 1407 351 1436 Contra
361 1406 488 1447 Regiam
503 1414 636 1437 coronam
658 1405 691 1437 (9¹
702 1404 878 1447 dignitatem
890 1429 900 1444 ,
928 1404 1115 1447 exprimunt

237 1453 368 1486 causam
380 1452 553 1495 palmarem
566 1477 577 1493 ‚
602 1464 643 1486 ex
664 1462 726 1494 qua
742 1453 849 1496 Reges
863 1464 901 1485 ac
922 1462 1035 1484 eorum
1047 1453 1114 1484 Mi-

236 1501 328 1534 nistri
348 1501 458 1543 passim
482 1502 680 1543 praetendunt
691 1500 801 1534 locum
814 1501 849 1533 in
859 1499 1022 1542 Synodis:
1053 1498 1109 1532 Est

236 1558 411 1596 praetextus
429 1551 464 1584 &
478 1552 587 1585 fucus.
615 1550 656 1584 Ei
680 1560 786 1584 tamen
809 1550 953 1597 Legatus
972 1546 1110 1583 admisso

238 1601 327 1636 disto
338 1600 513 1634 Canonico
526 1601 632 1635 voluit
647 1600 843 1634 satisfactum
855 1624 862 1632 .

291 1650 409 1695 Longe
419 1650 513 1683 aliter
526 1651 724 1683 Francorum
735 1649 843 1692 Reges
855 1673 861 1680 .
876 1648 1007 1682 Etenim
1019 1648 1117 1681 Fran-

63 1708 224 1746 Cap-210,
242 1700 452 1735 cofordiensis
463 1697 588 1742 Synodi
601 1699 756 1734 Canones
767 1698 885 1732 affidue
895 1698 1028 1732 dicunt:
1051 1699 1116 1730 sta-

240 1758 336 1784 tutum
346 1749 384 1790 est
394 1753 414 1783 ἃ
429 1753 552 1782 Domino
563 1752 642 1792 Rege
655 1772 662 1789 ,
693 1748 815 1782 Carolo
829 1749 978 1792 Magno,
1005 1745 1117 1789 &san-

239 1801 427 1839 AEa‘synodo.
455 1799 557 1841 quue
569 1800 668 1833 etiam
690 1798 725 1832 in
738 1798 899 1832 criminali
920 1799 1013 1831 causa
1022 1796 1115 1830 ‘Petri

242 1850 278 1883 ἆ
289 1849 435 1882 Gerbodi
449 1849 682 1891 Episcoporum
692 1873 699 1880 .
728 1847 837 1880 Etiam
850 1848 881 1880 in
895 1844 1118 1880 criminalibus

239 1899 277 1932 in
300 1896 505 1932 Rothaldum
528 1897 783 1932 Sueffionensem
807 1921 818 1936 ‚
843 1896 877 1929 ὅ(
900 1895 1117 1928 Hincmarum

240 1946 488 1983 Laudunensem
501 1947 679 1991 Episcopos
702 1946 893 1989 nuperrimis
905 1944 1038 1988 Judiciis
1057 1944 1117 1977 Ca·

239 1997 328 2033 rolus
341 1999 460 2033 Calvus
481 1997 555 2031 Rex
578 1997 766 2030 interfuerat
788 2019 800 2035 ‚
825 2005 921 2039 atque
942 1993 1027 2028 hanc
1047 2002 1119 2026 tum

240 2048 438 2082 Francorum
458 2048 589 2090 Regum
611 2055 682 2082 tum
694 2045 882 2081 Graecorum
893 2044 1119 2089 Augustorum

242 2096 483 2141 usurpationem
500 2096 619 2129 Canon
634 2096 768 2138 praesens
788 2093 957 2136 proscribit
977 2104 1014 2126 ac
1035 2092 1122 2126 dam-

241 2157 299 2181 nat
311 2170 318 2177 .
344 2147 378 2180 N
381 2157 417 2179 ec
427 2154 511 2179 tacet
522 2145 649 2178 causam
660 2155 666 2175 :
679 2142 769 2186 ,Quod
781 2154 838 2176 non
840 2143 880 2183 sit
888 2142 946 2184 fas
951 2141 1109 2185 saeculares

242 2200 397 2238 Principes
414 2193 666 2238 fierispec‘latores
690 2204 810 2234 rerum,
835 2192 948 2236 utique
960 2192 1111 2228 crimina-

242 2247 325 2281 lium
338 2272 348 2286 ,
373 2257 439 2288 quae
455 2243 655 2278 Sacerdotibus
666 2243 840 2286 quandoque
860 2247 1000 2281 eveniunt
1014 2267 1019 2273 .
1048 2240 1112 2274 Eas

242 2297 374 2340 proprio
386 2294 484 2338 pallio
506 2305 634 2339 tegere,
660 2303 760 2337 quam
781 2292 830 2326 vel
841 2292 951 2326 audire
973 2290 1113 2324 malebat

242 2346 483 2380 Constantinus
508 2344 653 2388 Magnus
679 2368 686 2375 .
715 2345 833 2375 Decimo
853 2339 978 2384 septimo
1004 2341 1119 2374 ocqavae

243 2392 346 2435 synodi
359 2399 479 2427 Canone
491 2418 502 2434 ‚
529 2393 635 2436 inquit
648 2391 761 2427 Petrus
772 2390 790 2424 ὲ
807 2391 921 2426 Marca
935 2416 946 2432 ‚
974 2398 1094 2425 vetatur
1105 2414 1115 2429 ,

246 2456 283 2478 ne
301 2445 427 2484 synodus
453 2442 509 2486 fiat
525 2441 671 2486 praesente
696 2445 834 2483 Principe
853 2467 864 2483 ‚
890 2443 969 2485 quod
990 2440 1119 2474 moribus

248 2496 399 2527 Gallorum
410 2492 592 2536 adversatur
603 2518 613 2534 ‚
640 2497 690 2535 qui
701 2493 822 2531 synodos
842 2497 874 2524 in
880 2493 999 2534 palatio
1018 2501 1051 2524 ut
1056 2492 1123 2534 plu-

248 2544 354 2577 rimum
380 2543 587 2582 celebrabant,
612 2548 702 2576 etiam
724 2542 781 2576 sub
792 2541 914 2576 Catolo
935 2542 1040 2576 Calvo
1060 2540 1121 2583 post

248 2593 386 2627 oe‘lavam
404 2593 545 2631 synodum
564 2617 571 2623 .
598 2591 724 2625 Verum
746 2592 836 2625 enim
860 2591 937 2626 vero
958 2592 1054 2625 illum
1081 2589 1124 2623 ob

249 2643 369 2677 similes
379 2643 573 2677 temeritates
593 2640 770 2675 secundum
781 2640 1002 2677 Sennacherib
1017 2651 1053 2674 ac
1068 2652 1125 2675 no—

248 2703 326 2725 vum
338 2692 545 2726 Pharaonem
567 2690 732 2735 appellant
753 2687 900 2725 Annales
922 2692 1123 2726 Francorum

249 2740 441 2777 fuldenses.
874 2756 879 2760 ·

298 2793 483 2827 Occurrunt
507 2790 578 2826 duae
598 2792 809 2835 quaestiones.
836 2790 946 2826 Prima
968 2791 1015 2826 est
1031 2816 1043 2833 2
1068 2790 1123 2824 An

250 2842 505 2884 provincialibus
551 2841 692 2884 Synodis
725 2866 736 2882 ,
773 2841 853 2875 solas
875 2841 950 2876 fidei
976 2842 1124 2887 quaestio-

251 2900 310 2925 nes
330 2891 528 2934 agitantibus
547 2915 558 2932 ‚
592 2892 702 2937 Reges
722 2902 778 2927 aut
797 2901 911 2927 eorum
934 2891 1059 2928 Vicarii
1082 2902 1122 2925 ex

68 2354 202 2388 Lz.c.i7.

546 3090 828 3178 &wisi

550 3194 826 3280 &mm

305 3514 313 3519 -
354 3492 460 3535 christ.
473 3498 552 3540 Lupi·
564 3499 651 3539 oper.
664 3497 798 3530 Tam-111.

1867 196 1962 237 299

1170 255 1258 289 nulla
1277 266 1431 299 umquam
1443 258 1536 291 causa
1555 258 1717 300 potuerint
1728 260 1866 297 adesset?
1892 263 2033 308 Respon-

1171 305 1233 339 deo
1259 307 1395 350 potuisse
1419 329 1425 336 .
1453 307 1582 341 Etenim
1603 306 1643 340 de
1660 308 1714 340 sua
1736 309 1902 346 adversffim
1924 314 2033 347 Mani-

1152 364 1154 366 *
1172 355 1278 389 chaeos
1287 355 1438 391 Romana
1449 358 1585 400 Synodo
1599 355 1705 390 scribit
1715 358 1748 390 in
1760 359 1877 402 quinto
1890 363 2033 397 sermone

1172 405 1212 440 de
1223 415 1362 448 quatuor
1372 407 1569 451 temporibus
1580 406 1693 440 mensis
1703 407 1893 444 Decembris
1905 413 2034 448 Sanctus

1175 456 1243 489 Leo
1266 456 1409 500 Magnus
1434 469 1440 487 :
1469 456 1667 498 Refidentibus
1696 468 1808 491 mecum
1826 457 1980 502 Episcopis
2002 474 2036 495 ac

1175 504 1352 543 Presbyteris
1365 530 1375 545 ,
1385 517 1419 538 ac
1431 512 1463 538 in
1472 507 1602 539 eumdem
1611 505 1760 550 conseffum
1773 507 1949 547 Christianis
1960 515 2037 543 v1r1's

1173 566 1206 588 ac
1216 554 1356 588 nobilibus
1367 560 1545 600 congregatis
1556 580 1563 587 .
1591 557 1634 590 Et
1646 557 1679 588 in
1694 555 1842 599 Epistola
1864 558 1905 593 ad
1916 557 2040 595 Thuri·
2109 598 2114 604 ⁴

1174 605 1262 638 bium
1274 606 1470 649 Episcopum
1489 605 1873 650 Asturicensem:Judicio
1883 610 1974 650 nostro
1983 622 2041 644 non
2066 597 2198 638 El’¹st'93‘

1167 653 1258 698 solum
1288 655 1520 698 frequenttffima
1541 654 1705 698 praesentia
1729 657 1918 692 sacerdotum
1945 684 1957 700 ,
1986 659 2045 703 sed
2062 650 2086 672 ς’
2099 643 2140 669 ¹6'

1174 710 1263 737 etiam
1276 705 1429 746 illustrium
1449 712 1579 740 virorum
1593 707 1726 750 dignitas
1736 728 1748 745 ,
1774 707 1809 739 6*
1814 715 1892 748 pars
1903 712 2044 751 quedam

1172 756 1298 788 Senatus
1309 767 1344 788 ac
1355 756 1453 789 Plebis
1464 756 1614 798 interficit.
1642 754 1797 794 Secundae
1817 757 1894 791 item
1907 758 2045 802 Synodo

1176 803 1370 838 Arausicensi
1385 805 1527 839 Nobiles
1540 806 1617 840 varii
1629 806 1859 841 interfuerunt.
1888 807 1959 841 Eta
1970 807 2049 843 San-³

1174 854 1225 885 sto
1247 854 1407 889 Flaviano
1429 855 1591 899 Episcopo
1611 855 1984 900 Constantinopolitano
2004 858 2047 892 ad

1174 902 1260 936 suam
1284 903 1317 935 in
1339 904 1535 947 Eutychetis
1556 907 1726 949 personam
1747 915 1785 942 ac
1806 917 1927 941 errores
1945 907 2051 950 Syno-

1175 952 1251 986 dum
1264 952 1355 986 fuiffe
1373 955 1545 989 admistum
1556 956 1760 992 Florentium
1773 955 1954 992 Patricium
1966 982 1977 999 ‚
2002 958 2050 992 est

1175 1002 1263 1045 supra
1282 1002 1443 1038 ostensum
1456 1029 1463 1037 .
1492 1005 1651 1041 Attamen
1673 1007 1730 1041 sub
1754 1006 1816 1042 hac
1835 1007 2027 1042 conditione
2039 1020 2049 1040 :

1177 1050 1332 1095 Discamus
1353 1053 1435 1087 &ab
1446 1054 1575 1093 Eutyche
1601 1056 1792 1095 Presbytero,
1809 1056 1842 1097 fi
1858 1059 1925 1091 vult
1946 1056 2051 1100 &ipse

1176 1114 1238 1137 eum
1262 1103 1389 1146 intereffis
1410 1130 1416 1136 .
1447 1104 1524 1138 Erat
1545 1104 1634 1139 enim
1658 1115 1773 1139 contra
1798 1106 1952 1140 Canones
1974 1131 1985 1145 ,
2010 1105 2053 1139 de

1178 1163 1317 1196 quorum
1327 1155 1586 1197 praevaricatione
1597 1154 1724 1189 traduci
1740 1155 1758 1189 ὲ
1770 1156 1925 1199 versipelli
1945 1155 2055 1189 Haere-

1178 1201 1299 1237 starcha
1309 1203 1398 1238 suam
1409 1204 1582 1247 Synodum
1592 1205 1766 1240 Flavianus
1780 1206 1916 1240 nolebat
1925 1231 1933 1238 .

1228 1252 1341 1288 Altera
1362 1255 1497 1298 quaestio
1520 1254 1586 1295 est,
1612 1254 1669 1288 An
1689 1256 1724 1289 in
1747 1256 1893 1300 generali
1918 1254 2057 1297 Synodo

1182 1302 1289 1347 Reges
1307 1303 1413 1338 adesse
1449 1305 1567 1348 poffint
1588 1305 1664 1339 solis
1698 1303 1771 1339 fidei
1794 1305 2025 1346 quaestionibus
2038 1305 2055 1336 ?

1184 1352 1311 1387 Diserte
1323 1354 1490 1388 adfirmare
1511 1353 1638 1389 videtur
1650 1356 1681 1388 in
1695 1354 1840 1389 adductis
1861 1355 1901 1390 ad
1914 1352 2062 1388 Michae-

1186 1403 1248 1435 lem
1260 1402 1447 1446 Augustum
1464 1405 1578 1438 litteris
1589 1404 1624 1436 N
1627 1405 1751 1438 icolaus
1761 1405 1883 1447 primus
1895 1404 2058 1437 Pontifex-

1188 1451 1230 1482 Et
1244 1452 1403 1486 consonat
1414 1450 1549 1486 adducta
1562 1453 1703 1494 superius
1726 1452 1907 1486 Theodosii
1919 1452 2061 1496 Augusti

1185 1496 1224 1530 ad
1238 1498 1340 1532 Sanffl
1352 1500 1501 1534 Flaviani
1515 1501 1686 1544 Synodum
1699 1503 1783 1537 sacra
1802 1501 1897 1544 juffio
1910 1526 1921 1542 ‚
1949 1501 2062 1535 volens

1186 1547 1389 1581 Florentium
1411 1548 1590 1585 Patricium
1609 1551 1758 1591 admitti,
1787 1554 1884 1594 ,Quod
1901 1550 2063 1594 effitfhrmo

1185 1597 1222 1630 de
1235 1597 1298 1638 fide
1312 1622 1319 1629 .
1348 1597 1489 1632 Videtur
1508 1599 1683 1643 agenerali
1703 1625 1714 1640 ‚
1740 1602 1791 1633 cui
1818 1600 1877 1634 soli
1901 1601 2063 1643 Principis

1186 1647 1328 1689 Legatus
1349 1646 1451 1680 adesse
1464 1656 1611 1690 poterat,
1639 1650 1679 1683 ad
1692 1649 1926 1693 provincialem
1946 1661 1987 1684 ex
2000 1651 2063 1693 epi-

1184 1694 1254 1738 keja
1267 1696 1471 1730 ratiocinati.
1499 1697 1697 1740 Respondeo
1717 1708 1826 1733 tamen
1850 1701 1949 1734 etiam
1961 1694 2065 1734 civili'-

1186 1745 1244 1778 bus
1257 1745 1496 1789 Episcoporum
1511 1748 1742 1790 quaestionibus
1763 1761 1800 1782 ac
1812 1748 1945 1782 edendis
1955 1752 2065 1785 Cano·

1186 1792 1281 1827 nibus
1293 1817 1305 1833 ,
1330 1794 1378 1827 uti
1390 1806 1430 1828 ex
1445 1795 1719 1831 Chalcedonensis
1734 1797 1861 1840 Synodi
1874 1798 1966 1832 Astis
1978 1799 2061 1833 vide-

1183 1843 1210 1874 ri
1235 1842 1280 1875 est
1293 1867 1304 1882 ‚
1331 1844 1470 1885 potuisse
1481 1844 1604 1880 adesse.
1633 1847 1677 1880 Et
1692 1845 1771 1880 hinc
1793 1849 1927 1891 praesens
1940 1850 2061 1884 Canon

1184 1902 1240 1925 eos
1251 1890 1269 1924 ὲ
1281 1890 1355 1925 solis
1377 1892 1412 1926 in
1425 1892 1606 1938 Episcopos
1624 1896 1657 1930 ὃς
1671 1896 1819 1932 clericos
1839 1898 2062 1934 criminalibus

1184 1941 1363 1975 afflonibus
1382 1953 1484 1976 arcet.
1514 1944 1557 1977 Et
1570 1946 1702 1987 quidem
1723 1957 1814 1982 extra
1838 1949 1936 1983 fidem
1957 1950 2065 1984 crimi-

1186 1990 1332 2024 nalibus:
1361 1990 1404 2024 Et
1415 1989 1493 2026 hinc
1510 1995 1637 2028 cunstis
1649 1996 1775 2038 Synodi
1800 1996 1895 2040 hujus
1917 1999 1951 2031 in
1977 1999 2065 2032 Pho-

1185 2039 1291 2077 tianos
1300 2040 1503 2083 actionibus,
1529 2043 1617 2087 quod
1637 2044 1677 2079 ad
1695 2044 1836 2082 haeresim
1859 2046 2062 2082 autschisma

1185 2090 1362 2133 spestarent
1383 2114 1394 2131 ‚
1419 2091 1555 2128 Basilius
1578 2092 1748 2140 Augustus
1773 2106 1829 2130 aut
1850 2096 1916 2139 ejus
1938 2098 2064 2132 Vicarii

1185 2138 1330 2173 adfuere.
1358 2141 1505 2185 Itemque
1516 2143 1673 2179 similibus
1685 2145 1827 2179 Nicaenae
1837 2169 1847 2185 ,
1875 2145 2040 2190 Ephesinae
2052 2173 2064 2188 >

1185 2187 1458 2224 Chalcedonensis
1470 2216 1481 2232 ,
1510 2193 1625 2236 sextae,
1652 2206 1689 2229 ac
1702 2195 1843 2239 septimae
1854 2197 2062 2238 Synodorum

1184 2239 1259 2272 adtis
1279 2238 1353 2272 laici
1375 2238 1542 2285 Principes
1565 2253 1621 2277 aut
1643 2255 1754 2279 eorum
1768 2245 1893 2280 Vicarii
1915 2247 2064 2281 interfue-

1186 2298 1277 2322 runt.
1303 2287 1406 2323 Porro
1417 2289 1453 2322 N
1456 2292 1578 2331 icolaus
1588 2293 1740 2329 Pontifex
1753 2295 1792 2328 de
1806 2296 2061 2338 provincialibus

1187 2338 1296 2382 potius
1319 2350 1374 2374 aut
1402 2339 1674 2378 patriarchalibus
1696 2367 1707 2383 ‚
1732 2345 1837 2388 qualis
1856 2346 1959 2381 fuerat
1983 2348 2065 2381 faeta

1186 2399 1286 2433 nuper
1307 2389 1596 2435 Constantinopoli
1620 2393 1654 2427 in
1690 2394 1842 2429 Sanctum
1871 2395 2062 2441 ignatium,

1184 2449 1281 2481 quam
1292 2438 1332 2472 de
1342 2441 1549 2483 generalibus
1571 2442 1696 2477 videtur
1709 2445 1799 2489 loqui
1812 2469 1819 2476 .

1234 2488 1272 2521 ln
1285 2488 1514 2535 Metropolitas
1536 2491 1745 2528 patriarchali
1768 2496 1953 2530 evocationi
1967 2495 2066 2533 rebel-

1186 2537 1231 2571 les
1243 2537 1362 2572 Canon
1375 2540 1482 2574 noster
1492 2540 1624 2577 tandem
1638 2543 1748 2579 statuit
1767 2556 1895 2588 poenam
1908 2569 1918 2586 ‚
1946 2548 2067 2588 praeset-

1185 2588 1246 2621 tim
1269 2587 1301 2620 in
1315 2587 1414 2630 illos,
1441 2591 1497 2635 qui
1519 2592 1668 2633 latitare,
1695 2594 1887 2629 Patriarchae
1909 2605 2063 2630 evocato-

1186 2639 1247 2671 rias
1256 2635 1378 2672 litteras
1389 2640 1582 2684 supprimere
1591 2667 1602 2683 ,
1628 2653 1683 2677 aut
1696 2644 1853 2678 nuncium
1866 2644 1977 2678 abillo
1990 2645 2064 2679 mis-

1187 2689 1256 2721 sum
1278 2698 1346 2723 non
1369 2693 1565 2734 cognoscere
1589 2695 1744 2727 tentarint
1768 2720 1774 2726 .
1801 2694 1903 2728 Hisce
1923 2705 2062 2738 namque

1186 2736 1309 2772 artibus
1321 2738 1486 2775 adversum
1499 2741 1634 2778 Nicolai
1654 2743 1749 2787 primi
1762 2744 1968 2778 evocationes
1987 2745 2063 2778 usus

1187 2789 1290 2821 fuerat
1317 2788 1516 2826 Hincmarus
1545 2792 1710 2827 Remensis
1738 2818 1749 2833 ,
1785 2790 1924 2837 ideoque
1957 2804 2060 2830 novus

1189 2836 1314 2874 Pharao
1325 2850 1362 2874 ac
1372 2840 1527 2881 secundus
1540 2843 1717 2881 Dioscorus
1728 2842 1903 2890 appellatus
1916 2868 1923 2881 1

1481 3093 1767 3181 3033&

1484 3198 1769 3285 matu

1926 3475 2043 3531 <EA-⁸
