2340 3762
363 159 465 210 240

290 235 351 282 gni
359 233 571 282 dogmaticus
581 243 693 281 tomus
702 238 802 274 etiam
821 235 1001 283 appellatus
1022 231 1068 265 est
1079 230 1178 264 lumen

292 288 327 322 6*
345 289 479 321 columna
501 287 696 323 orthodoxiae
721 314 727 321 .
756 289 861 321 Hunc
896 283 990 316 fuisse
1008 283 1177 323 proprium

292 336 399 372 Sansti
419 335 509 373 Petri
533 338 688 385 Apostoli
710 344 793 377 opus
813 343 855 366 ex
874 331 994 376 insigni
1017 330 1178 377 miraculo

292 387 438 424 ostendit
448 390 485 438 in
495 401 592 445 prato
600 383 759 432 spirituali
769 382 902 427 Sanctus
912 380 1120 442 sophi-onius
1131 407 1138 414 .

480 684 772 728 Aerlo
840 676 991 732 ΙΙΙ,

399 848 482 890 Ctio
490 848 606 891 tertia,
631 846 732 884 tertio
743 845 895 883 calendas
906 846 1065 888 Octobres
1074 848 1157 884 fasta
1169 871 1181 889 ,

295 895 300 899 ⁵
425 901 608 945 Episcopos
629 898 851 936 Iconoelastas
874 923 886 940 ,
911 899 1017 944 prima
1039 899 1184 933 Actione

290 949 450 986 discussos
470 975 482 991 ,
507 949 685 984 intromisit
705 974 718 991 ‚
747 960 810 984 nec
832 944 903 983 non
925 949 959 983 δε
980 949 1183 994 Gregorium

292 1000 640 1042 Neo-caesareensem,
666 998 758 1042 cujus
768 999 918 1034 discuffio
939 999 1068 1043 plenior
1080 999 1183 1034 fuerat

291 1048 314 1084 ἢ
333 1049 475 1097 secunda
500 1050 646 1095 Actione
666 1050 704 1083 in
726 1049 914 1100 praesentem
937 1050 1039 1084 dilata
1061 1075 1068 1082 .
1102 1049 1182 1085 Duo

291 1102 476 1147 gravabant
498 1101 595 1136 illum
622 1098 839 1136 accusationis
862 1100 968 1142 capita
991 1124 997 1130 .
1028 1098 1180 1133 Primum

292 1149 398 1184 edixit
421 1152 568 1195 Ioannes
598 1147 949 1194 Magnificentiffimus
968 1147 1180 1193 Logotheta:

293 1203 456 1244 Gregorius
479 1198 710 1244 chaesareae
740 1196 906 1242 Epistopus
935 1198 1049 1241 coestitit
1080 1199 1182 1233 audior

288 1255 509 1297 praetereuntis
517 1255 621 1291 impiae
631 1250 735 1289 synodi
748 1274 756 1281 .
784 1248 1012 1292 Cayphaieam
1024 1247 1083 1284 sub
1094 1250 1182 1284 Con-

292 1300 442 1336 stantino
453 1299 676 1342 Coptonymo
688 1297 863 1342 synodum
876 1310 944 1332 non
956 1299 1090 1342 quidem
1103 1300 1183 1333 Prae-

293 1350 345 1386 ses
354 1348 537 1394 direxerat,
563 1348 619 1394 sed
641 1349 675 1382 in
689 1348 846 1392 scriptum
864 1348 1038 1394 digesserat
1051 1363 1062 1383 .·
1089 1348 1184 1384 Hinc

294 1401 421 1445 Sabbas
432 1399 584 1435 Studiani
596 1397 784 1433 monasterii
796 1398 1019 1443 Hegumenus
1030 1399 1185 1435 afferebat

296 1452 363 1497 pise
383 1450 536 1484 haereseos
559 1448 752 1492 Principem
772 1471 786 1488 ,
813 1446 953 1492 ideoque
977 1459 1020 1481 ex
1046 1449 1185 1495 antiquo

292 1501 451 1548 {Ecclefiae
460 1500 604 1540 Canone
627 1498 712 1541 inter
731 1496 835 1539 laicos
861 1496 1115 1545 irreparabiliter
1138 1510 1186 1534 re-

294 1550 529 1596 linquendum.
929 1548 933 1550 ’

350 1599 457 1640 Aliud
484 1598 705 1641 accusationis
734 1606 833 1641 caput
866 1598 1026 1642 produxit
1050 1600 1185 1634 sanstus

295 1648 497 1685 Tharafius.
526 1648 760 1691 §ermo‘quidam
770 1653 902 1680 rumoris
924 1647 1060 1690 obstrepit
1073 1673 1084 1690 ‚
1110 1650 1191 1692 quod

299 1707 334 1745 jn
344 1709 473 1741 tempore
495 1697 704 1742 persecutionis
717 1698 843 1741 quidam
856 1695 1068 1740 Epist-oporam
1087 1698 1190 1733 intole-

300 1750 412 1791 rabiles
433 1747 647 1792 persecutiones
664 1753 729 1790 piis
753 1752 832 1780 viris
856 1748 1016 1781 intulerint
1030 1763 1042 1782 .·
1069 1749 1189 1793 ,Quibus

301 1802 405 1836 verbis
417 1799 536 1840 injeli'z's
549 1809 606 1831 non
619 1796 826 1841 usquequaque
832 1794 894 1839 fine
904 1797 1079 1838 probatione
1094 1800 1191 1832 credi-

301 1863 370 1896 mus
385 1876 392 1881 .
420 1847 683 1884 Constantinum
694 1845 906 1880 Caballinum
917 1869 929 1885 ‚
953 1845 1089 1882 Nerone
1099 1872 1109 1888 ,
1121 1849 1191 1883 Do·

295 1902 449 1937 mitiano
459 1925 471 1944 ,
497 1910 554 1940 aut
563 1897 782 1932 Diocletiano
795 1896 830 1930 in
839 1894 1050 1932 orthodoxos
1062 1897 1192 1942 Episco-

301 1963 386 1996 pos,
412 1949 580 1988 Clericos,
605 1960 644 1982 ac
656 1944 843 1983 monachos
853 1947 1020 1981 saeviorem
1033 1946 1190 1992 ‚quidam

297 2000 461 2045 ‘Episcopi
474 2000 690 2041 adjuverant,
715 2005 896 2042 eorumque
917 2006 1003 2030 unus
1022 1995 1192 2037 dicebatur

302 2051 368 2091 effe
382 2049 513 2093 praesens
523 2047 704 2094 Gregorius
717 2045 1014 2081 Neo-Caesareenfis
1023 2073 1031 2085 .,

358 2100 455 2135 Hinc
482 2100 648 2148 quaesitum
669 2122 680 2138 ‚
707 2096 765 2130 An
787 2096 867 2130 tales
888 2097 1046 2142 Episcopi
1067 2096 1191 2133 restitui

301 2152 437 2205 poffent
452 2151 486 2183 in
501 2151 638 2193 gradum
652 2172 664 2188 ,
690 2159 731 2181 an
745 2146 855 2192 potius
877 2147 961 2180 inter
972 2147 1075 2183 laicos
1086 2150 1194 2183 forent

301 2200 499 2248 perpetuum
510 2196 740 2243 relinquendi?
765 2196 815 2230 lta
827 2196 1058 2242 relinquendos
1068 2199 1194 2234 censuit

300 2252 440 2288 sarnus
460 2248 640 2284 ‘tharasius
676 2259 718 2283 ex
740 2247 899 2292 vigesimo
923 2249 1040 2283 ossavo
1067 2249 1193 2295 vulgari

304 2300 506 2347 ‚Apostolico
529 2300 671 2334 Canone
691 2310 698 2330 ε
726 2296 907 2341 Episcopum
927 2322 939 2338 ,
963 2308 1019 2332 aue
1040 2300 1195 2340 Presbyte-

302 2365 396 2394 rum,
421 2361 474 2386 aut
487 2354 649 2385 Diaconum
665 2354 878 2391 percutientem
895 2348 1001 2391 fideles
1024 2350 1194 2393 delinquen-

305 2413 354 2444 tes
374 2427 385 2443 ,
411 2401 609 2444 autinfideles
619 2401 719 2442 inique
732 2406 874 2443 agentes,
899 2400 1001 2441 &per
1025 2399 1194 2444 buiufinodi

307 2455 457 2488 ¹*volentem
478 2458 597 2492 timeri,
624 2452 713 2492 dejici
738 2450 777 2482 ab
803 2450 889 2491 officio
905 2454 1119 2492 praecipimus.
1148 2450 1193 2485 Et

307 2501 426 2547 diserte
449 2502 630 2545 Apostolus
653 2497 787 2535 mandat
812 2500 1015 2543 Episcopum
1038 2512 1108 2535 non
1127 2502 1193 2535 esse

305 2552 527 2599 percussorem
539 2577 549 2582 -
575 2550 637 2584 Per
647 2549 870 2585 Theodorum
881 2550 1103 2592 Catanensem
1120 2551 1193 2594 Epi—

306 2602 401 2647 scopi
427 2601 530 2642 Siculi
567 2599 765 2635 addiderunt
801 2601 1028 2635 sau-{toritatem
1066 2601 1194 2645 Synodi

304 2651 593 2689 Chalcedonensis
603 2664 614 2683 ι
641 2651 764 2694 ..Quarta
775 2652 905 2688 synodus
918 2661 986 2684 mox
997 2660 1030 2683 ut
1042 2650 1171 2695 consedit
1183 2676 1192 2691 ‚

304 2703 344 2742 &n
363 2704 539 2746 primordiis
563 2702 747 2736 exclamavit
769 2724 780 2740 ‚
808 2700 1102 2737 DlOSCORUM
1124 2702 1196 2735 Fo-

307 2754 403 2794 RAS
414 2752 579 2793 MITTE
592 2776 603 2792 ,
614 2749 908 2785 HOMlCIDAM
922 2751 1016 2784 FOR
1025 2751 1078 2785 As
1090 2751 1198 2785 MIT-

306 2804 382 2840 ’ΤΕ
397 2830 406 2843 ,
434 2804 499 2839 ΕΟ
547 2801 660 2838 UOD
681 2800 733 2834 ΙΝ
744 2799 945 2834 SYNODO
958 2800 1195 2836 EPHESlNA

311 2853 535 2890 LATROCl
559 2854 563 2857 ”
577 2851 658 2892 ALl
668 2849 846 2886 MANUS
861 2849 1112 2885 INIECERIT
1120 2850 1194 2886 SU-

307 2903 411 2939 ‘PER
424 2902 567 2939 VIROS
577 2900 914 2936 INNOCENTES.
942 2899 1079 2936 Ethane
1104 2912 1196 2952 regu·

310 2954 383 2989 iam
395 2956 506 2990 omnis
517 2952 673 2998 synodus
685 2951 794 2991 voluit
805 2952 959 2986 servatam
973 2976 979 2983 .

368 3004 472 3047 Porro
495 3004 632 3050 supplex
654 3002 696 3037 ad
723 3000 790 3036 haec
810 3000 990 3047 Gregorius
1012 2999 1197 3047 respondit.

317 3057 392 3088 Non
411 3068 457 3094 me
482 3056 565 3089 homo
585 3051 752 3096 accusabit,
777 3057 850 3095 quia
867 3053 986 3094 percuffi
1010 3054 1062 3085 vel
1078 3052 1198 3087 caecidi.

319 3106 429 3146 Neque
452 3111 483 3138 in
499 3104 655 3139 Divinitus
678 3101 864 3144 custodienda
875 3106 970 3146 Regia
990 3102 1082 3144 urbe,
1107 3113 1199 3145 neque

316 3156 356 3187 §n
365 3165 430 3187 mea
440 3161 553 3198 regione
562 3154 645 3187 homo
657 3164 694 3186 ex
705 3165 751 3187 me
760 3153 900 3187 ultionem
913 3153 1014 3196 paffus
1025 3152 1064 3193 est
1073 3178 1080 3184 .
1106 3152 1200 3186 Hinc

317 3201 517 3237 interlocuta
528 3205 572 3237 est
596 3201 887 3246 sanctasynodus:
915 3205 948 3236 si
964 3200 1046 3244 vistud
1068 3201 1128 3243 est,
1149 3200 1201 3245 su-

319 3250 510 3300 scipiaturin
530 3253 662 3296 locofao.
688 3251 816 3288 Verum
841 3254 982 3296 Ioannes
1003 3250 1200 3286 &Thomas

320 3299 486 3341 'monachi
506 3323 517 3340 ,
540 3301 761 3336 Orientalium
781 3302 1041 3337 patriarcharum
1064 3303 1201 3347 Legati,

315 3349 569 3387 'Constantinus
589 3349 788 3393 Cypriorum
809 3353 1048 3395 Metropolim,
1074 3353 1109 3387 ἀ
1130 3352 1203 3386 Sab·

327 3401 388 3437 bas
407 3398 559 3436 Studiani
579 3397 766 3433 monasterii
787 3400 1074 3436 Archi-Mandrita
1095 3400 1204 3436 denuc>

328 3449 573 3493 intetcefferunt
586 3448 627 3484 de
641 3447 749 3493 primo
766 3445 922 3487 crimine,
946 3450 987 3483 de
1010 3451 1206 3494 Pseudo-Sy.

884 142 1595 199 stsenrsirrro⁴

1244 233 1326 268 nodi
1351 244 1390 268 ac
1408 231 1563 270 haereseos
1582 235 1726 281 ducatu,
1750 238 1793 276 de
1812 243 1951 290 antiquo
1974 247 2126 285 Ecclesia,-

1243 284 1473 319 inistiusmodi
1486 287 1584 321 duces
1597 287 1755 325 Canone.
1782 291 1908 329 Eorum
1931 297 2035 334 zelum
2059 300 2124 335 lau.

1242 333 1330 368 davit
1353 335 1485 370 Sanetus
1508 335 1686 374 Tharasrus
1703 365 1714 382 ‚
1745 340 1874 378 addidit
1895 355 2003 380 autem
2023 352 2125 385 etiam

1243 384 1432 427 Iuvenalem
1454 386 1800 431 Hierosolymitanum
1818 404 1860 427 ex
1881 394 2034 439 Ephefini
2066 398 2127 434 La·

1243 435 1376 469 trocinii
1387 459 1398 476 ,
1407 438 1442 471 ἀ
1454 438 1641 474 Eustarium
1651 440 1860 477 Sebastenam
1872 444 2128 490 Metropolitam

1242 484 1336 520 fuisse
1354 497 1396 520 ex
1416 487 1669 524 Macedoniauae
1694 492 1859 529 Fastionis
1887 493 2096 540 Principibus
2116 521 2129 541 ‚

1243 547 1325 580 quos
1346 547 1454 572 tamen
1469 539 1665 575 Concilium
1687 540 1960 580 Chalcedonense
1985 547 2019 581 δε
2034 546 2130 582 Libe·

1242 587 1310 621 rius
1332 588 1487 624 Pontifex
1511 591 1575 624 suis
1595 591 1751 636 gradibus
1770 595 1937 630 reddidere
1950 622 1958 630 .
1986 597 2131 640 Joannes

1245 637 1434 682 Logorheta
1444 640 1594 683 adjunxit
1606 653 1675 676 non
1693 643 1737 677 ita
1754 645 1938 688 scrupulose
1963 647 2130 692 urgendos

1244 690 1400 733 antiquos
1411 690 1569 726 Cauones
1579 691 1748 728 adversum
1770 693 1949 740 Episcopos
1969 699 2134 741 poeniten-

1245 750 1312 779 tes,
1338 751 1437 784 arque
1450 741 1496 775 ita
1508 741 1668 776 Tharafio
1679 742 1875 780 adclamavit
1895 749 2008 781 omnis
2027 749 2133 790 Syno-

1244 788 1324 824 dus:
1350 794 1462 826 Omnes
1472 791 1604 835 idipsum
1618 793 1745 830 dicimus
1763 820 1772 828 .
1794 794 1889 830 Hinc
1910 796 2019 842 ‘igitur
2043 797 2135 841 Apo-'

1246 840 1364 876 ssolicae
1380 843 1473 877 Sedis
1497 843 1533 876 &
1553 843 1695 879 aliorum
1729 845 1990 882 patriarcharum
2012 847 2137 893 Legati

1245 890 1471 927 definieruntu
1498 896 1659 934 Recipiunt
1675 893 1781 938 sedes.
1819 896 1863 930 Et
1883 897 1994 933 statim
2015 907 2132 932 omnes

1246 943 1419 1026 meinorati
1432 942 1585 988 Episcopi
1598 941 1813 988 adscenderunt
1823 952 1856 980 in
1871 955 2071 996 competentes
2077 947 2134 990 fibi

1245 1001 1293 1025 cat
1315 994 1407 1028 edras
1422 1019 1430 1026 .

1294 1042 1390 1079 Tum
1401 1043 1442 1078 ad
1454 1044 1668 1080 Constantini
1690 1046 1892 1091 Cypriorum
1916 1046 2139 1094 Archi-Epi*

1247 1094 1337 1136 scopi
1363 1095 1561 1131 &universas
1582 1096 1711 1137 Synodi
1723 1095 1842 1138 jussum
1868 1097 2052 1142 Stephanus
2072 1099 2136 1133 Ec·

1247 1140 1348 1177 clesiae
1368 1142 1752 1189 Constantinopolitanae
1772 1146 1947 1183 Diaconus
1973 1148 2007 1182 δε
2028 1148 2135 1182 Noto

1247 1194 1313 1227 rius
1333 1193 1416 1239 legit
1436 1194 1613 1237 synodicas
1634 1196 1744 1231 Sancti
1769 1196 1921 1232 Tharafii
1946 1197 2140 1243 adPolitia-

1251 1253 1330 1278 num
1352 1242 1640 1286 Alexandrinum,
1667 1244 1925 1284 Theodoretum
1950 1245 2136 1283 Antioche·

1252 1305 1331 1328 num
1344 1317 1356 1334 ,
1379 1293 1536 1330 &Ellam
1547 1296 1895 1341 Hierosolymitanum
1915 1295 2139 1334 Patriarcham

1250 1343 1372 1379 litteras
1393 1369 1405 1386 ‚
1430 1356 1613 1390 eorumque
1644 1346 1805 1389 synodica
1827 1349 1994 1393 Responsa
2017 1373 2028 1391 ,
2054 1347 2143 1384 antia

1250 1406 1348 1439 quam
1369 1394 1517 1430 Ecclesia:
1538 1396 1581 1431 de
1603 1396 1701 1431 sacris
1713 1399 1917 1444 imaginibus
1926 1399 2143 1435 traditionem

1251 1445 1425 1488 insigniter
1436 1445 1658 1480 elucidantia.
1687 1447 1790 1493 Legit*
1812 1450 1847 1483 ἀ
1865 1451 1955 1494 aque
1979 1450 2146 1495 insignem

1251 1493 1446 1537 synodicam
1468 1493 1645 1530 Theodori
1665 1495 1966 1541 Hierosolymitani
1991 1499 2034 1534 ad
2057 1498 2143 1533 Cos'-

1252 1553 1340 1579 mam
1361 1543 1629 1582 Alexandrinum
1658 1547 1693 1581 &
1711 1546 1934 1584 Theodorum
1956 1546 2143 1584 Antioche-

1255 1604 1333 1627 num
1345 1619 1355 1635 ,
1382 1595 1439 1638 qui
1452 1605 1515 1629 tres
1528 1597 1649 1638 priores
1659 1597 1866 1634 Patriarchas
1877 1598 2027 1644 proxime
2049 1606 2141 1633 aute-

1254 1645 1432 1684 cesserant,
1458 1655 1496 1678 ac
1520 1645 1555 1677 in
1569 1645 1749 1690 impiorum
1769 1649 2006 1683 Saracenorum
2027 1646 2146 1682 medio

1255 1693 1528 1738 sacrasimagines
1538 1693 1669 1730 fuerant
1678 1695 1806 1731 strenue
1820 1699 1933 1733 tutati.
1963 1698 2077 1732 Etiam
2099 1695 2147 1732 de

1257 1744 1397 1787 ipsorum
1437 1743 1703 1782 Antecefforibus
1739 1746 1852 1782 scribit
1886 1747 2114 1792 Theophanes
2130 1758 2143 1779 r

1248 1795 1279 1837 J
1282 1805 1391 1828 oannes
1412 1792 1614 1837 Damascenus
1635 1807 1702 1830 cum
1725 1801 1860 1831 Orientis
1874 1797 2028 1842 Epist-opis
2052 1797 2139 1832 Leo·

1259 1854 1332 1878 nem
1345 1844 1490 1878 isaurum
1501 1844 1691 1880 anathemati
1708 1844 1864 1889 subdidit.
1891 1849 1967 1883 Hac
1986 1848 2028 1883 de
2045 1848 2143 1882 causis

1258 1894 1328 1935 Leo
1349 1895 1511 1943 Joannetn
1531 1919 1542 1936 ,
1568 1906 1666 1939 quem
1689 1898 1826 1940 propriis
1849 1898 2003 1933 manibus
2027 1896 2152 1933 laedere*

1258 1955 1326 1978 non
1339 1953 1466 1988 peterat
1476 1969 1487 1985 ‚
1515 1956 1570 1989 per
1582 1945 1670 1980 fluas
1681 1946 1847 1990 Epistolas
1857 1948 1902 1983 est
1915 1948 2002 1993 apud
2014 1948 2143 1983 Sarace-

1257 1997 1319 2029 nos
1346 1994 1478 2038 pessime
1497 1995 1717 2032 calumniatus
1739 2021 1747 2030 .
1784 1997 1970 2043 Qlomodd
2004 1998 2143 2033 Cosmas

1259 2045 1359 2079 etiam
1378 2044 1646 2080 Monothelicam
1659 2044 1803 2078 haerefim
1813 2045 1982 2088 abjurans,
2005 2057 2145 2082 omnem

1260 2094 1453 2139 AEgyptum
1472 2091 1606 2126 Christo
1629 2093 1784 2130 Domino
1803 2094 1980 2132 reddiderit
2001 2121 2014 2138 ,
2048 2098 2147 2132 refert

1259 2145 1348 2179 idem
1380 2139 1607 2188 Theophanes
1627 2169 1635 2177 .
1663 2142 1850 2179 Anastasius
1868 2145 2147 2183 Bibliothecarius

1262 2194 1392 2230 testatur
1404 2194 1437 2228 in
1453 2191 1514 2228 hac
1526 2191 1669 2228 Aetione
1679 2195 1801 2229 exstare
1810 2196 1910 2230 etiam
1932 2197 2042 2232 Sansti
2054 2196 2148 2232 Tha·

1260 2244 1330 2280 rasii
1349 2244 1541 2288 synodicam
1562 2243 1603 2277 ad
1627 2242 1814 2279 Adrianum
1837 2245 2059 2283 Pontificem:
2085 2247 2147 2283 Est

1260 2296 1326 2339 ipsa
1336 2295 1378 2330 ad
1392 2293 1578 2332 Orientales
1589 2292 1795 2330 Patriarch'as
1817 2296 1951 2342 scripta.
1981 2298 2073 2333 Nam
2095 2307 2149 2334 ea-

1261 2345 1336 2381 dem
1357 2346 1375 2380 a
1399 2355 1491 2380 novo
1512 2341 1699 2382 Patriarcha
1720 2344 1762 2382 ad
1783 2345 1868 2382 alios
1878 2356 2019 2392 quatuor
2029 2347 2145 2391 pamm

1265 2395 1461 2430 scribebatur
1470 2421 1479 2429 .

1313 2445 1423 2480 Hasce
1456 2444 1631 2489 synodicas
1649 2471 1661 2488 ,
1696 2456 1871 2491 earumque
1902 2445 2064 2483 Austores
2084 2445 2149 2482 Pas

1262 2494 1416 2531 triarchas
1435 2494 1606 2530 laudarunt
1625 2496 1745 2542 Legati
1770 2496 1956 2542 Apostolici
1976 2521 1989 2538 ‚
2011 2498 2046 2532 δε
2067 2507 2149 2532 con-

1262 2547 1434 2580 firmarunt
1461 2545 1527 2580 hoc
1547 2545 1821 2590 epiphonemate.-
1848 2549 1913 2592 ,ραι
1935 2559 1993 2581 non
2013 2550 2060 2582 irc?
2084 2557 2148 2581 con-

1258 2596 1379 2639 fitentur
1392 2621 1403 2637 ,
1431 2595 1600 2630 Anatbema
1615 2595 1676 2638 fine
1696 2598 1717 2629 ἃ
1734 2596 1849 2639 sanHis
1873 2603 2013 2632 trecentis
2039 2596 2147 2632 &080

1231 2648 1234 2652 '
1265 2647 1408 2680 Patribus
1419 2671 1431 2688 ,
1456 2653 1509 2690 qui
1519 2645 1575 2680 buc
1584 2649 1658 2681 ante
1667 2647 1775 2681 collem
1781 2648 1855 2691 fiant
1866 2672 1877 2689 ‚
1903 2648 1938 2682 δε
1952 2648 2071 2682 Arium
2083 2644 2146 2680 sub

1263 2697 1427 2741 Sylvestro
1452 2696 1614 2731 Pontifice
1635 2698 1875 2733 damnaverunt
1892 2724 1901 2731 .
1938 2695 2148 2731 Acclamavit

1264 2747 1412 2781 universa
1425 2747 1602 2790 synodus:
1630 2751 1730 2788 Fiat,
1736 2747 1815 2790 fiat,
1836 2747 1910 2790 fiat.
1941 2747 2018 2782 Ubi
2029 2756 2148 2781 omnes

1266 2797 1419 2841 Episcopi
1429 2808 1483 2831 eas
1495 2807 1533 2831 ut
1542 2795 1753 2832 orthodoxia:
1766 2798 1884 2831 titulos
1896 2797 2028 2840 proptio
2039 2796 2148 2840 fingu-

1266 2848 1356 2881 latim
1369 2847 1522 2891 suffiagio
1534 2845 1722 2880 roborarant
1733 2870 1745 2886 ,
1772 2846 1859 2881 dixit
1873 2846 2007 2880 Sanstus
2018 2843 2146 2880 Thara-

1263 2897 1344 2931 ssus:
1369 2899 1529 2930 eontentio
1538 2902 1674 2939 quievit,
1699 2898 1816 2930 medius
1831 2902 1934 2943 paries
1951 2893 2092 2938 sublatus
2106 2891 2147 2936 est

1264 2952 1449 2987 inimicitia,
1474 2949 1601 2986 Oriens,
1626 2948 1791 2987 occidens,
1818 2948 1990 2991 Septemtrio
2012 2946 2147 2980 &Mers-

1264 2999 1328 3031 dies
1343 2995 1402 3041 sub
1417 2998 1493 3041 jugo
1512 3006 1570 3030 uno
1589 2997 1623 3031 ό·
1642 2994 1832 3039 consonantia
1847 2995 1931 3037 fadi
1948 2994 2072 3038 sumus.
2100 2994 2147 3028 Be

1264 3047 1413 3082 universa
1424 3045 1601 3090 Synodus:
1622 3047 1725 3079 Gloria
1746 3046 1803 3079 tibi
1815 3049 1939 3079 Domine
1954 3068 1965 3085 ,
1986 3050 2040 3088 qui
2058 3042 2146 3084 uniffl

1265 3109 1318 3131 nos
1337 3120 1345 3129 .
1373 3096 1472 3130 Reste
1504 3096 1681 3131 Tharasius
1702 3094 1830 3130 addidit
1852 3096 2145 3141 Septemtrionem:

1266 3146 1391 3183 Aderat
1410 3146 1500 3180 e'nim
1523 3147 1671 3189 Cyrillus
1692 3145 1876 3181 monachus
1896 3171 1908 3188 ‚
1934 3143 2085 3182 vicarius
2105 3152 2147 3182 ae

1267 3199 1410 3243 Legatus
1419 3195 1547 3232 Nicetae
1557 3196 1714 3243 Episcopi
1728 3195 1932 3237 Gothorum²

1945 3495 2108 3537 ACTIQ
2133 3453 2141 3468 ¹
