<?xml version="1.0" encoding="UTF-8"?>
<!DOCTYPE html PUBLIC "-//W3C//DTD XHTML 1.0 Transitional//EN"
    "http://www.w3.org/TR/xhtml1/DTD/xhtml1-transitional.dtd">
<html xmlns="http://www.w3.org/1999/xhtml" xml:lang="en" lang="en">
 <head>
  <title>
</title>
<meta http-equiv="Content-Type" content="text/html;charset=utf-8" />
  <meta name='ocr-system' content='tesseract 3.04.00' />
  <meta name='ocr-capabilities' content='ocr_page ocr_carea ocr_par ocr_line ocrx_word'/>
</head>
<body>
  <div class='ocr_page' id='page_1' title='image "./operaomniastudio03lupuuoft/operaomniastudio03lupuuoft_0217.png"; bbox 0 0 2340 3762; ppageno 0'>
   <div class='ocr_carea' id='block_1_1' title="bbox 615 156 1661 214">
    <p class='ocr_par' dir='ltr' id='par_1_1' title="bbox 615 156 1661 214">
     <span class='ocr_line' id='line_1_1' title="bbox 615 156 1661 214; baseline 0 -11"><span class='ocrx_word' id='word_1_1' title='bbox 615 158 928 214; x_wconf 70' lang='lat' dir='ltr'>Scu01115,</span> <span class='ocrx_word' id='word_1_2' title='bbox 960 173 1023 202; x_wconf 76' lang='lat' dir='ltr'>ET</span> <span class='ocrx_word' id='word_1_3' title='bbox 1057 156 1244 203; x_wconf 78' lang='lat' dir='ltr'>Norts</span> <span class='ocrx_word' id='word_1_4' title='bbox 1289 169 1661 203; x_wconf 69' lang='lat' dir='ltr'>ILLUSTRAH.</span> 
     </span>
    </p>
   </div>
   <div class='ocr_carea' id='block_1_2' title="bbox 226 240 1108 1036">
    <p class='ocr_par' dir='ltr' id='par_1_2' title="bbox 226 240 1108 636">
     <span class='ocr_line' id='line_1_2' title="bbox 231 240 1108 287; baseline -0.001 -9"><span class='ocrx_word' id='word_1_5' title='bbox 231 252 337 278; x_wconf 71' lang='lat' dir='ltr'>conos</span> <span class='ocrx_word' id='word_1_6' title='bbox 346 241 473 278; x_wconf 76' lang='lat' dir='ltr'>nostros</span> <span class='ocrx_word' id='word_1_7' title='bbox 487 240 619 285; x_wconf 69' lang='lat' dir='ltr'>publicas</span> <span class='ocrx_word' id='word_1_8' title='bbox 631 252 744 278; x_wconf 90' lang='lat' dir='ltr'>contra</span> <span class='ocrx_word' id='word_1_9' title='bbox 755 241 985 286; x_wconf 85' lang='lat' dir='ltr'>Apostolicum</span> <span class='ocrx_word' id='word_1_10' title='bbox 1008 244 1108 287; x_wconf 84' lang='lat' dir='ltr'>poeni·</span> 
     </span>
     <span class='ocr_line' id='line_1_3' title="bbox 231 291 1105 336; baseline 0 -8"><span class='ocrx_word' id='word_1_11' title='bbox 231 292 343 328; x_wconf 78' lang='lat' dir='ltr'>tentiae</span> <span class='ocrx_word' id='word_1_12' title='bbox 352 315 364 332; x_wconf 90' lang='lat'><strong>,</strong></span> <span class='ocrx_word' id='word_1_13' title='bbox 389 291 538 336; x_wconf 76' lang='lat' dir='ltr'>adeo-que</span> <span class='ocrx_word' id='word_1_14' title='bbox 550 293 584 327; x_wconf 76' lang='grc' dir='ltr'>δε</span> <span class='ocrx_word' id='word_1_15' title='bbox 598 293 667 327; x_wconf 85' lang='lat' dir='ltr'>raso</span> <span class='ocrx_word' id='word_1_16' title='bbox 684 293 783 336; x_wconf 87' lang='lat' dir='ltr'>capiti</span> <span class='ocrx_word' id='word_1_17' title='bbox 796 291 1003 327; x_wconf 88' lang='lat' dir='ltr'>subdentibus</span> <span class='ocrx_word' id='word_1_18' title='bbox 1016 318 1026 333; x_wconf 90' lang='lat'>‚</span> <span class='ocrx_word' id='word_1_19' title='bbox 1049 294 1105 328; x_wconf 87' lang='lat' dir='ltr'>fre·</span> 
     </span>
     <span class='ocr_line' id='line_1_4' title="bbox 229 342 1104 387; baseline 0.003 -12"><span class='ocrx_word' id='word_1_20' title='bbox 229 352 368 386; x_wconf 81' lang='lat' dir='ltr'>quenter</span> <span class='ocrx_word' id='word_1_21' title='bbox 389 342 584 386; x_wconf 80' lang='lat' dir='ltr'>improperat</span> <span class='ocrx_word' id='word_1_22' title='bbox 606 344 740 378; x_wconf 67' lang='lat' dir='ltr'>Sanetus</span> <span class='ocrx_word' id='word_1_23' title='bbox 762 344 904 386; x_wconf 79' lang='lat' dir='ltr'>Optatus</span> <span class='ocrx_word' id='word_1_24' title='bbox 924 343 1104 387; x_wconf 83' lang='lat' dir='ltr'>Episcopus</span> 
     </span>
     <span class='ocr_line' id='line_1_5' title="bbox 230 391 1108 434; baseline 0.001 -8"><span class='ocrx_word' id='word_1_25' title='bbox 230 391 472 427; x_wconf 85' lang='lat' dir='ltr'>Milevitanus:</span> <span class='ocrx_word' id='word_1_26' title='bbox 499 393 552 427; x_wconf 83' lang='lat' dir='ltr'>Ubi</span> <span class='ocrx_word' id='word_1_27' title='bbox 562 392 703 432; x_wconf 69' lang='lat' dir='ltr'>didicistis</span> <span class='ocrx_word' id='word_1_28' title='bbox 724 395 829 427; x_wconf 77' lang='lat' dir='ltr'>raden-</span> <span class='ocrx_word' id='word_1_29' title='bbox 847 398 948 434; x_wconf 79' lang='lat' dir='ltr'>capita</span> <span class='ocrx_word' id='word_1_30' title='bbox 969 395 1108 427; x_wconf 74' lang='lat' dir='ltr'>sacerdo·</span> 
     </span>
     <span class='ocr_line' id='line_1_6' title="bbox 228 441 1107 487; baseline 0.002 -11"><span class='ocrx_word' id='word_1_31' title='bbox 228 449 294 476; x_wconf 83' lang='lat' dir='ltr'>tum</span> <span class='ocrx_word' id='word_1_32' title='bbox 306 443 324 474; x_wconf 67' lang='grc' dir='ltr'><em>ἔ</em></span> <span class='ocrx_word' id='word_1_33' title='bbox 348 443 552 482; x_wconf 81' lang='lat' dir='ltr'>Scandalosa,</span> <span class='ocrx_word' id='word_1_34' title='bbox 563 441 603 476; x_wconf 82' lang='lat' dir='ltr'>de</span> <span class='ocrx_word' id='word_1_35' title='bbox 615 442 803 487; x_wconf 87' lang='lat' dir='ltr'>gentilismo</span> <span class='ocrx_word' id='word_1_36' title='bbox 816 443 968 486; x_wconf 71' lang='lat' dir='ltr'>fflspesta,</span> <span class='ocrx_word' id='word_1_37' title='bbox 979 445 1107 487; x_wconf 89' lang='lat' dir='ltr'>piorum</span> 
     </span>
     <span class='ocr_line' id='line_1_7' title="bbox 227 491 1105 537; baseline 0.002 -11"><span class='ocrx_word' id='word_1_38' title='bbox 227 491 403 527; x_wconf 83' lang='lat' dir='ltr'>oculorum</span> <span class='ocrx_word' id='word_1_39' title='bbox 427 494 580 528; x_wconf 84' lang='lat' dir='ltr'>offenfiva</span> <span class='ocrx_word' id='word_1_40' title='bbox 604 505 671 527; x_wconf 84' lang='lat' dir='ltr'>erat</span> <span class='ocrx_word' id='word_1_41' title='bbox 695 495 822 528; x_wconf 88' lang='lat' dir='ltr'>rasura:</span> <span class='ocrx_word' id='word_1_42' title='bbox 849 493 993 537; x_wconf 69' lang='lat' dir='ltr'>Ideoque</span> <span class='ocrx_word' id='word_1_43' title='bbox 1015 494 1105 528; x_wconf 89' lang='lat' dir='ltr'>illam</span> 
     </span>
     <span class='ocr_line' id='line_1_8' title="bbox 227 541 1107 585; baseline 0.003 -10"><span class='ocrx_word' id='word_1_44' title='bbox 227 541 458 585; x_wconf 82' lang='lat' dir='ltr'>postmodum,</span> <span class='ocrx_word' id='word_1_45' title='bbox 483 543 685 579; x_wconf 84' lang='lat' dir='ltr'>Gentilismo</span> <span class='ocrx_word' id='word_1_46' title='bbox 697 544 882 585; x_wconf 61' lang='lat' dir='ltr'>exstinsto5</span> <span class='ocrx_word' id='word_1_47' title='bbox 908 543 1049 579; x_wconf 79' lang='lat' dir='ltr'>Ecclesia</span> <span class='ocrx_word' id='word_1_48' title='bbox 1062 555 1107 578; x_wconf 89' lang='lat' dir='ltr'>re·</span> 
     </span>
     <span class='ocr_line' id='line_1_9' title="bbox 226 592 337 636; baseline 0.009 -11"><span class='ocrx_word' id='word_1_49' title='bbox 226 592 316 636; x_wconf 86' lang='lat' dir='ltr'>cepit</span> <span class='ocrx_word' id='word_1_50' title='bbox 329 617 337 626; x_wconf 97' lang='lat'><strong><em>.</em></strong></span> 
     </span>
    </p>

    <p class='ocr_par' dir='ltr' id='par_1_3' title="bbox 226 643 1106 1036">
     <span class='ocr_line' id='line_1_10' title="bbox 279 643 1106 679; baseline 0.001 -2"><span class='ocrx_word' id='word_1_51' title='bbox 279 643 461 678; x_wconf 83' lang='lat' dir='ltr'>Demissam</span> <span class='ocrx_word' id='word_1_52' title='bbox 472 643 531 677; x_wconf 89' lang='lat' dir='ltr'>viri</span> <span class='ocrx_word' id='word_1_53' title='bbox 543 654 674 678; x_wconf 91' lang='lat' dir='ltr'>comam</span> <span class='ocrx_word' id='word_1_54' title='bbox 687 643 768 679; x_wconf 74' lang='grc' dir='ltr'>ιἐἂὲ</span> <span class='ocrx_word' id='word_1_55' title='bbox 789 644 871 679; x_wconf 90' lang='lat' dir='ltr'>dicit</span> <span class='ocrx_word' id='word_1_56' title='bbox 882 644 1014 679; x_wconf 64' lang='lat' dir='ltr'>Sane&#39;tus</span> <span class='ocrx_word' id='word_1_57' title='bbox 1026 645 1106 678; x_wconf 90' lang='lat' dir='ltr'>Hie-</span> 
     </span>
     <span class='ocr_line' id='line_1_11' title="bbox 228 694 1106 738; baseline 0.001 -12"><span class='ocrx_word' id='word_1_58' title='bbox 228 701 388 734; x_wconf 85' lang='lat' dir='ltr'>ronymus</span> <span class='ocrx_word' id='word_1_59' title='bbox 398 694 461 728; x_wconf 82' lang='lat' dir='ltr'>effe</span> <span class='ocrx_word' id='word_1_60' title='bbox 473 695 636 738; x_wconf 82' lang='lat' dir='ltr'>propriam</span> <span class='ocrx_word' id='word_1_61' title='bbox 649 695 787 729; x_wconf 89' lang='lat' dir='ltr'>barbaris</span> <span class='ocrx_word' id='word_1_62' title='bbox 798 720 808 736; x_wconf 90' lang='lat'>‚</span> <span class='ocrx_word' id='word_1_63' title='bbox 819 695 979 729; x_wconf 85' lang='lat' dir='ltr'><strong>militibus</strong></span> <span class='ocrx_word' id='word_1_64' title='bbox 988 719 997 735; x_wconf 91' lang='lat'>‚</span> <span class='ocrx_word' id='word_1_65' title='bbox 1013 695 1106 728; x_wconf 82' lang='lat' dir='ltr'>luxu-</span> 
     </span>
     <span class='ocr_line' id='line_1_12' title="bbox 228 741 1105 790; baseline 0.005 -16"><span class='ocrx_word' id='word_1_66' title='bbox 228 741 317 776; x_wconf 80' lang='lat' dir='ltr'>riosis</span> <span class='ocrx_word' id='word_1_67' title='bbox 336 768 343 775; x_wconf 91' lang='lat'><strong><em>.</em></strong></span> <span class='ocrx_word' id='word_1_68' title='bbox 369 744 504 779; x_wconf 88' lang='lat' dir='ltr'>Etenim</span> <span class='ocrx_word' id='word_1_69' title='bbox 530 746 565 778; x_wconf 87' lang='lat' dir='ltr'>in</span> <span class='ocrx_word' id='word_1_70' title='bbox 585 745 670 778; x_wconf 90' lang='lat' dir='ltr'>libro</span> <span class='ocrx_word' id='word_1_71' title='bbox 692 743 735 779; x_wconf 89' lang='lat' dir='ltr'>de</span> <span class='ocrx_word' id='word_1_72' title='bbox 755 745 902 780; x_wconf 86' lang='lat' dir='ltr'>velandis</span> <span class='ocrx_word' id='word_1_73' title='bbox 924 744 1105 790; x_wconf 88' lang='lat' dir='ltr'>virginibus</span> 
     </span>
     <span class='ocr_line' id='line_1_13' title="bbox 228 790 1106 840; baseline 0.005 -16"><span class='ocrx_word' id='word_1_74' title='bbox 228 790 551 828; x_wconf 84' lang='lat' dir='ltr'>Tertullianusinter</span> <span class='ocrx_word' id='word_1_75' title='bbox 563 796 650 828; x_wconf 88' lang='lat' dir='ltr'>varia</span> <span class='ocrx_word' id='word_1_76' title='bbox 672 794 881 830; x_wconf 89' lang='lat' dir='ltr'>barbarorum</span> <span class='ocrx_word' id='word_1_77' title='bbox 894 796 1032 840; x_wconf 80' lang='lat' dir='ltr'>insignia</span> <span class='ocrx_word' id='word_1_78' title='bbox 1052 794 1106 828; x_wconf 87' lang='lat' dir='ltr'>ad-</span> 
     </span>
     <span class='ocr_line' id='line_1_14' title="bbox 228 842 1101 883; baseline 0 -7"><span class='ocrx_word' id='word_1_79' title='bbox 228 842 322 876; x_wconf 80' lang='lat' dir='ltr'>ducit</span> <span class='ocrx_word' id='word_1_80' title='bbox 332 847 433 877; x_wconf 68' lang='lat' dir='ltr'>Cirr-os</span> <span class='ocrx_word' id='word_1_81' title='bbox 453 846 687 876; x_wconf 80' lang='lat' dir='ltr'>Germanorum.</span> <span class='ocrx_word' id='word_1_82' title='bbox 716 845 784 878; x_wconf 87' lang='lat' dir='ltr'>Eos</span> <span class='ocrx_word' id='word_1_83' title='bbox 805 847 1026 883; x_wconf 83' lang='lat' dir='ltr'>Francorum,</span> <span class='ocrx_word' id='word_1_84' title='bbox 1053 854 1101 876; x_wconf 86' lang='lat' dir='ltr'>ut-</span> 
     </span>
     <span class='ocr_line' id='line_1_15' title="bbox 228 890 1104 936; baseline 0.003 -13"><span class='ocrx_word' id='word_1_85' title='bbox 228 890 306 934; x_wconf 79' lang='lat' dir='ltr'>pote</span> <span class='ocrx_word' id='word_1_86' title='bbox 325 892 584 931; x_wconf 85' lang='lat' dir='ltr'>Germanorum,</span> <span class='ocrx_word' id='word_1_87' title='bbox 609 892 758 936; x_wconf 84' lang='lat' dir='ltr'>Regibus</span> <span class='ocrx_word' id='word_1_88' title='bbox 776 905 944 936; x_wconf 84' lang='lat' dir='ltr'>nunquam</span> <span class='ocrx_word' id='word_1_89' title='bbox 964 893 1104 936; x_wconf 80' lang='lat' dir='ltr'>potuiffe</span> 
     </span>
     <span class='ocr_line' id='line_1_16' title="bbox 227 939 1102 986; baseline 0.001 -12"><span class='ocrx_word' id='word_1_90' title='bbox 227 939 396 975; x_wconf 85' lang='lat' dir='ltr'>detonderi</span> <span class='ocrx_word' id='word_1_91' title='bbox 408 940 573 986; x_wconf 85' lang='lat' dir='ltr'>Agathias</span> <span class='ocrx_word' id='word_1_92' title='bbox 584 943 618 975; x_wconf 89' lang='lat' dir='ltr'>in</span> <span class='ocrx_word' id='word_1_93' title='bbox 630 944 738 985; x_wconf 86' lang='lat' dir='ltr'>operis</span> <span class='ocrx_word' id='word_1_94' title='bbox 748 943 794 976; x_wconf 89' lang='lat' dir='ltr'>sui</span> <span class='ocrx_word' id='word_1_95' title='bbox 807 942 943 977; x_wconf 81' lang='lat' dir='ltr'>exordio</span> <span class='ocrx_word' id='word_1_96' title='bbox 961 943 1102 977; x_wconf 89' lang='lat' dir='ltr'>testatur.</span> 
     </span>
     <span class='ocr_line' id='line_1_17' title="bbox 226 990 1104 1036; baseline 0 -11"><span class='ocrx_word' id='word_1_97' title='bbox 226 991 444 1026; x_wconf 78' lang='lat' dir='ltr'>Eorumitem</span> <span class='ocrx_word' id='word_1_98' title='bbox 457 990 616 1026; x_wconf 84' lang='lat' dir='ltr'>militibus</span> <span class='ocrx_word' id='word_1_99' title='bbox 627 1004 694 1026; x_wconf 86' lang='lat' dir='ltr'>non</span> <span class='ocrx_word' id='word_1_100' title='bbox 709 1002 873 1036; x_wconf 80' lang='lat' dir='ltr'>poterant:</span> <span class='ocrx_word' id='word_1_101' title='bbox 902 993 995 1027; x_wconf 81' lang='lat' dir='ltr'>Hinc</span> <span class='ocrx_word' id='word_1_102' title='bbox 1014 993 1104 1027; x_wconf 89' lang='lat' dir='ltr'>enim</span> 
     </span>
    </p>
   </div>
   <div class='ocr_carea' id='block_1_3' title="bbox 57 773 194 843">
    <p class='ocr_par' dir='ltr' id='par_1_4' title="bbox 57 773 194 843">
     <span class='ocr_line' id='line_1_18' title="bbox 58 773 194 809; baseline 0 -7"><span class='ocrx_word' id='word_1_103' title='bbox 58 773 133 809; x_wconf 68' lang='lat' dir='ltr'>Cap.</span> <span class='ocrx_word' id='word_1_104' title='bbox 150 781 194 802; x_wconf 76' lang='grc' dir='ltr'>ιο.</span> 
     </span>
     <span class='ocr_line' id='line_1_19' title="bbox 57 813 138 843; baseline -0.012 0"><span class='ocrx_word' id='word_1_105' title='bbox 57 813 90 843; x_wconf 86' lang='lat'>1..</span> <span class='ocrx_word' id='word_1_106' title='bbox 112 821 138 842; x_wconf 82' lang='grc' dir='ltr'>ι.</span> 
     </span>
    </p>
   </div>
   <div class='ocr_carea' id='block_1_4' title="bbox 218 1040 1106 2631">
    <p class='ocr_par' dir='ltr' id='par_1_5' title="bbox 218 1040 1106 2134">
     <span class='ocr_line' id='line_1_20' title="bbox 225 1040 1104 1087; baseline 0.002 -13"><span class='ocrx_word' id='word_1_107' title='bbox 225 1040 267 1075; x_wconf 88' lang='lat' dir='ltr'>de</span> <span class='ocrx_word' id='word_1_108' title='bbox 279 1040 482 1083; x_wconf 82' lang='lat' dir='ltr'>Godefrid0‚</span> <span class='ocrx_word' id='word_1_109' title='bbox 509 1040 731 1087; x_wconf 86' lang='lat' dir='ltr'>Lotharingiae</span> <span class='ocrx_word' id='word_1_110' title='bbox 756 1044 871 1083; x_wconf 90' lang='lat' dir='ltr'>Duce,</span> <span class='ocrx_word' id='word_1_111' title='bbox 897 1044 952 1087; x_wconf 89' lang='lat' dir='ltr'>qui</span> <span class='ocrx_word' id='word_1_112' title='bbox 983 1044 1104 1078; x_wconf 89' lang='lat' dir='ltr'>Henri-</span> 
     </span>
     <span class='ocr_line' id='line_1_21' title="bbox 224 1091 1106 1137; baseline 0.003 -12"><span class='ocrx_word' id='word_1_113' title='bbox 224 1102 267 1124; x_wconf 91' lang='lat' dir='ltr'>co</span> <span class='ocrx_word' id='word_1_114' title='bbox 279 1092 377 1126; x_wconf 91' lang='lat' dir='ltr'>tertio</span> <span class='ocrx_word' id='word_1_115' title='bbox 389 1091 543 1137; x_wconf 88' lang='lat' dir='ltr'>Augusto</span> <span class='ocrx_word' id='word_1_116' title='bbox 565 1092 737 1135; x_wconf 80' lang='lat' dir='ltr'>perduellis</span> <span class='ocrx_word' id='word_1_117' title='bbox 758 1094 924 1128; x_wconf 80' lang='lat' dir='ltr'>civitatem</span> <span class='ocrx_word' id='word_1_118' title='bbox 948 1106 985 1128; x_wconf 86' lang='lat' dir='ltr'>ac</span> <span class='ocrx_word' id='word_1_119' title='bbox 997 1094 1106 1128; x_wconf 88' lang='lat' dir='ltr'>Eccle-</span> 
     </span>
     <span class='ocr_line' id='line_1_22' title="bbox 223 1141 1104 1183; baseline 0.002 -8"><span class='ocrx_word' id='word_1_120' title='bbox 223 1141 305 1175; x_wconf 81' lang='lat' dir='ltr'>fiam</span> <span class='ocrx_word' id='word_1_121' title='bbox 317 1141 559 1176; x_wconf 87' lang='lat' dir='ltr'>Virdunensem</span> <span class='ocrx_word' id='word_1_122' title='bbox 581 1144 738 1177; x_wconf 76' lang='lat' dir='ltr'>exusserat</span> <span class='ocrx_word' id='word_1_123' title='bbox 753 1168 763 1183; x_wconf 85' lang='lat'>‚</span> <span class='ocrx_word' id='word_1_124' title='bbox 791 1143 898 1178; x_wconf 85' lang='lat' dir='ltr'>scribit</span> <span class='ocrx_word' id='word_1_125' title='bbox 910 1144 1104 1179; x_wconf 87' lang='lat' dir='ltr'>Lamberrus</span> 
     </span>
     <span class='ocr_line' id='line_1_23' title="bbox 223 1191 1100 1237; baseline 0.001 -10"><span class='ocrx_word' id='word_1_126' title='bbox 223 1191 546 1237; x_wconf 80' lang='lat' dir='ltr'>Schafnaburgcnfis:</span> <span class='ocrx_word' id='word_1_127' title='bbox 574 1193 664 1226; x_wconf 69' lang='lat' dir='ltr'>Fat‘li</span> <span class='ocrx_word' id='word_1_128' title='bbox 674 1205 740 1227; x_wconf 89' lang='lat' dir='ltr'>eum</span> <span class='ocrx_word' id='word_1_129' title='bbox 749 1199 781 1226; x_wconf 88' lang='lat' dir='ltr'>in</span> <span class='ocrx_word' id='word_1_130' title='bbox 795 1196 912 1227; x_wconf 74' lang='lat' dir='ltr'>rantum</span> <span class='ocrx_word' id='word_1_131' title='bbox 933 1201 1075 1236; x_wconf 80' lang='lat' dir='ltr'>poenituit</span> <span class='ocrx_word' id='word_1_132' title='bbox 1089 1219 1100 1235; x_wconf 93' lang='lat'>‚</span> 
     </span>
     <span class='ocr_line' id='line_1_24' title="bbox 223 1241 1102 1288; baseline 0.006 -15"><span class='ocrx_word' id='word_1_133' title='bbox 223 1251 258 1273; x_wconf 85' lang='lat' dir='ltr'>ut</span> <span class='ocrx_word' id='word_1_134' title='bbox 271 1242 426 1286; x_wconf 67' lang='lat' dir='ltr'>publicese</span> <span class='ocrx_word' id='word_1_135' title='bbox 436 1243 586 1277; x_wconf 77' lang='lat' dir='ltr'>verberari</span> <span class='ocrx_word' id='word_1_136' title='bbox 601 1241 738 1284; x_wconf 82' lang='lat' dir='ltr'>faceret,</span> <span class='ocrx_word' id='word_1_137' title='bbox 765 1245 930 1287; x_wconf 75' lang='lat' dir='ltr'>&amp;capillos</span> <span class='ocrx_word' id='word_1_138' title='bbox 945 1244 1016 1288; x_wconf 73' lang='lat' dir='ltr'>suot</span> <span class='ocrx_word' id='word_1_139' title='bbox 1028 1271 1039 1286; x_wconf 91' lang='lat'>‚</span> <span class='ocrx_word' id='word_1_140' title='bbox 1066 1257 1102 1278; x_wconf 85' lang='lat' dir='ltr'>ne</span> 
     </span>
     <span class='ocr_line' id='line_1_25' title="bbox 223 1293 1101 1338; baseline 0.003 -13"><span class='ocrx_word' id='word_1_141' title='bbox 223 1293 415 1325; x_wconf 74' lang='lat' dir='ltr'>tonderentur</span> <span class='ocrx_word' id='word_1_142' title='bbox 437 1317 448 1334; x_wconf 91' lang='lat'>‚</span> <span class='ocrx_word' id='word_1_143' title='bbox 474 1304 584 1336; x_wconf 85' lang='lat' dir='ltr'>magna</span> <span class='ocrx_word' id='word_1_144' title='bbox 602 1300 728 1334; x_wconf 84' lang='lat' dir='ltr'>pecunia</span> <span class='ocrx_word' id='word_1_145' title='bbox 748 1296 905 1328; x_wconf 82' lang='lat' dir='ltr'>redimeret</span> <span class='ocrx_word' id='word_1_146' title='bbox 930 1320 940 1335; x_wconf 91' lang='lat'>‚</span> <span class='ocrx_word' id='word_1_147' title='bbox 962 1294 1101 1338; x_wconf 86' lang='lat' dir='ltr'>sumptus</span> 
     </span>
     <span class='ocr_line' id='line_1_26' title="bbox 223 1341 1102 1387; baseline 0.008 -15"><span class='ocrx_word' id='word_1_148' title='bbox 223 1342 522 1384; x_wconf 80' lang='lat' dir='ltr'>adreaedificandam</span> <span class='ocrx_word' id='word_1_149' title='bbox 534 1341 688 1383; x_wconf 72' lang='lat' dir='ltr'>Ecclesiam</span> <span class='ocrx_word' id='word_1_150' title='bbox 708 1346 796 1377; x_wconf 87' lang='lat' dir='ltr'>daret</span> <span class='ocrx_word' id='word_1_151' title='bbox 810 1369 820 1383; x_wconf 90' lang='lat'>,</span> <span class='ocrx_word' id='word_1_152' title='bbox 848 1347 923 1379; x_wconf 72' lang='lat' dir='ltr'>&amp;in</span> <span class='ocrx_word' id='word_1_153' title='bbox 946 1354 1029 1387; x_wconf 84' lang='lat' dir='ltr'>opere</span> <span class='ocrx_word' id='word_1_154' title='bbox 1049 1357 1102 1378; x_wconf 89' lang='lat' dir='ltr'>cae-</span> 
     </span>
     <span class='ocr_line' id='line_1_27' title="bbox 223 1391 1103 1435; baseline 0.005 -13"><span class='ocrx_word' id='word_1_155' title='bbox 223 1399 367 1424; x_wconf 80' lang='lat' dir='ltr'>mentario</span> <span class='ocrx_word' id='word_1_156' title='bbox 372 1401 428 1433; x_wconf 83' lang='lat' dir='ltr'>per</span> <span class='ocrx_word' id='word_1_157' title='bbox 435 1391 564 1435; x_wconf 70' lang='lat' dir='ltr'>seipfiim</span> <span class='ocrx_word' id='word_1_158' title='bbox 573 1396 763 1435; x_wconf 81' lang='lat' dir='ltr'>plerumque,</span> <span class='ocrx_word' id='word_1_159' title='bbox 790 1395 862 1426; x_wconf 85' lang='lat' dir='ltr'>vilis</span> <span class='ocrx_word' id='word_1_160' title='bbox 885 1400 1028 1435; x_wconf 83' lang='lat' dir='ltr'>mancipii</span> <span class='ocrx_word' id='word_1_161' title='bbox 1049 1401 1103 1426; x_wconf 90' lang='lat' dir='ltr'>mi-</span> 
     </span>
     <span class='ocr_line' id='line_1_28' title="bbox 222 1437 1102 1483; baseline 0.005 -11"><span class='ocrx_word' id='word_1_162' title='bbox 222 1440 338 1480; x_wconf 73' lang='lat' dir='ltr'>nisterio</span> <span class='ocrx_word' id='word_1_163' title='bbox 346 1441 476 1482; x_wconf 73' lang='lat' dir='ltr'>func&#39;lus</span> <span class='ocrx_word' id='word_1_164' title='bbox 487 1464 498 1480; x_wconf 91' lang='lat'><em>,</em></span> <span class='ocrx_word' id='word_1_165' title='bbox 524 1437 703 1483; x_wconf 56' lang='lat' dir='ltr'>deserviret.</span> <span class='ocrx_word' id='word_1_166' title='bbox 730 1441 861 1483; x_wconf 75' lang='lat' dir='ltr'>Nempe</span> <span class='ocrx_word' id='word_1_167' title='bbox 881 1443 1011 1476; x_wconf 86' lang='lat' dir='ltr'>tonsura</span> <span class='ocrx_word' id='word_1_168' title='bbox 1033 1444 1102 1476; x_wconf 90' lang='lat' dir='ltr'>red-</span> 
     </span>
     <span class='ocr_line' id='line_1_29' title="bbox 221 1489 1101 1535; baseline 0.002 -12"><span class='ocrx_word' id='word_1_169' title='bbox 221 1489 321 1524; x_wconf 86' lang='lat' dir='ltr'>debat</span> <span class='ocrx_word' id='word_1_170' title='bbox 345 1490 481 1535; x_wconf 86' lang='lat' dir='ltr'>Regni,</span> <span class='ocrx_word' id='word_1_171' title='bbox 509 1491 680 1531; x_wconf 77' lang='lat' dir='ltr'>Ducams,</span> <span class='ocrx_word' id='word_1_172' title='bbox 705 1491 832 1525; x_wconf 85' lang='lat' dir='ltr'>militiae</span> <span class='ocrx_word' id='word_1_173' title='bbox 858 1492 1101 1534; x_wconf 84' lang='lat' dir='ltr'>irreparabiliter</span> 
     </span>
     <span class='ocr_line' id='line_1_30' title="bbox 221 1540 1102 1584; baseline 0.003 -11"><span class='ocrx_word' id='word_1_174' title='bbox 221 1540 409 1583; x_wconf 78' lang='lat' dir='ltr'>incapacem</span> <span class='ocrx_word' id='word_1_175' title='bbox 421 1566 428 1573; x_wconf 96' lang='lat'>.</span> <span class='ocrx_word' id='word_1_176' title='bbox 455 1540 504 1574; x_wconf 77' lang='lat' dir='ltr'>lta</span> <span class='ocrx_word' id='word_1_177' title='bbox 528 1540 562 1574; x_wconf 71' lang='grc' dir='ltr'>δε</span> <span class='ocrx_word' id='word_1_178' title='bbox 576 1541 702 1584; x_wconf 76' lang='lat' dir='ltr'>Regem</span> <span class='ocrx_word' id='word_1_179' title='bbox 731 1542 824 1575; x_wconf 89' lang='lat' dir='ltr'>suum</span> <span class='ocrx_word' id='word_1_180' title='bbox 836 1541 1045 1576; x_wconf 85' lang='lat' dir='ltr'>Hildericum</span> <span class='ocrx_word' id='word_1_181' title='bbox 1059 1543 1102 1576; x_wconf 90' lang='lat' dir='ltr'>ei-</span> 
     </span>
     <span class='ocr_line' id='line_1_31' title="bbox 222 1588 1100 1634; baseline 0.003 -11"><span class='ocrx_word' id='word_1_182' title='bbox 222 1588 300 1623; x_wconf 84' lang='lat' dir='ltr'>dem</span> <span class='ocrx_word' id='word_1_183' title='bbox 311 1591 449 1630; x_wconf 87' lang='lat' dir='ltr'>Franci,</span> <span class='ocrx_word' id='word_1_184' title='bbox 475 1591 934 1634; x_wconf 82' lang='lat' dir='ltr'>volentesregnodetrusum,</span> <span class='ocrx_word' id='word_1_185' title='bbox 962 1592 1100 1626; x_wconf 85' lang='lat' dir='ltr'>tradide-</span> 
     </span>
     <span class='ocr_line' id='line_1_32' title="bbox 222 1638 1102 1684; baseline 0.003 -12"><span class='ocrx_word' id='word_1_186' title='bbox 222 1650 257 1672; x_wconf 90' lang='lat' dir='ltr'>re</span> <span class='ocrx_word' id='word_1_187' title='bbox 269 1638 439 1683; x_wconf 88' lang='lat' dir='ltr'>Episcopis</span> <span class='ocrx_word' id='word_1_188' title='bbox 461 1640 664 1674; x_wconf 85' lang='lat' dir='ltr'>tondendum</span> <span class='ocrx_word' id='word_1_189' title='bbox 679 1665 688 1679; x_wconf 95' lang='lat'>,</span> <span class='ocrx_word' id='word_1_190' title='bbox 712 1641 746 1674; x_wconf 89' lang='lat'>&amp;</span> <span class='ocrx_word' id='word_1_191' title='bbox 770 1640 946 1684; x_wconf 88' lang='lat' dir='ltr'>Pippinum</span> <span class='ocrx_word' id='word_1_192' title='bbox 970 1643 1102 1675; x_wconf 87' lang='lat' dir='ltr'>intruse-</span> 
     </span>
     <span class='ocr_line' id='line_1_33' title="bbox 223 1689 1100 1735; baseline 0.003 -13"><span class='ocrx_word' id='word_1_193' title='bbox 223 1699 318 1723; x_wconf 86' lang='lat' dir='ltr'>runt.</span> <span class='ocrx_word' id='word_1_194' title='bbox 347 1689 471 1723; x_wconf 86' lang='lat' dir='ltr'>Eadem</span> <span class='ocrx_word' id='word_1_195' title='bbox 482 1689 586 1724; x_wconf 88' lang='lat' dir='ltr'>forma</span> <span class='ocrx_word' id='word_1_196' title='bbox 599 1689 705 1735; x_wconf 85' lang='lat' dir='ltr'>viguit</span> <span class='ocrx_word' id='word_1_197' title='bbox 720 1714 730 1730; x_wconf 91' lang='lat'>‚</span> <span class='ocrx_word' id='word_1_198' title='bbox 756 1691 881 1734; x_wconf 86' lang='lat' dir='ltr'>fuitque</span> <span class='ocrx_word' id='word_1_199' title='bbox 893 1693 1100 1734; x_wconf 63' lang='lat' dir='ltr'>frequeatiffi-</span> 
     </span>
     <span class='ocr_line' id='line_1_34' title="bbox 222 1738 1099 1784; baseline 0.005 -13"><span class='ocrx_word' id='word_1_200' title='bbox 222 1749 277 1771; x_wconf 90' lang='lat' dir='ltr'>ma</span> <span class='ocrx_word' id='word_1_201' title='bbox 288 1738 372 1781; x_wconf 66' lang='lat' dir='ltr'>aPud</span> <span class='ocrx_word' id='word_1_202' title='bbox 383 1740 573 1781; x_wconf 88' lang='lat' dir='ltr'>posteriores</span> <span class='ocrx_word' id='word_1_203' title='bbox 584 1739 770 1774; x_wconf 88' lang='lat' dir='ltr'>Graecorum</span> <span class='ocrx_word' id='word_1_204' title='bbox 780 1739 958 1784; x_wconf 77' lang='lat' dir='ltr'>Augustos.</span> <span class='ocrx_word' id='word_1_205' title='bbox 990 1742 1099 1776; x_wconf 84' lang='lat' dir='ltr'>Etiam</span> 
     </span>
     <span class='ocr_line' id='line_1_35' title="bbox 219 1788 1100 1835; baseline 0.005 -14"><span class='ocrx_word' id='word_1_206' title='bbox 219 1788 307 1831; x_wconf 81' lang='lat' dir='ltr'>apud</span> <span class='ocrx_word' id='word_1_207' title='bbox 318 1789 472 1832; x_wconf 85' lang='lat' dir='ltr'>antiquos</span> <span class='ocrx_word' id='word_1_208' title='bbox 483 1788 653 1824; x_wconf 89' lang='lat' dir='ltr'>Romanos</span> <span class='ocrx_word' id='word_1_209' title='bbox 664 1803 674 1822; x_wconf 84' lang='lat'>.-</span> <span class='ocrx_word' id='word_1_210' title='bbox 701 1789 791 1824; x_wconf 89' lang='lat' dir='ltr'>Nam</span> <span class='ocrx_word' id='word_1_211' title='bbox 803 1790 969 1833; x_wconf 77' lang='lat' dir='ltr'>Iulianum</span> <span class='ocrx_word' id='word_1_212' title='bbox 980 1803 1100 1835; x_wconf 89' lang='lat' dir='ltr'>cogna-</span> 
     </span>
     <span class='ocr_line' id='line_1_36' title="bbox 220 1838 1098 1884; baseline 0.005 -13"><span class='ocrx_word' id='word_1_213' title='bbox 220 1846 293 1871; x_wconf 85' lang='lat' dir='ltr'>tum</span> <span class='ocrx_word' id='word_1_214' title='bbox 312 1849 378 1871; x_wconf 85' lang='lat' dir='ltr'>non</span> <span class='ocrx_word' id='word_1_215' title='bbox 401 1839 468 1873; x_wconf 87' lang='lat' dir='ltr'>alio</span> <span class='ocrx_word' id='word_1_216' title='bbox 491 1839 556 1872; x_wconf 85' lang='lat' dir='ltr'>fine</span> <span class='ocrx_word' id='word_1_217' title='bbox 567 1838 782 1875; x_wconf 82' lang='lat' dir='ltr'>Constantius</span> <span class='ocrx_word' id='word_1_218' title='bbox 794 1840 971 1884; x_wconf 80' lang='lat' dir='ltr'>Imperator</span> <span class='ocrx_word' id='word_1_219' title='bbox 994 1842 1026 1874; x_wconf 93' lang='lat' dir='ltr'>in</span> <span class='ocrx_word' id='word_1_220' title='bbox 1039 1842 1098 1875; x_wconf 87' lang='lat' dir='ltr'>Ec-</span> 
     </span>
     <span class='ocr_line' id='line_1_37' title="bbox 218 1887 1097 1933; baseline 0.003 -11"><span class='ocrx_word' id='word_1_221' title='bbox 218 1887 319 1922; x_wconf 79' lang='lat' dir='ltr'>clefiae</span> <span class='ocrx_word' id='word_1_222' title='bbox 345 1887 605 1923; x_wconf 84' lang='lat' dir='ltr'>Nicomedienfis</span> <span class='ocrx_word' id='word_1_223' title='bbox 634 1889 806 1924; x_wconf 71' lang='lat' dir='ltr'>Lestorem</span> <span class='ocrx_word' id='word_1_224' title='bbox 841 1892 969 1925; x_wconf 90' lang='lat' dir='ltr'>tonderi</span> <span class='ocrx_word' id='word_1_225' title='bbox 991 1891 1097 1933; x_wconf 79' lang='lat' dir='ltr'>justit,</span> 
     </span>
     <span class='ocr_line' id='line_1_38' title="bbox 219 1938 1100 1984; baseline 0.005 -13"><span class='ocrx_word' id='word_1_226' title='bbox 219 1948 322 1981; x_wconf 84' lang='lat' dir='ltr'>quam</span> <span class='ocrx_word' id='word_1_227' title='bbox 344 1948 380 1973; x_wconf 91' lang='lat' dir='ltr'>ut</span> <span class='ocrx_word' id='word_1_228' title='bbox 403 1939 580 1983; x_wconf 84' lang='lat' dir='ltr'>imperandi</span> <span class='ocrx_word' id='word_1_229' title='bbox 603 1938 656 1983; x_wconf 85' lang='lat' dir='ltr'>spe</span> <span class='ocrx_word' id='word_1_230' title='bbox 679 1940 796 1975; x_wconf 85' lang='lat' dir='ltr'>faceret</span> <span class='ocrx_word' id='word_1_231' title='bbox 816 1942 970 1984; x_wconf 72' lang='lat' dir='ltr'>perpetuo</span> <span class='ocrx_word' id='word_1_232' title='bbox 993 1950 1100 1976; x_wconf 84' lang='lat' dir='ltr'>extor-</span> 
     </span>
     <span class='ocr_line' id='line_1_39' title="bbox 218 1987 1099 2033; baseline 0.003 -11"><span class='ocrx_word' id='word_1_233' title='bbox 218 1999 304 2022; x_wconf 87' lang='lat' dir='ltr'>rem.</span> <span class='ocrx_word' id='word_1_234' title='bbox 330 1988 448 2033; x_wconf 88' lang='lat' dir='ltr'>Longa</span> <span class='ocrx_word' id='word_1_235' title='bbox 470 1989 515 2023; x_wconf 85' lang='lat' dir='ltr'>est</span> <span class='ocrx_word' id='word_1_236' title='bbox 538 1987 604 2023; x_wconf 81' lang='lat' dir='ltr'>haec</span> <span class='ocrx_word' id='word_1_237' title='bbox 623 1991 761 2025; x_wconf 78' lang='lat' dir='ltr'>tonsura:</span> <span class='ocrx_word' id='word_1_238' title='bbox 782 1992 915 2026; x_wconf 83' lang='lat' dir='ltr'>materia</span> <span class='ocrx_word' id='word_1_239' title='bbox 938 2005 945 2024; x_wconf 77' lang='grc' dir='ltr'><strong><em>ε</em></strong></span> <span class='ocrx_word' id='word_1_240' title='bbox 975 1991 1099 2026; x_wconf 75' lang='lat' dir='ltr'>Lucide</span> 
     </span>
     <span class='ocr_line' id='line_1_40' title="bbox 219 2037 1095 2083; baseline 0.005 -13"><span class='ocrx_word' id='word_1_241' title='bbox 219 2037 419 2071; x_wconf 84' lang='lat' dir='ltr'>demonstrat</span> <span class='ocrx_word' id='word_1_242' title='bbox 433 2039 539 2082; x_wconf 88' lang='lat' dir='ltr'>Reges</span> <span class='ocrx_word' id='word_1_243' title='bbox 552 2038 792 2082; x_wconf 75' lang='lat' dir='ltr'>fidelessemper</span> <span class='ocrx_word' id='word_1_244' title='bbox 815 2042 950 2082; x_wconf 74' lang='lat' dir='ltr'>potuisse</span> <span class='ocrx_word' id='word_1_245' title='bbox 975 2041 1095 2083; x_wconf 86' lang='lat' dir='ltr'>deponi</span> 
     </span>
     <span class='ocr_line' id='line_1_41' title="bbox 219 2086 1094 2134; baseline 0.006 -14"><span class='ocrx_word' id='word_1_246' title='bbox 219 2087 486 2131; x_wconf 84' lang='lat' dir='ltr'>perEccleliam,</span> <span class='ocrx_word' id='word_1_247' title='bbox 512 2087 1021 2134; x_wconf 83' lang='lat' dir='ltr'>&amp;constituiregnoincapaces.</span> <span class='ocrx_word' id='word_1_248' title='bbox 1090 2086 1094 2089; x_wconf 43' lang='lat'><strong>⁴</strong></span> 
     </span>
    </p>

    <p class='ocr_par' dir='ltr' id='par_1_6' title="bbox 218 2135 1098 2631">
     <span class='ocr_line' id='line_1_42' title="bbox 271 2135 1097 2175; baseline 0.007 -6"><span class='ocrx_word' id='word_1_249' title='bbox 271 2135 458 2171; x_wconf 79' lang='lat' dir='ltr'>Permiffam</span> <span class='ocrx_word' id='word_1_250' title='bbox 478 2148 608 2171; x_wconf 85' lang='lat' dir='ltr'>comam</span> <span class='ocrx_word' id='word_1_251' title='bbox 628 2138 729 2171; x_wconf 83' lang='lat' dir='ltr'>etiam</span> <span class='ocrx_word' id='word_1_252' title='bbox 755 2139 796 2172; x_wconf 90' lang='lat' dir='ltr'>de</span> <span class='ocrx_word' id='word_1_253' title='bbox 815 2140 946 2175; x_wconf 88' lang='lat' dir='ltr'>luxuria</span> <span class='ocrx_word' id='word_1_254' title='bbox 982 2151 1097 2175; x_wconf 86' lang='lat' dir='ltr'>norant</span> 
     </span>
     <span class='ocr_line' id='line_1_43' title="bbox 218 2186 1097 2232; baseline 0.006 -12"><span class='ocrx_word' id='word_1_255' title='bbox 218 2186 332 2221; x_wconf 87' lang='lat' dir='ltr'>Patres</span> <span class='ocrx_word' id='word_1_256' title='bbox 360 2188 393 2221; x_wconf 89' lang='lat'>&amp;</span> <span class='ocrx_word' id='word_1_257' title='bbox 413 2187 540 2232; x_wconf 89' lang='lat' dir='ltr'>antiqui</span> <span class='ocrx_word' id='word_1_258' title='bbox 571 2188 604 2221; x_wconf 73' lang='grc' dir='ltr'>ὅ(</span> <span class='ocrx_word' id='word_1_259' title='bbox 626 2187 770 2230; x_wconf 84' lang='lat' dir='ltr'>juniores</span> <span class='ocrx_word' id='word_1_260' title='bbox 793 2214 800 2221; x_wconf 94' lang='lat'><strong>.</strong></span> <span class='ocrx_word' id='word_1_261' title='bbox 826 2188 970 2225; x_wconf 89' lang='lat' dir='ltr'>Adduco</span> <span class='ocrx_word' id='word_1_262' title='bbox 993 2202 1097 2224; x_wconf 91' lang='lat' dir='ltr'>unum</span> 
     </span>
     <span class='ocr_line' id='line_1_44' title="bbox 219 2235 1098 2286; baseline 0.006 -18"><span class='ocrx_word' id='word_1_263' title='bbox 219 2235 439 2271; x_wconf 85' lang='lat' dir='ltr'>Guilielmum</span> <span class='ocrx_word' id='word_1_264' title='bbox 458 2236 798 2277; x_wconf 66' lang='lat' dir='ltr'>Malmesberiensem‘,</span> <span class='ocrx_word' id='word_1_265' title='bbox 825 2239 859 2272; x_wconf 92' lang='lat' dir='ltr'>in</span> <span class='ocrx_word' id='word_1_266' title='bbox 874 2241 1002 2286; x_wconf 87' lang='lat' dir='ltr'>Regum</span> <span class='ocrx_word' id='word_1_267' title='bbox 1029 2241 1098 2275; x_wconf 87' lang='lat' dir='ltr'>An-</span> 
     </span>
     <span class='ocr_line' id='line_1_45' title="bbox 218 2286 1097 2332; baseline 0.009 -15"><span class='ocrx_word' id='word_1_268' title='bbox 218 2286 349 2329; x_wconf 86' lang='lat' dir='ltr'>glorum</span> <span class='ocrx_word' id='word_1_269' title='bbox 361 2287 534 2322; x_wconf 87' lang='lat' dir='ltr'>annalibus</span> <span class='ocrx_word' id='word_1_270' title='bbox 554 2299 706 2332; x_wconf 87' lang='lat' dir='ltr'>agentem</span> <span class='ocrx_word' id='word_1_271' title='bbox 725 2289 767 2322; x_wconf 89' lang='lat' dir='ltr'>de</span> <span class='ocrx_word' id='word_1_272' title='bbox 779 2288 963 2325; x_wconf 87' lang='lat' dir='ltr'>Guilielmo</span> <span class='ocrx_word' id='word_1_273' title='bbox 988 2292 1097 2324; x_wconf 86' lang='lat' dir='ltr'>secun-</span> 
     </span>
     <span class='ocr_line' id='line_1_46' title="bbox 218 2333 1095 2384; baseline 0.006 -15"><span class='ocrx_word' id='word_1_274' title='bbox 218 2333 286 2376; x_wconf 82' lang='lat' dir='ltr'>do,</span> <span class='ocrx_word' id='word_1_275' title='bbox 313 2338 369 2380; x_wconf 93' lang='lat' dir='ltr'>qui</span> <span class='ocrx_word' id='word_1_276' title='bbox 391 2348 527 2371; x_wconf 88' lang='lat' dir='ltr'>omnem</span> <span class='ocrx_word' id='word_1_277' title='bbox 549 2337 640 2372; x_wconf 89' lang='lat' dir='ltr'>Cleri</span> <span class='ocrx_word' id='word_1_278' title='bbox 660 2337 822 2381; x_wconf 83' lang='lat' dir='ltr'>&amp;populi</span> <span class='ocrx_word' id='word_1_279' title='bbox 844 2340 1048 2384; x_wconf 88' lang='lat' dir='ltr'>disciplinam</span> <span class='ocrx_word' id='word_1_280' title='bbox 1061 2341 1095 2374; x_wconf 89' lang='lat' dir='ltr'>in</span> 
     </span>
     <span class='ocr_line' id='line_1_47' title="bbox 219 2387 1096 2431; baseline 0.005 -12"><span class='ocrx_word' id='word_1_281' title='bbox 219 2397 325 2429; x_wconf 91' lang='lat' dir='ltr'>regno</span> <span class='ocrx_word' id='word_1_282' title='bbox 347 2388 403 2421; x_wconf 93' lang='lat' dir='ltr'>suo</span> <span class='ocrx_word' id='word_1_283' title='bbox 428 2387 612 2430; x_wconf 69' lang='lat' dir='ltr'>impiissime</span> <span class='ocrx_word' id='word_1_284' title='bbox 634 2388 867 2430; x_wconf 77' lang='lat' dir='ltr'>pessumdedit.</span> <span class='ocrx_word' id='word_1_285' title='bbox 894 2392 974 2424; x_wconf 88' lang='lat' dir='ltr'>Tunc</span> <span class='ocrx_word' id='word_1_286' title='bbox 995 2390 1096 2431; x_wconf 81' lang='lat' dir='ltr'>fluxus</span> 
     </span>
     <span class='ocr_line' id='line_1_48' title="bbox 220 2437 1096 2483; baseline 0.008 -16"><span class='ocrx_word' id='word_1_287' title='bbox 220 2443 367 2477; x_wconf 80' lang='lat' dir='ltr'>crinium,</span> <span class='ocrx_word' id='word_1_288' title='bbox 393 2446 463 2470; x_wconf 89' lang='lat' dir='ltr'>tunc</span> <span class='ocrx_word' id='word_1_289' title='bbox 484 2439 571 2470; x_wconf 81' lang='lat' dir='ltr'>luxus</span> <span class='ocrx_word' id='word_1_290' title='bbox 585 2437 708 2477; x_wconf 83' lang='lat' dir='ltr'>vestium</span> <span class='ocrx_word' id='word_1_291' title='bbox 722 2463 732 2478; x_wconf 96' lang='lat'><strong><em>,</em></strong></span> <span class='ocrx_word' id='word_1_292' title='bbox 759 2449 827 2472; x_wconf 85' lang='lat' dir='ltr'>tunc</span> <span class='ocrx_word' id='word_1_293' title='bbox 847 2439 916 2483; x_wconf 87' lang='lat' dir='ltr'>usus</span> <span class='ocrx_word' id='word_1_294' title='bbox 938 2443 1096 2474; x_wconf 86' lang='lat' dir='ltr'>calceorum</span> 
     </span>
     <span class='ocr_line' id='line_1_49' title="bbox 220 2490 1097 2532; baseline 0.007 -15"><span class='ocrx_word' id='word_1_295' title='bbox 220 2496 286 2518; x_wconf 84' lang='lat' dir='ltr'>cum</span> <span class='ocrx_word' id='word_1_296' title='bbox 296 2493 426 2519; x_wconf 79' lang='lat' dir='ltr'>arcuatis</span> <span class='ocrx_word' id='word_1_297' title='bbox 440 2490 547 2521; x_wconf 78' lang='lat' dir='ltr'>aculeis</span> <span class='ocrx_word' id='word_1_298' title='bbox 569 2493 730 2520; x_wconf 78' lang='lat' dir='ltr'>inventus.</span> <span class='ocrx_word' id='word_1_299' title='bbox 760 2490 883 2522; x_wconf 84' lang='lat' dir='ltr'>Mollitie</span> <span class='ocrx_word' id='word_1_300' title='bbox 893 2497 1018 2532; x_wconf 87' lang='lat' dir='ltr'>corporis</span> <span class='ocrx_word' id='word_1_301' title='bbox 1040 2502 1097 2524; x_wconf 89' lang='lat' dir='ltr'>cer-</span> 
     </span>
     <span class='ocr_line' id='line_1_50' title="bbox 220 2536 1096 2583; baseline 0.008 -16"><span class='ocrx_word' id='word_1_302' title='bbox 220 2544 288 2568; x_wconf 70' lang='lat' dir='ltr'>tare</span> <span class='ocrx_word' id='word_1_303' title='bbox 298 2536 503 2577; x_wconf 82' lang='lat' dir='ltr'>cumfaeminis</span> <span class='ocrx_word' id='word_1_304' title='bbox 518 2561 528 2576; x_wconf 86' lang='lat'>,</span> <span class='ocrx_word' id='word_1_305' title='bbox 548 2538 670 2580; x_wconf 79' lang='lat' dir='ltr'>gressum</span> <span class='ocrx_word' id='word_1_306' title='bbox 675 2537 819 2581; x_wconf 79' lang='lat' dir='ltr'>frangere</span> <span class='ocrx_word' id='word_1_307' title='bbox 832 2564 843 2579; x_wconf 90' lang='lat'>‚</span> <span class='ocrx_word' id='word_1_308' title='bbox 864 2540 944 2582; x_wconf 83' lang='lat' dir='ltr'>gestu</span> <span class='ocrx_word' id='word_1_309' title='bbox 953 2540 1045 2583; x_wconf 88' lang='lat' dir='ltr'>soluto</span> <span class='ocrx_word' id='word_1_310' title='bbox 1063 2543 1096 2575; x_wconf 69' lang='lat' dir='ltr'>o·</span> 
     </span>
     <span class='ocr_line' id='line_1_51' title="bbox 218 2586 1095 2631; baseline 0.005 -12"><span class='ocrx_word' id='word_1_311' title='bbox 218 2586 313 2619; x_wconf 72' lang='lat' dir='ltr'>lature</span> <span class='ocrx_word' id='word_1_312' title='bbox 335 2587 411 2618; x_wconf 87' lang='lat' dir='ltr'>nudo</span> <span class='ocrx_word' id='word_1_313' title='bbox 441 2587 574 2619; x_wconf 80' lang='lat' dir='ltr'>incedere</span> <span class='ocrx_word' id='word_1_314' title='bbox 606 2586 827 2629; x_wconf 82' lang='lat' dir='ltr'>adolescentium</span> <span class='ocrx_word' id='word_1_315' title='bbox 839 2587 985 2631; x_wconf 82' lang='lat' dir='ltr'>specimen</span> <span class='ocrx_word' id='word_1_316' title='bbox 1011 2601 1095 2623; x_wconf 86' lang='lat' dir='ltr'>erat.</span> 
     </span>
    </p>
   </div>
   <div class='ocr_carea' id='block_1_5' title="bbox 54 1156 190 1191">
    <p class='ocr_par' dir='ltr' id='par_1_7' title="bbox 54 1156 190 1191">
     <span class='ocr_line' id='line_1_52' title="bbox 54 1156 190 1191; baseline 0.007 -6"><span class='ocrx_word' id='word_1_317' title='bbox 54 1156 90 1186; x_wconf 79' lang='lat' dir='ltr'>A.</span> <span class='ocrx_word' id='word_1_318' title='bbox 109 1158 190 1191; x_wconf 81' lang='lat'><strong>¹046·</strong></span> 
     </span>
    </p>
   </div>
   <div class='ocr_carea' id='block_1_6' title="bbox 48 2406 205 2448">
    <p class='ocr_par' dir='ltr' id='par_1_8' title="bbox 48 2406 205 2448">
     <span class='ocr_line' id='line_1_53' title="bbox 48 2406 205 2448; baseline -0.019 -6"><span class='ocrx_word' id='word_1_319' title='bbox 48 2406 205 2448; x_wconf 65' lang='lat' dir='ltr'>L4·ss123·</span> 
     </span>
    </p>
   </div>
   <div class='ocr_carea' id='block_1_7' title="bbox 219 2637 1099 2679">
    <p class='ocr_par' dir='ltr' id='par_1_9' title="bbox 219 2637 1099 2679">
     <span class='ocr_line' id='line_1_54' title="bbox 219 2637 1099 2679; baseline 0.006 -11"><span class='ocrx_word' id='word_1_320' title='bbox 219 2638 361 2668; x_wconf 79' lang='lat' dir='ltr'>Enerves</span> <span class='ocrx_word' id='word_1_321' title='bbox 375 2660 385 2675; x_wconf 86' lang='lat'>,</span> <span class='ocrx_word' id='word_1_322' title='bbox 411 2637 531 2669; x_wconf 88' lang='lat' dir='ltr'>emolliti</span> <span class='ocrx_word' id='word_1_323' title='bbox 546 2661 555 2676; x_wconf 94' lang='lat'>‚</span> <span class='ocrx_word' id='word_1_324' title='bbox 582 2638 663 2678; x_wconf 89' lang='lat' dir='ltr'>quod</span> <span class='ocrx_word' id='word_1_325' title='bbox 672 2643 739 2669; x_wconf 82' lang='lat' dir='ltr'>nati</span> <span class='ocrx_word' id='word_1_326' title='bbox 755 2637 884 2678; x_wconf 79' lang='lat' dir='ltr'>fuerant</span> <span class='ocrx_word' id='word_1_327' title='bbox 896 2663 906 2679; x_wconf 91' lang='lat'><strong>,</strong></span> <span class='ocrx_word' id='word_1_328' title='bbox 930 2646 1024 2674; x_wconf 79' lang='lat' dir='ltr'>inviti</span> <span class='ocrx_word' id='word_1_329' title='bbox 1034 2653 1099 2673; x_wconf 90' lang='lat' dir='ltr'>ma·</span> 
     </span>
    </p>
   </div>
   <div class='ocr_carea' id='block_1_8' title="bbox 50 2684 1097 3481">
    <p class='ocr_par' dir='ltr' id='par_1_10' title="bbox 50 2684 1097 3481">
     <span class='ocr_line' id='line_1_55' title="bbox 219 2684 1095 2735; baseline 0.006 -17"><span class='ocrx_word' id='word_1_330' title='bbox 219 2684 331 2718; x_wconf 78' lang='lat' dir='ltr'><em>nebant</em></span> <span class='ocrx_word' id='word_1_331' title='bbox 353 2697 359 2717; x_wconf 92' lang='lat'>:</span> <span class='ocrx_word' id='word_1_332' title='bbox 388 2689 619 2730; x_wconf 77' lang='lat' dir='ltr'>Expugnatores</span> <span class='ocrx_word' id='word_1_333' title='bbox 637 2687 745 2720; x_wconf 72' lang='lat' dir='ltr'>alienae</span> <span class='ocrx_word' id='word_1_334' title='bbox 762 2690 921 2729; x_wconf 80' lang='lat' dir='ltr'>pudicitiae</span> <span class='ocrx_word' id='word_1_335' title='bbox 943 2714 954 2729; x_wconf 96' lang='lat'>,</span> <span class='ocrx_word' id='word_1_336' title='bbox 975 2692 1095 2735; x_wconf 78' lang='lat' dir='ltr'>prodigi</span> 
     </span>
     <span class='ocr_line' id='line_1_56' title="bbox 214 2733 1097 2784; baseline 0.009 -17"><span class='ocrx_word' id='word_1_337' title='bbox 214 2733 280 2777; x_wconf 65' lang='grc' dir='ltr'>[ιιι</span> <span class='ocrx_word' id='word_1_338' title='bbox 291 2760 298 2768; x_wconf 95' lang='grc'><strong>.</strong></span> <span class='ocrx_word' id='word_1_339' title='bbox 327 2736 369 2769; x_wconf 87' lang='lat' dir='ltr'>Et</span> <span class='ocrx_word' id='word_1_340' title='bbox 381 2736 416 2769; x_wconf 88' lang='lat' dir='ltr'>in</span> <span class='ocrx_word' id='word_1_341' title='bbox 430 2735 563 2770; x_wconf 83' lang='lat' dir='ltr'>historia</span> <span class='ocrx_word' id='word_1_342' title='bbox 579 2737 705 2770; x_wconf 88' lang='lat' dir='ltr'>novella</span> <span class='ocrx_word' id='word_1_343' title='bbox 717 2748 816 2781; x_wconf 87' lang='lat' dir='ltr'>agens</span> <span class='ocrx_word' id='word_1_344' title='bbox 827 2738 866 2772; x_wconf 90' lang='lat' dir='ltr'>de</span> <span class='ocrx_word' id='word_1_345' title='bbox 878 2740 1028 2774; x_wconf 89' lang='lat' dir='ltr'>Henrico</span> <span class='ocrx_word' id='word_1_346' title='bbox 1038 2742 1097 2784; x_wconf 83' lang='lat' dir='ltr'>pri-</span> 
     </span>
     <span class='ocr_line' id='line_1_57' title="bbox 219 2785 1095 2830; baseline 0.008 -13"><span class='ocrx_word' id='word_1_347' title='bbox 219 2794 279 2818; x_wconf 87' lang='lat' dir='ltr'>mo</span> <span class='ocrx_word' id='word_1_348' title='bbox 304 2786 398 2830; x_wconf 87' lang='lat' dir='ltr'>Rege</span> <span class='ocrx_word' id='word_1_349' title='bbox 424 2810 434 2826; x_wconf 90' lang='lat'>‚</span> <span class='ocrx_word' id='word_1_350' title='bbox 472 2786 563 2828; x_wconf 89' lang='lat' dir='ltr'>impii</span> <span class='ocrx_word' id='word_1_351' title='bbox 590 2785 679 2820; x_wconf 81' lang='lat' dir='ltr'>istius</span> <span class='ocrx_word' id='word_1_352' title='bbox 711 2789 805 2821; x_wconf 90' lang='lat' dir='ltr'>fratre</span> <span class='ocrx_word' id='word_1_353' title='bbox 839 2789 874 2822; x_wconf 74' lang='grc' dir='ltr'>δε</span> <span class='ocrx_word' id='word_1_354' title='bbox 899 2791 1095 2824; x_wconf 78' lang='lat' dir='ltr'>successore.</span> 
     </span>
     <span class='ocr_line' id='line_1_58' title="bbox 222 2835 1094 2879; baseline 0.011 -15"><span class='ocrx_word' id='word_1_355' title='bbox 222 2835 384 2875; x_wconf 69' lang='lat' dir='ltr'>,Quoddam</span> <span class='ocrx_word' id='word_1_356' title='bbox 395 2837 499 2868; x_wconf 86' lang='lat' dir='ltr'>accidit</span> <span class='ocrx_word' id='word_1_357' title='bbox 520 2843 553 2868; x_wconf 88' lang='lat' dir='ltr'>in</span> <span class='ocrx_word' id='word_1_358' title='bbox 575 2838 701 2879; x_wconf 74' lang='lat' dir='ltr'>Angl1a‚</span> <span class='ocrx_word' id='word_1_359' title='bbox 727 2839 809 2879; x_wconf 90' lang='lat' dir='ltr'>quod</span> <span class='ocrx_word' id='word_1_360' title='bbox 826 2845 933 2872; x_wconf 88' lang='lat' dir='ltr'>mirum</span> <span class='ocrx_word' id='word_1_361' title='bbox 956 2842 1094 2874; x_wconf 85' lang='lat' dir='ltr'>videatur</span> 
     </span>
     <span class='ocr_line' id='line_1_59' title="bbox 222 2885 1096 2931; baseline 0.015 -18"><span class='ocrx_word' id='word_1_362' title='bbox 222 2887 339 2915; x_wconf 80' lang='lat' dir='ltr'>crinitis</span> <span class='ocrx_word' id='word_1_363' title='bbox 352 2885 452 2923; x_wconf 72' lang='lat' dir='ltr'>nostris</span> <span class='ocrx_word' id='word_1_364' title='bbox 466 2911 475 2926; x_wconf 92' lang='lat'>‚</span> <span class='ocrx_word' id='word_1_365' title='bbox 501 2892 553 2928; x_wconf 81' lang='lat' dir='ltr'>qui</span> <span class='ocrx_word' id='word_1_366' title='bbox 563 2886 644 2920; x_wconf 84' lang='lat' dir='ltr'>obliti</span> <span class='ocrx_word' id='word_1_367' title='bbox 667 2889 743 2929; x_wconf 86' lang='lat' dir='ltr'>quid</span> <span class='ocrx_word' id='word_1_368' title='bbox 751 2894 817 2920; x_wconf 78' lang='lat' dir='ltr'>nati</span> <span class='ocrx_word' id='word_1_369' title='bbox 834 2887 904 2931; x_wconf 79' lang='lat' dir='ltr'>sunt</span> <span class='ocrx_word' id='word_1_370' title='bbox 917 2913 928 2930; x_wconf 91' lang='lat'>‚</span> <span class='ocrx_word' id='word_1_371' title='bbox 954 2896 986 2924; x_wconf 86' lang='lat' dir='ltr'>in</span> <span class='ocrx_word' id='word_1_372' title='bbox 996 2893 1096 2925; x_wconf 84' lang='lat' dir='ltr'>mulie-</span> 
     </span>
     <span class='ocr_line' id='line_1_60' title="bbox 222 2930 1093 2983; baseline 0.01 -18"><span class='ocrx_word' id='word_1_373' title='bbox 222 2931 285 2965; x_wconf 73' lang='lat' dir='ltr'>bris</span> <span class='ocrx_word' id='word_1_374' title='bbox 304 2930 395 2975; x_wconf 69' lang='lat' dir='ltr'>sexus</span> <span class='ocrx_word' id='word_1_375' title='bbox 429 2934 562 2968; x_wconf 87' lang='lat' dir='ltr'>habitum</span> <span class='ocrx_word' id='word_1_376' title='bbox 582 2938 750 2978; x_wconf 79' lang='lat' dir='ltr'>capillorum</span> <span class='ocrx_word' id='word_1_377' title='bbox 779 2939 960 2982; x_wconf 79' lang='lat' dir='ltr'>longitudine</span> <span class='ocrx_word' id='word_1_378' title='bbox 983 2939 1093 2983; x_wconf 89' lang='lat' dir='ltr'>seipsos</span> 
     </span>
     <span class='ocr_line' id='line_1_61' title="bbox 50 2976 1094 3030; baseline 0.011 -18"><span class='ocrx_word' id='word_1_379' title='bbox 50 2976 206 3015; x_wconf 55' lang='lat' dir='ltr'>Las-176·</span> <span class='ocrx_word' id='word_1_380' title='bbox 220 2981 456 3023; x_wconf 71' lang='lat' dir='ltr'>transformant.</span> <span class='ocrx_word' id='word_1_381' title='bbox 482 2987 616 3027; x_wconf 74' lang='lat' dir='ltr'>,Quidam</span> <span class='ocrx_word' id='word_1_382' title='bbox 623 2989 851 3028; x_wconf 82' lang='lat' dir='ltr'>provincialium</span> <span class='ocrx_word' id='word_1_383' title='bbox 861 2991 986 3022; x_wconf 82' lang='lat' dir='ltr'>militum</span> <span class='ocrx_word' id='word_1_384' title='bbox 997 3015 1007 3030; x_wconf 94' lang='lat'>,</span> <span class='ocrx_word' id='word_1_385' title='bbox 1033 3003 1094 3024; x_wconf 84' lang='lat' dir='ltr'>ma-</span> 
     </span>
     <span class='ocr_line' id='line_1_62' title="bbox 219 3033 1094 3082; baseline 0.013 -19"><span class='ocrx_word' id='word_1_386' title='bbox 219 3043 281 3075; x_wconf 78' lang='lat' dir='ltr'>gno</span> <span class='ocrx_word' id='word_1_387' title='bbox 307 3037 429 3064; x_wconf 84' lang='lat' dir='ltr'>crinium</span> <span class='ocrx_word' id='word_1_388' title='bbox 449 3034 522 3066; x_wconf 86' lang='lat' dir='ltr'>luxu</span> <span class='ocrx_word' id='word_1_389' title='bbox 536 3033 732 3078; x_wconf 77' lang='lat' dir='ltr'>superbiens,</span> <span class='ocrx_word' id='word_1_390' title='bbox 755 3037 982 3082; x_wconf 77' lang='lat' dir='ltr'>conscientiaque</span> <span class='ocrx_word' id='word_1_391' title='bbox 994 3039 1094 3080; x_wconf 87' lang='lat' dir='ltr'>stimu-</span> 
     </span>
     <span class='ocr_line' id='line_1_63' title="bbox 224 3083 1094 3133; baseline 0.011 -19"><span class='ocrx_word' id='word_1_392' title='bbox 224 3083 308 3115; x_wconf 85' lang='lat' dir='ltr'>lante</span> <span class='ocrx_word' id='word_1_393' title='bbox 324 3090 502 3123; x_wconf 82' lang='lat' dir='ltr'>perterritus</span> <span class='ocrx_word' id='word_1_394' title='bbox 516 3107 527 3122; x_wconf 90' lang='lat'>,</span> <span class='ocrx_word' id='word_1_395' title='bbox 552 3083 635 3127; x_wconf 81' lang='lat' dir='ltr'>visus</span> <span class='ocrx_word' id='word_1_396' title='bbox 653 3086 692 3126; x_wconf 87' lang='lat' dir='ltr'>est</span> <span class='ocrx_word' id='word_1_397' title='bbox 705 3087 761 3128; x_wconf 79' lang='lat' dir='ltr'>fibi</span> <span class='ocrx_word' id='word_1_398' title='bbox 784 3090 885 3122; x_wconf 82' lang='lat' dir='ltr'>videre</span> <span class='ocrx_word' id='word_1_399' title='bbox 906 3095 937 3124; x_wconf 80' lang='lat' dir='ltr'>in</span> <span class='ocrx_word' id='word_1_400' title='bbox 958 3089 1072 3133; x_wconf 88' lang='lat' dir='ltr'>somnis</span> <span class='ocrx_word' id='word_1_401' title='bbox 1084 3116 1094 3132; x_wconf 86' lang='lat'><strong>,</strong></span> 
     </span>
     <span class='ocr_line' id='line_1_64' title="bbox 223 3130 1094 3182; baseline 0.013 -19"><span class='ocrx_word' id='word_1_402' title='bbox 223 3130 309 3174; x_wconf 81' lang='lat' dir='ltr'>quasi</span> <span class='ocrx_word' id='word_1_403' title='bbox 315 3133 423 3174; x_wconf 83' lang='lat' dir='ltr'>aliquis</span> <span class='ocrx_word' id='word_1_404' title='bbox 435 3143 498 3165; x_wconf 82' lang='lat' dir='ltr'>eum</span> <span class='ocrx_word' id='word_1_405' title='bbox 509 3134 678 3174; x_wconf 86' lang='lat' dir='ltr'>capillorum</span> <span class='ocrx_word' id='word_1_406' title='bbox 684 3135 802 3179; x_wconf 87' lang='lat' dir='ltr'>suorum</span> <span class='ocrx_word' id='word_1_407' title='bbox 816 3141 964 3172; x_wconf 69' lang='lat' dir='ltr'>criniculis</span> <span class='ocrx_word' id='word_1_408' title='bbox 971 3138 1094 3182; x_wconf 73' lang='lat' dir='ltr'>sufflica-</span> 
     </span>
     <span class='ocr_line' id='line_1_65' title="bbox 222 3180 1094 3231; baseline 0.009 -16"><span class='ocrx_word' id='word_1_409' title='bbox 222 3190 287 3217; x_wconf 64' lang='grc' dir='ltr'>πῖ.</span> <span class='ocrx_word' id='word_1_410' title='bbox 315 3183 419 3224; x_wconf 76' lang='lat' dir='ltr'>,Quare</span> <span class='ocrx_word' id='word_1_411' title='bbox 435 3180 535 3224; x_wconf 84' lang='lat' dir='ltr'>somno</span> <span class='ocrx_word' id='word_1_412' title='bbox 556 3185 679 3227; x_wconf 71' lang='lat' dir='ltr'>excuffics</span> <span class='ocrx_word' id='word_1_413' title='bbox 702 3210 712 3225; x_wconf 90' lang='lat'><strong>,</strong></span> <span class='ocrx_word' id='word_1_414' title='bbox 736 3189 884 3229; x_wconf 81' lang='lat' dir='ltr'>quidquid</span> <span class='ocrx_word' id='word_1_415' title='bbox 898 3187 1094 3231; x_wconf 73' lang='lat' dir='ltr'>superfluebat</span> 
     </span>
     <span class='ocr_line' id='line_1_66' title="bbox 221 3231 1094 3281; baseline 0.011 -18"><span class='ocrx_word' id='word_1_416' title='bbox 221 3242 371 3265; x_wconf 84' lang='lat' dir='ltr'>comarum</span> <span class='ocrx_word' id='word_1_417' title='bbox 394 3256 405 3272; x_wconf 91' lang='lat'>,</span> <span class='ocrx_word' id='word_1_418' title='bbox 430 3235 486 3265; x_wconf 75' lang='lat' dir='ltr'>cito</span> <span class='ocrx_word' id='word_1_419' title='bbox 511 3231 636 3276; x_wconf 67' lang='lat' dir='ltr'>abscidit</span> <span class='ocrx_word' id='word_1_420' title='bbox 658 3259 666 3267; x_wconf 88' lang='lat'><strong>.</strong></span> <span class='ocrx_word' id='word_1_421' title='bbox 692 3239 830 3269; x_wconf 84' lang='lat' dir='ltr'>Cucurrit</span> <span class='ocrx_word' id='word_1_422' title='bbox 853 3240 1019 3280; x_wconf 82' lang='lat' dir='ltr'>exemplum</span> <span class='ocrx_word' id='word_1_423' title='bbox 1040 3249 1094 3281; x_wconf 80' lang='lat' dir='ltr'>per</span> 
     </span>
     <span class='ocr_line' id='line_1_67' title="bbox 224 3280 1093 3333; baseline 0.01 -20"><span class='ocrx_word' id='word_1_424' title='bbox 224 3284 364 3325; x_wconf 76' lang='lat' dir='ltr'>Angllam</span> <span class='ocrx_word' id='word_1_425' title='bbox 377 3307 386 3322; x_wconf 89' lang='lat'><em>,</em></span> <span class='ocrx_word' id='word_1_426' title='bbox 412 3284 446 3316; x_wconf 60' lang='grc' dir='ltr'>(θ’</span> <span class='ocrx_word' id='word_1_427' title='bbox 460 3280 547 3324; x_wconf 81' lang='lat' dir='ltr'>(ficut</span> <span class='ocrx_word' id='word_1_428' title='bbox 569 3295 666 3316; x_wconf 81' lang='lat' dir='ltr'>recens</span> <span class='ocrx_word' id='word_1_429' title='bbox 683 3293 773 3325; x_wconf 79' lang='lat' dir='ltr'>poena</span> <span class='ocrx_word' id='word_1_430' title='bbox 786 3294 909 3319; x_wconf 84' lang='lat' dir='ltr'>mentem</span> <span class='ocrx_word' id='word_1_431' title='bbox 931 3300 1046 3322; x_wconf 85' lang='lat' dir='ltr'>movere</span> <span class='ocrx_word' id='word_1_432' title='bbox 1050 3290 1093 3333; x_wconf 86' lang='lat' dir='ltr'>so-</span> 
     </span>
     <span class='ocr_line' id='line_1_68' title="bbox 223 3331 1092 3382; baseline 0.012 -20"><span class='ocrx_word' id='word_1_433' title='bbox 223 3331 267 3363; x_wconf 86' lang='lat' dir='ltr'>let</span> <span class='ocrx_word' id='word_1_434' title='bbox 279 3333 289 3371; x_wconf 95' lang='lat'>)</span> <span class='ocrx_word' id='word_1_435' title='bbox 303 3344 400 3366; x_wconf 85' lang='lat' dir='ltr'>omnes</span> <span class='ocrx_word' id='word_1_436' title='bbox 412 3333 488 3374; x_wconf 69' lang='lat' dir='ltr'>pene</span> <span class='ocrx_word' id='word_1_437' title='bbox 500 3333 606 3366; x_wconf 85' lang='lat' dir='ltr'>milites</span> <span class='ocrx_word' id='word_1_438' title='bbox 620 3334 778 3375; x_wconf 80' lang='lat' dir='ltr'>adjustum</span> <span class='ocrx_word' id='word_1_439' title='bbox 790 3337 905 3368; x_wconf 81' lang='lat' dir='ltr'>modum</span> <span class='ocrx_word' id='word_1_440' title='bbox 913 3342 1006 3371; x_wconf 75' lang='lat' dir='ltr'>crines</span> <span class='ocrx_word' id='word_1_441' title='bbox 1025 3337 1092 3382; x_wconf 86' lang='lat' dir='ltr'>suos</span> 
     </span>
     <span class='ocr_line' id='line_1_69' title="bbox 225 3378 1093 3427; baseline 0.014 -16"><span class='ocrx_word' id='word_1_442' title='bbox 225 3378 352 3422; x_wconf 76' lang='lat' dir='ltr'>rescindi</span> <span class='ocrx_word' id='word_1_443' title='bbox 364 3388 570 3424; x_wconf 79' lang='lat' dir='ltr'>aequanimitcr</span> <span class='ocrx_word' id='word_1_444' title='bbox 579 3384 709 3417; x_wconf 87' lang='lat' dir='ltr'>tulerunt</span> <span class='ocrx_word' id='word_1_445' title='bbox 720 3410 726 3416; x_wconf 93' lang='lat'><em>.</em></span> <span class='ocrx_word' id='word_1_446' title='bbox 753 3386 813 3417; x_wconf 78' lang='lat' dir='ltr'>sed</span> <span class='ocrx_word' id='word_1_447' title='bbox 821 3397 877 3418; x_wconf 88' lang='lat' dir='ltr'>non</span> <span class='ocrx_word' id='word_1_448' title='bbox 888 3388 939 3419; x_wconf 88' lang='lat' dir='ltr'>diu</span> <span class='ocrx_word' id='word_1_449' title='bbox 941 3386 1023 3427; x_wconf 82' lang='lat' dir='ltr'>stetit</span> <span class='ocrx_word' id='word_1_450' title='bbox 1032 3388 1093 3423; x_wconf 76' lang='lat' dir='ltr'>haec</span> 
     </span>
     <span class='ocr_line' id='line_1_70' title="bbox 221 3425 1093 3481; baseline 0.011 -20"><span class='ocrx_word' id='word_1_451' title='bbox 221 3425 391 3471; x_wconf 61' lang='lat' dir='ltr'>funditas.</span> <span class='ocrx_word' id='word_1_452' title='bbox 415 3435 475 3466; x_wconf 78' lang='lat' dir='ltr'>Vix</span> <span class='ocrx_word' id='word_1_453' title='bbox 498 3438 576 3467; x_wconf 83' lang='lat' dir='ltr'>enim</span> <span class='ocrx_word' id='word_1_454' title='bbox 594 3445 673 3467; x_wconf 91' lang='lat' dir='ltr'>anno</span> <span class='ocrx_word' id='word_1_455' title='bbox 693 3433 809 3478; x_wconf 73' lang='lat' dir='ltr'>elapso,</span> <span class='ocrx_word' id='word_1_456' title='bbox 834 3436 949 3478; x_wconf 63' lang='lat' dir='ltr'>cunm,</span> <span class='ocrx_word' id='word_1_457' title='bbox 974 3444 1026 3481; x_wconf 88' lang='lat' dir='ltr'>qui</span> <span class='ocrx_word' id='word_1_458' title='bbox 1043 3438 1093 3480; x_wconf 81' lang='lat' dir='ltr'>fibi</span> 
     </span>
    </p>
   </div>
   <div class='ocr_carea' id='block_1_9' title="bbox 1155 175 2214 3435">
    <p class='ocr_par' dir='ltr' id='par_1_11' title="bbox 1166 175 2184 935">
     <span class='ocr_line' id='line_1_71' title="bbox 1884 175 1982 214; baseline -0.01 0"><span class='ocrx_word' id='word_1_459' title='bbox 1884 175 1982 214; x_wconf 69' lang='lat'>1‘99</span> 
     </span>
     <span class='ocr_line' id='line_1_72' title="bbox 1172 241 2047 287; baseline 0.005 -13"><span class='ocrx_word' id='word_1_460' title='bbox 1172 243 1295 275; x_wconf 84' lang='lat' dir='ltr'>curiales</span> <span class='ocrx_word' id='word_1_461' title='bbox 1304 243 1356 286; x_wconf 81' lang='lat' dir='ltr'>effe</span> <span class='ocrx_word' id='word_1_462' title='bbox 1368 241 1549 276; x_wconf 81' lang='lat' dir='ltr'>videbantur</span> <span class='ocrx_word' id='word_1_463' title='bbox 1558 266 1569 282; x_wconf 91' lang='lat'>,</span> <span class='ocrx_word' id='word_1_464' title='bbox 1594 248 1626 276; x_wconf 88' lang='lat' dir='ltr'>in</span> <span class='ocrx_word' id='word_1_465' title='bbox 1631 251 1720 287; x_wconf 87' lang='lat' dir='ltr'>prius</span> <span class='ocrx_word' id='word_1_466' title='bbox 1732 251 1843 280; x_wconf 84' lang='lat' dir='ltr'>vitium</span> <span class='ocrx_word' id='word_1_467' title='bbox 1856 247 2047 286; x_wconf 58' lang='lat' dir='ltr'>reciderunt:</span> 
     </span>
     <span class='ocr_line' id='line_1_73' title="bbox 1171 293 2048 337; baseline 0.002 -12"><span class='ocrx_word' id='word_1_468' title='bbox 1171 296 1371 336; x_wconf 83' lang='lat' dir='ltr'>Longitudine</span> <span class='ocrx_word' id='word_1_469' title='bbox 1391 293 1560 335; x_wconf 81' lang='lat' dir='ltr'>capillorum</span> <span class='ocrx_word' id='word_1_470' title='bbox 1571 305 1634 327; x_wconf 90' lang='lat' dir='ltr'>cum</span> <span class='ocrx_word' id='word_1_471' title='bbox 1648 295 1788 337; x_wconf 80' lang='lat' dir='ltr'>faeminis</span> <span class='ocrx_word' id='word_1_472' title='bbox 1811 298 1986 335; x_wconf 84' lang='lat' dir='ltr'>certabant,</span> <span class='ocrx_word' id='word_1_473' title='bbox 2011 295 2048 327; x_wconf 67' lang='lat'>(5</span> 
     </span>
     <span class='ocr_line' id='line_1_74' title="bbox 1170 342 2045 390; baseline 0.001 -15"><span class='ocrx_word' id='word_1_474' title='bbox 1170 343 1222 375; x_wconf 86' lang='lat' dir='ltr'>ubi</span> <span class='ocrx_word' id='word_1_475' title='bbox 1231 350 1324 376; x_wconf 73' lang='lat' dir='ltr'>crines</span> <span class='ocrx_word' id='word_1_476' title='bbox 1336 342 1475 384; x_wconf 85' lang='lat' dir='ltr'>deficiunt</span> <span class='ocrx_word' id='word_1_477' title='bbox 1484 369 1495 384; x_wconf 91' lang='lat'><em>‚</em></span> <span class='ocrx_word' id='word_1_478' title='bbox 1522 347 1676 378; x_wconf 83' lang='lat' dir='ltr'>involucra</span> <span class='ocrx_word' id='word_1_479' title='bbox 1685 346 1825 390; x_wconf 82' lang='lat' dir='ltr'>quaedam</span> <span class='ocrx_word' id='word_1_480' title='bbox 1836 345 2021 378; x_wconf 83' lang='lat' dir='ltr'>innodabant</span> <span class='ocrx_word' id='word_1_481' title='bbox 2033 367 2045 383; x_wconf 89' lang='lat'><em>,</em></span> 
     </span>
     <span class='ocr_line' id='line_1_75' title="bbox 1170 392 2045 438; baseline 0.006 -14"><span class='ocrx_word' id='word_1_482' title='bbox 1170 392 1255 426; x_wconf 85' lang='lat' dir='ltr'>obliti</span> <span class='ocrx_word' id='word_1_483' title='bbox 1277 394 1326 427; x_wconf 81' lang='lat' dir='ltr'>vel</span> <span class='ocrx_word' id='word_1_484' title='bbox 1330 395 1429 435; x_wconf 74' lang='lat' dir='ltr'>potitis</span> <span class='ocrx_word' id='word_1_485' title='bbox 1448 400 1549 437; x_wconf 81' lang='lat' dir='ltr'>ignari</span> <span class='ocrx_word' id='word_1_486' title='bbox 1565 393 1722 437; x_wconf 61' lang='lat' dir='ltr'>sententiae</span> <span class='ocrx_word' id='word_1_487' title='bbox 1744 395 1909 438; x_wconf 71' lang='lat' dir='ltr'>Apostolicae</span> <span class='ocrx_word' id='word_1_488' title='bbox 1920 409 1933 436; x_wconf 82' lang='grc'>,-</span> <span class='ocrx_word' id='word_1_489' title='bbox 1958 394 2045 429; x_wconf 80' lang='lat' dir='ltr'>VIR</span> 
     </span>
     <span class='ocr_line' id='line_1_76' title="bbox 1169 442 2046 487; baseline 0.001 -11"><span class='ocrx_word' id='word_1_490' title='bbox 1169 443 1207 477; x_wconf 89' lang='lat' dir='ltr'>SI</span> <span class='ocrx_word' id='word_1_491' title='bbox 1233 442 1416 477; x_wconf 86' lang='lat' dir='ltr'>COMAM</span> <span class='ocrx_word' id='word_1_492' title='bbox 1438 443 1750 487; x_wconf 82' lang='lat' dir='ltr'>NUTRIERIT,</span> <span class='ocrx_word' id='word_1_493' title='bbox 1777 442 2046 480; x_wconf 84' lang='lat' dir='ltr'>IGNOMINIA</span> 
     </span>
     <span class='ocr_line' id='line_1_77' title="bbox 1170 492 2049 536; baseline 0 -10"><span class='ocrx_word' id='word_1_494' title='bbox 1170 493 1261 527; x_wconf 88' lang='lat' dir='ltr'>EST</span> <span class='ocrx_word' id='word_1_495' title='bbox 1279 492 1392 527; x_wconf 84' lang='lat' dir='ltr'>ILLl.</span> <span class='ocrx_word' id='word_1_496' title='bbox 1419 492 1453 525; x_wconf 88' lang='lat' dir='ltr'>A</span> <span class='ocrx_word' id='word_1_497' title='bbox 1474 494 1611 534; x_wconf 72' lang='lat' dir='ltr'>saeculo,</span> <span class='ocrx_word' id='word_1_498' title='bbox 1640 500 1699 529; x_wconf 86' lang='lat' dir='ltr'>Dei</span> <span class='ocrx_word' id='word_1_499' title='bbox 1721 496 1847 536; x_wconf 84' lang='lat' dir='ltr'>aemulo,</span> <span class='ocrx_word' id='word_1_500' title='bbox 1874 497 2049 530; x_wconf 83' lang='lat' dir='ltr'>inventum</span> 
     </span>
     <span class='ocr_line' id='line_1_78' title="bbox 1169 542 2184 587; baseline 0.004 -10"><span class='ocrx_word' id='word_1_501' title='bbox 1169 544 1233 577; x_wconf 82' lang='lat' dir='ltr'>effe</span> <span class='ocrx_word' id='word_1_502' title='bbox 1243 554 1368 578; x_wconf 88' lang='lat' dir='ltr'>morem</span> <span class='ocrx_word' id='word_1_503' title='bbox 1380 542 1476 576; x_wconf 87' lang='lat' dir='ltr'>istum</span> <span class='ocrx_word' id='word_1_504' title='bbox 1488 542 1598 577; x_wconf 87' lang='lat' dir='ltr'>scribit</span> <span class='ocrx_word' id='word_1_505' title='bbox 1612 544 1645 576; x_wconf 90' lang='lat' dir='ltr'>in</span> <span class='ocrx_word' id='word_1_506' title='bbox 1658 544 1798 580; x_wconf 69' lang='lat' dir='ltr'>adducto</span> <span class='ocrx_word' id='word_1_507' title='bbox 1819 545 1904 580; x_wconf 89' lang='lat' dir='ltr'>libro</span> <span class='ocrx_word' id='word_1_508' title='bbox 1919 543 2052 581; x_wconf 80' lang='lat' dir='ltr'>Tertul-</span> <span class='ocrx_word' id='word_1_509' title='bbox 2067 547 2138 587; x_wconf 86' lang='lat' dir='ltr'>Cap·</span> <span class='ocrx_word' id='word_1_510' title='bbox 2156 555 2184 581; x_wconf 84' lang='grc'>7-</span> 
     </span>
     <span class='ocr_line' id='line_1_79' title="bbox 1169 592 2051 639; baseline 0.001 -13"><span class='ocrx_word' id='word_1_511' title='bbox 1169 593 1276 627; x_wconf 89' lang='lat' dir='ltr'>lianus</span> <span class='ocrx_word' id='word_1_512' title='bbox 1295 619 1303 625; x_wconf 88' lang='lat'>.</span> <span class='ocrx_word' id='word_1_513' title='bbox 1330 592 1496 628; x_wconf 80' lang='lat' dir='ltr'>Adversus</span> <span class='ocrx_word' id='word_1_514' title='bbox 1521 592 1617 627; x_wconf 90' lang='lat' dir='ltr'>illum</span> <span class='ocrx_word' id='word_1_515' title='bbox 1639 593 1749 629; x_wconf 85' lang='lat' dir='ltr'>statuit</span> <span class='ocrx_word' id='word_1_516' title='bbox 1770 596 1805 628; x_wconf 91' lang='lat' dir='ltr'>in</span> <span class='ocrx_word' id='word_1_517' title='bbox 1827 596 1965 639; x_wconf 88' lang='lat' dir='ltr'>Synodo</span> <span class='ocrx_word' id='word_1_518' title='bbox 1994 595 2051 628; x_wconf 82' lang='lat' dir='ltr'>sua</span> 
     </span>
     <span class='ocr_line' id='line_1_80' title="bbox 1169 643 2050 689; baseline 0 -12"><span class='ocrx_word' id='word_1_519' title='bbox 1169 644 1370 677; x_wconf 89' lang='lat' dir='ltr'>Londinenfi</span> <span class='ocrx_word' id='word_1_520' title='bbox 1393 645 1524 678; x_wconf 67' lang='lat' dir='ltr'>Sanctus</span> <span class='ocrx_word' id='word_1_521' title='bbox 1548 643 1725 677; x_wconf 88' lang='lat' dir='ltr'>Anselmus</span> <span class='ocrx_word' id='word_1_522' title='bbox 1749 643 2050 689; x_wconf 81' lang='lat' dir='ltr'>Archi-Episcopus</span> 
     </span>
     <span class='ocr_line' id='line_1_81' title="bbox 1169 692 2051 737; baseline 0.001 -11"><span class='ocrx_word' id='word_1_523' title='bbox 1169 692 1425 727; x_wconf 87' lang='lat' dir='ltr'>Cantuarienfis:</span> <span class='ocrx_word' id='word_1_524' title='bbox 1452 698 1494 726; x_wconf 89' lang='lat' dir='ltr'>Ut</span> <span class='ocrx_word' id='word_1_525' title='bbox 1501 692 1646 735; x_wconf 78' lang='lat' dir='ltr'>crinitific</span> <span class='ocrx_word' id='word_1_526' title='bbox 1656 695 1836 727; x_wconf 82' lang='lat' dir='ltr'>tondeantur</span> <span class='ocrx_word' id='word_1_527' title='bbox 1852 719 1862 734; x_wconf 91' lang='lat'>‚</span> <span class='ocrx_word' id='word_1_528' title='bbox 1872 704 1905 727; x_wconf 87' lang='lat' dir='ltr'>ut</span> <span class='ocrx_word' id='word_1_529' title='bbox 1912 705 1990 737; x_wconf 79' lang='lat' dir='ltr'>pars</span> <span class='ocrx_word' id='word_1_530' title='bbox 2000 706 2051 727; x_wconf 75' lang='lat' dir='ltr'>au-</span> 
     </span>
     <span class='ocr_line' id='line_1_82' title="bbox 1166 744 2049 788; baseline 0.003 -13"><span class='ocrx_word' id='word_1_531' title='bbox 1166 749 1244 776; x_wconf 88' lang='lat' dir='ltr'>rium</span> <span class='ocrx_word' id='word_1_532' title='bbox 1253 751 1423 785; x_wconf 81' lang='lat' dir='ltr'>appareat,</span> <span class='ocrx_word' id='word_1_533' title='bbox 1450 745 1564 778; x_wconf 74' lang='lat' dir='ltr'>&amp;oculi</span> <span class='ocrx_word' id='word_1_534' title='bbox 1586 756 1644 776; x_wconf 87' lang='lat' dir='ltr'>non</span> <span class='ocrx_word' id='word_1_535' title='bbox 1659 752 1816 788; x_wconf 85' lang='lat' dir='ltr'>tegantur.</span> <span class='ocrx_word' id='word_1_536' title='bbox 1844 744 1990 778; x_wconf 84' lang='lat' dir='ltr'>Utinam</span> <span class='ocrx_word' id='word_1_537' title='bbox 2012 745 2049 778; x_wconf 87' lang='lat'>&amp;</span> 
     </span>
     <span class='ocr_line' id='line_1_83' title="bbox 1167 792 2051 836; baseline 0.002 -12"><span class='ocrx_word' id='word_1_538' title='bbox 1167 794 1353 827; x_wconf 86' lang='lat' dir='ltr'>nostrorum</span> <span class='ocrx_word' id='word_1_539' title='bbox 1372 797 1579 836; x_wconf 84' lang='lat' dir='ltr'>temporum,</span> <span class='ocrx_word' id='word_1_540' title='bbox 1605 794 1728 828; x_wconf 90' lang='lat' dir='ltr'>eisdem</span> <span class='ocrx_word' id='word_1_541' title='bbox 1740 792 1935 828; x_wconf 87' lang='lat' dir='ltr'>faeditatibus</span> <span class='ocrx_word' id='word_1_542' title='bbox 1961 794 2051 827; x_wconf 88' lang='lat' dir='ltr'>labo-</span> 
     </span>
     <span class='ocr_line' id='line_1_84' title="bbox 1166 842 2049 886; baseline 0.002 -11"><span class='ocrx_word' id='word_1_543' title='bbox 1166 842 1308 876; x_wconf 91' lang='lat' dir='ltr'>rantium</span> <span class='ocrx_word' id='word_1_544' title='bbox 1333 866 1344 882; x_wconf 91' lang='lat'><strong>,</strong></span> <span class='ocrx_word' id='word_1_545' title='bbox 1373 842 1543 886; x_wconf 89' lang='lat' dir='ltr'>Episcopis</span> <span class='ocrx_word' id='word_1_546' title='bbox 1560 844 1686 879; x_wconf 87' lang='lat' dir='ltr'>Divina</span> <span class='ocrx_word' id='word_1_547' title='bbox 1707 845 1873 880; x_wconf 86' lang='lat' dir='ltr'>miseratio</span> <span class='ocrx_word' id='word_1_548' title='bbox 1894 842 2049 878; x_wconf 82' lang='lat' dir='ltr'>infundat</span> 
     </span>
     <span class='ocr_line' id='line_1_85' title="bbox 1167 892 1628 935; baseline 0 -9"><span class='ocrx_word' id='word_1_549' title='bbox 1167 892 1322 935; x_wconf 87' lang='lat' dir='ltr'>Spiritum</span> <span class='ocrx_word' id='word_1_550' title='bbox 1333 893 1438 926; x_wconf 63' lang='lat' dir='ltr'>San-{ti</span> <span class='ocrx_word' id='word_1_551' title='bbox 1456 892 1607 928; x_wconf 89' lang='lat' dir='ltr'>Anselmi</span> <span class='ocrx_word' id='word_1_552' title='bbox 1619 918 1628 926; x_wconf 92' lang='lat'><strong><em>.</em></strong></span> 
     </span>
    </p>

    <p class='ocr_par' dir='ltr' id='par_1_12' title="bbox 1160 941 2214 1782">
     <span class='ocr_line' id='line_1_86' title="bbox 1214 941 2051 986; baseline 0.002 -11"><span class='ocrx_word' id='word_1_553' title='bbox 1214 942 1296 976; x_wconf 90' lang='lat' dir='ltr'>Suos</span> <span class='ocrx_word' id='word_1_554' title='bbox 1316 942 1426 986; x_wconf 64' lang='lat' dir='ltr'>itaque</span> <span class='ocrx_word' id='word_1_555' title='bbox 1438 941 1585 977; x_wconf 89' lang='lat' dir='ltr'>Clericos</span> <span class='ocrx_word' id='word_1_556' title='bbox 1598 942 1739 980; x_wconf 86' lang='lat' dir='ltr'>barbaris</span> <span class='ocrx_word' id='word_1_557' title='bbox 1751 971 1761 986; x_wconf 93' lang='lat'>,</span> <span class='ocrx_word' id='word_1_558' title='bbox 1789 945 1948 980; x_wconf 86' lang='lat' dir='ltr'>militibus</span> <span class='ocrx_word' id='word_1_559' title='bbox 1961 970 1973 986; x_wconf 91' lang='lat'>,</span> <span class='ocrx_word' id='word_1_560' title='bbox 2000 943 2051 977; x_wconf 89' lang='lat' dir='ltr'>lu·</span> 
     </span>
     <span class='ocr_line' id='line_1_87' title="bbox 1167 992 2051 1038; baseline 0.005 -14"><span class='ocrx_word' id='word_1_561' title='bbox 1167 992 1343 1026; x_wconf 80' lang='lat' dir='ltr'>xuriofisin</span> <span class='ocrx_word' id='word_1_562' title='bbox 1354 1003 1449 1026; x_wconf 88' lang='lat' dir='ltr'>coma</span> <span class='ocrx_word' id='word_1_563' title='bbox 1470 993 1641 1027; x_wconf 75' lang='lat' dir='ltr'>adsimilari</span> <span class='ocrx_word' id='word_1_564' title='bbox 1655 995 1799 1030; x_wconf 80' lang='lat' dir='ltr'>Ecclesia</span> <span class='ocrx_word' id='word_1_565' title='bbox 1822 996 1939 1030; x_wconf 89' lang='lat' dir='ltr'>nolens</span> <span class='ocrx_word' id='word_1_566' title='bbox 1952 1020 1963 1036; x_wconf 91' lang='lat'>,</span> <span class='ocrx_word' id='word_1_567' title='bbox 1987 994 2051 1038; x_wconf 84' lang='lat' dir='ltr'>jus-</span> 
     </span>
     <span class='ocr_line' id='line_1_88' title="bbox 1165 1042 2052 1080; baseline 0.005 -6"><span class='ocrx_word' id='word_1_568' title='bbox 1165 1042 1276 1076; x_wconf 78' lang='lat' dir='ltr'>sitessc</span> <span class='ocrx_word' id='word_1_569' title='bbox 1296 1044 1462 1078; x_wconf 76' lang='lat' dir='ltr'>attonsos,</span> <span class='ocrx_word' id='word_1_570' title='bbox 1489 1044 1604 1078; x_wconf 81' lang='lat' dir='ltr'>Comae</span> <span class='ocrx_word' id='word_1_571' title='bbox 1613 1046 1812 1080; x_wconf 68' lang='lat' dir='ltr'>affectatores</span> <span class='ocrx_word' id='word_1_572' title='bbox 1832 1045 1953 1080; x_wconf 78' lang='lat' dir='ltr'>merito</span> <span class='ocrx_word' id='word_1_573' title='bbox 1977 1056 2052 1079; x_wconf 81' lang='lat' dir='ltr'>non</span> 
     </span>
     <span class='ocr_line' id='line_1_89' title="bbox 1164 1091 2048 1139; baseline 0.001 -13"><span class='ocrx_word' id='word_1_574' title='bbox 1164 1091 1314 1127; x_wconf 88' lang='lat' dir='ltr'>Clericos</span> <span class='ocrx_word' id='word_1_575' title='bbox 1326 1118 1336 1133; x_wconf 94' lang='lat'><strong>,</strong></span> <span class='ocrx_word' id='word_1_576' title='bbox 1363 1091 1416 1127; x_wconf 76' lang='lat' dir='ltr'>sed</span> <span class='ocrx_word' id='word_1_577' title='bbox 1435 1094 1571 1136; x_wconf 88' lang='lat' dir='ltr'>sponsos</span> <span class='ocrx_word' id='word_1_578' title='bbox 1592 1094 1724 1129; x_wconf 71' lang='lat' dir='ltr'>Sanstus</span> <span class='ocrx_word' id='word_1_579' title='bbox 1739 1096 1970 1139; x_wconf 86' lang='lat' dir='ltr'>Hieronymus</span> <span class='ocrx_word' id='word_1_580' title='bbox 1993 1106 2048 1137; x_wconf 85' lang='lat' dir='ltr'>ap-</span> 
     </span>
     <span class='ocr_line' id='line_1_90' title="bbox 1165 1142 2053 1185; baseline 0.002 -10"><span class='ocrx_word' id='word_1_581' title='bbox 1165 1142 1279 1185; x_wconf 86' lang='lat' dir='ltr'>pellat.</span> <span class='ocrx_word' id='word_1_582' title='bbox 1308 1142 1351 1177; x_wconf 89' lang='lat' dir='ltr'>Et</span> <span class='ocrx_word' id='word_1_583' title='bbox 1364 1142 1442 1178; x_wconf 83' lang='lat' dir='ltr'>hinc</span> <span class='ocrx_word' id='word_1_584' title='bbox 1453 1143 1492 1178; x_wconf 91' lang='lat' dir='ltr'>ad</span> <span class='ocrx_word' id='word_1_585' title='bbox 1507 1144 1642 1179; x_wconf 85' lang='lat' dir='ltr'>titulum</span> <span class='ocrx_word' id='word_1_586' title='bbox 1662 1145 1703 1179; x_wconf 92' lang='lat' dir='ltr'>de</span> <span class='ocrx_word' id='word_1_587' title='bbox 1715 1146 1936 1181; x_wconf 84' lang='lat' dir='ltr'>Ordinatione</span> <span class='ocrx_word' id='word_1_588' title='bbox 1948 1145 2053 1178; x_wconf 70' lang='lat' dir='ltr'>lesto-</span> 
     </span>
     <span class='ocr_line' id='line_1_91' title="bbox 1165 1191 2214 1239; baseline 0.002 -15"><span class='ocrx_word' id='word_1_589' title='bbox 1165 1191 1205 1225; x_wconf 88' lang='lat' dir='ltr'>ris</span> <span class='ocrx_word' id='word_1_590' title='bbox 1214 1191 1310 1227; x_wconf 87' lang='lat' dir='ltr'>habet</span> <span class='ocrx_word' id='word_1_591' title='bbox 1323 1192 1561 1239; x_wconf 89' lang='lat' dir='ltr'>Euchologion</span> <span class='ocrx_word' id='word_1_592' title='bbox 1584 1195 1791 1230; x_wconf 86' lang='lat' dir='ltr'>Graecorum.</span> <span class='ocrx_word' id='word_1_593' title='bbox 1820 1200 1921 1239; x_wconf 83' lang='lat' dir='ltr'>Caput</span> <span class='ocrx_word' id='word_1_594' title='bbox 1935 1196 1955 1227; x_wconf 74' lang='grc' dir='ltr'><em>ἃ</em></span> <span class='ocrx_word' id='word_1_595' title='bbox 1966 1196 2048 1227; x_wconf 88' lang='lat' dir='ltr'>Pon·</span> <span class='ocrx_word' id='word_1_596' title='bbox 2069 1191 2214 1231; x_wconf 79' lang='lat' dir='ltr'>Epist-2²-</span> 
     </span>
     <span class='ocr_line' id='line_1_92' title="bbox 1166 1241 2151 1288; baseline 0.004 -15"><span class='ocrx_word' id='word_1_597' title='bbox 1166 1241 1239 1283; x_wconf 83' lang='lat' dir='ltr'>tifice</span> <span class='ocrx_word' id='word_1_598' title='bbox 1250 1252 1296 1277; x_wconf 87' lang='lat' dir='ltr'>ter</span> <span class='ocrx_word' id='word_1_599' title='bbox 1315 1243 1471 1287; x_wconf 75' lang='lat' dir='ltr'>signatur,</span> <span class='ocrx_word' id='word_1_600' title='bbox 1499 1246 1681 1280; x_wconf 69' lang='lat' dir='ltr'>&amp;tondetur</span> <span class='ocrx_word' id='word_1_601' title='bbox 1691 1252 1724 1279; x_wconf 82' lang='lat' dir='ltr'>in</span> <span class='ocrx_word' id='word_1_602' title='bbox 1737 1246 1876 1288; x_wconf 89' lang='lat' dir='ltr'>formam</span> <span class='ocrx_word' id='word_1_603' title='bbox 1894 1251 1988 1280; x_wconf 79' lang='lat' dir='ltr'>crucis</span> <span class='ocrx_word' id='word_1_604' title='bbox 2009 1243 2057 1277; x_wconf 74' lang='lat' dir='ltr'>alr</span> <span class='ocrx_word' id='word_1_605' title='bbox 2072 1243 2151 1265; x_wconf 56' lang='lat'>‘³¹²&#39;</span> 
     </span>
     <span class='ocr_line' id='line_1_93' title="bbox 1165 1294 2049 1341; baseline 0.003 -16"><span class='ocrx_word' id='word_1_606' title='bbox 1165 1294 1281 1326; x_wconf 83' lang='lat' dir='ltr'>eodem:</span> <span class='ocrx_word' id='word_1_607' title='bbox 1309 1296 1427 1329; x_wconf 65' lang='lat' dir='ltr'>Deinde</span> <span class='ocrx_word' id='word_1_608' title='bbox 1448 1294 1487 1328; x_wconf 86' lang='lat' dir='ltr'>ab</span> <span class='ocrx_word' id='word_1_609' title='bbox 1509 1296 1606 1337; x_wconf 88' lang='lat' dir='ltr'>aliquo</span> <span class='ocrx_word' id='word_1_610' title='bbox 1608 1298 1706 1336; x_wconf 75' lang='lat' dir='ltr'>Juxta</span> <span class='ocrx_word' id='word_1_611' title='bbox 1721 1296 1851 1341; x_wconf 86' lang='lat' dir='ltr'>figuram</span> <span class='ocrx_word' id='word_1_612' title='bbox 1864 1298 2049 1330; x_wconf 75' lang='lat' dir='ltr'>clericorum</span> 
     </span>
     <span class='ocr_line' id='line_1_94' title="bbox 1160 1343 2052 1385; baseline 0.002 -9"><span class='ocrx_word' id='word_1_613' title='bbox 1160 1343 1295 1385; x_wconf 65' lang='lat' dir='ltr'>perfecie</span> <span class='ocrx_word' id='word_1_614' title='bbox 1314 1346 1470 1378; x_wconf 87' lang='lat' dir='ltr'>tondetur.</span> <span class='ocrx_word' id='word_1_615' title='bbox 1500 1345 1663 1380; x_wconf 86' lang='lat' dir='ltr'>Pontifice</span> <span class='ocrx_word' id='word_1_616' title='bbox 1675 1346 1821 1381; x_wconf 89' lang='lat' dir='ltr'>adstante</span> <span class='ocrx_word' id='word_1_617' title='bbox 1841 1346 1875 1380; x_wconf 89' lang='lat'>&amp;</span> <span class='ocrx_word' id='word_1_618' title='bbox 1889 1346 2026 1380; x_wconf 89' lang='lat' dir='ltr'>vidente</span> <span class='ocrx_word' id='word_1_619' title='bbox 2039 1370 2052 1378; x_wconf 82' lang='lat'><em>.</em></span> 
     </span>
     <span class='ocr_line' id='line_1_95' title="bbox 1170 1392 2058 1440; baseline 0.007 -17"><span class='ocrx_word' id='word_1_620' title='bbox 1170 1392 1280 1426; x_wconf 84' lang='lat' dir='ltr'>Etiam</span> <span class='ocrx_word' id='word_1_621' title='bbox 1292 1395 1375 1436; x_wconf 87' lang='lat' dir='ltr'>apud</span> <span class='ocrx_word' id='word_1_622' title='bbox 1387 1394 1525 1429; x_wconf 86' lang='lat' dir='ltr'>Latinos</span> <span class='ocrx_word' id='word_1_623' title='bbox 1536 1394 1579 1428; x_wconf 85' lang='lat' dir='ltr'>fic</span> <span class='ocrx_word' id='word_1_624' title='bbox 1589 1395 1671 1429; x_wconf 88' lang='lat' dir='ltr'>olim</span> <span class='ocrx_word' id='word_1_625' title='bbox 1682 1397 1802 1430; x_wconf 69' lang='lat' dir='ltr'>factum</span> <span class='ocrx_word' id='word_1_626' title='bbox 1811 1410 1822 1430; x_wconf 91' lang='grc'>.·</span> <span class='ocrx_word' id='word_1_627' title='bbox 1851 1397 1897 1429; x_wconf 89' lang='lat' dir='ltr'>Et</span> <span class='ocrx_word' id='word_1_628' title='bbox 1909 1396 2058 1440; x_wconf 60' lang='lat' dir='ltr'>perfecta</span> 
     </span>
     <span class='ocr_line' id='line_1_96' title="bbox 1165 1441 2055 1487; baseline 0.006 -14"><span class='ocrx_word' id='word_1_629' title='bbox 1165 1442 1296 1475; x_wconf 87' lang='lat' dir='ltr'>tonsura</span> <span class='ocrx_word' id='word_1_630' title='bbox 1319 1443 1426 1476; x_wconf 90' lang='lat' dir='ltr'>statim</span> <span class='ocrx_word' id='word_1_631' title='bbox 1449 1441 1490 1477; x_wconf 91' lang='lat' dir='ltr'>ab</span> <span class='ocrx_word' id='word_1_632' title='bbox 1501 1444 1668 1487; x_wconf 90' lang='lat' dir='ltr'>Episcopo</span> <span class='ocrx_word' id='word_1_633' title='bbox 1689 1456 1746 1487; x_wconf 90' lang='lat' dir='ltr'>per</span> <span class='ocrx_word' id='word_1_634' title='bbox 1756 1447 1907 1479; x_wconf 89' lang='lat' dir='ltr'>solennes</span> <span class='ocrx_word' id='word_1_635' title='bbox 1930 1443 2055 1479; x_wconf 88' lang='lat' dir='ltr'>oratio·</span> 
     </span>
     <span class='ocr_line' id='line_1_97' title="bbox 1166 1490 2056 1530; baseline 0.004 -6"><span class='ocrx_word' id='word_1_636' title='bbox 1166 1501 1223 1524; x_wconf 89' lang='lat' dir='ltr'>nes</span> <span class='ocrx_word' id='word_1_637' title='bbox 1242 1490 1409 1526; x_wconf 59' lang='lat' dir='ltr'>benedicta</span> <span class='ocrx_word' id='word_1_638' title='bbox 1420 1517 1428 1525; x_wconf 91' lang='lat'><strong>.</strong></span> <span class='ocrx_word' id='word_1_639' title='bbox 1455 1493 1585 1527; x_wconf 89' lang='lat' dir='ltr'>Eodem</span> <span class='ocrx_word' id='word_1_640' title='bbox 1596 1494 1742 1529; x_wconf 84' lang='lat' dir='ltr'>adstante</span> <span class='ocrx_word' id='word_1_641' title='bbox 1763 1496 1798 1530; x_wconf 90' lang='lat'>&amp;</span> <span class='ocrx_word' id='word_1_642' title='bbox 1811 1494 1987 1529; x_wconf 89' lang='lat' dir='ltr'>solenniter</span> <span class='ocrx_word' id='word_1_643' title='bbox 2000 1493 2056 1528; x_wconf 85' lang='lat' dir='ltr'>be-</span> 
     </span>
     <span class='ocr_line' id='line_1_98' title="bbox 1169 1540 2053 1588; baseline 0.007 -15"><span class='ocrx_word' id='word_1_644' title='bbox 1169 1540 1340 1575; x_wconf 87' lang='lat' dir='ltr'>nedicente</span> <span class='ocrx_word' id='word_1_645' title='bbox 1362 1544 1479 1577; x_wconf 67' lang='lat' dir='ltr'>fastam</span> <span class='ocrx_word' id='word_1_646' title='bbox 1500 1544 1593 1578; x_wconf 74' lang='lat' dir='ltr'>fuisse</span> <span class='ocrx_word' id='word_1_647' title='bbox 1617 1545 1754 1588; x_wconf 89' lang='lat' dir='ltr'>primam</span> <span class='ocrx_word' id='word_1_648' title='bbox 1769 1545 1892 1580; x_wconf 89' lang='lat' dir='ltr'>Clerici</span> <span class='ocrx_word' id='word_1_649' title='bbox 1914 1544 2053 1579; x_wconf 88' lang='lat' dir='ltr'>barbam</span> 
     </span>
     <span class='ocr_line' id='line_1_99' title="bbox 1165 1590 2054 1637; baseline 0.006 -14"><span class='ocrx_word' id='word_1_650' title='bbox 1165 1590 1478 1637; x_wconf 87' lang='lat' dir='ltr'>ostenduntantiqui</span> <span class='ocrx_word' id='word_1_651' title='bbox 1492 1593 1567 1627; x_wconf 90' lang='lat' dir='ltr'>libri</span> <span class='ocrx_word' id='word_1_652' title='bbox 1583 1594 1820 1637; x_wconf 88' lang='lat' dir='ltr'>Episcoporum</span> <span class='ocrx_word' id='word_1_653' title='bbox 1833 1595 1963 1629; x_wconf 86' lang='lat' dir='ltr'>rituales</span> <span class='ocrx_word' id='word_1_654' title='bbox 1974 1618 1985 1635; x_wconf 87' lang='lat'><strong>,</strong></span> <span class='ocrx_word' id='word_1_655' title='bbox 2013 1606 2054 1628; x_wconf 88' lang='lat' dir='ltr'>ac</span> 
     </span>
     <span class='ocr_line' id='line_1_100' title="bbox 1168 1639 2054 1689; baseline 0.005 -16"><span class='ocrx_word' id='word_1_656' title='bbox 1168 1639 1364 1675; x_wconf 88' lang='lat' dir='ltr'>hodiernum</span> <span class='ocrx_word' id='word_1_657' title='bbox 1388 1642 1602 1677; x_wconf 81' lang='lat' dir='ltr'>pontificale.</span> <span class='ocrx_word' id='word_1_658' title='bbox 1633 1643 1775 1678; x_wconf 84' lang='lat' dir='ltr'>Adstans</span> <span class='ocrx_word' id='word_1_659' title='bbox 1787 1644 1969 1689; x_wconf 86' lang='lat' dir='ltr'>Episcopus</span> <span class='ocrx_word' id='word_1_660' title='bbox 1993 1645 2054 1687; x_wconf 67' lang='lat' dir='ltr'>pri÷</span> 
     </span>
     <span class='ocr_line' id='line_1_101' title="bbox 1168 1692 2053 1729; baseline 0.005 -6"><span class='ocrx_word' id='word_1_661' title='bbox 1168 1700 1256 1724; x_wconf 89' lang='lat' dir='ltr'>mam</span> <span class='ocrx_word' id='word_1_662' title='bbox 1267 1703 1367 1726; x_wconf 81' lang='lat' dir='ltr'>comae</span> <span class='ocrx_word' id='word_1_663' title='bbox 1388 1694 1422 1727; x_wconf 75' lang='grc' dir='ltr'>ὃς</span> <span class='ocrx_word' id='word_1_664' title='bbox 1435 1692 1541 1727; x_wconf 86' lang='lat' dir='ltr'>barbae</span> <span class='ocrx_word' id='word_1_665' title='bbox 1559 1695 1727 1728; x_wconf 84' lang='lat' dir='ltr'>tonsuram</span> <span class='ocrx_word' id='word_1_666' title='bbox 1748 1695 1818 1729; x_wconf 87' lang='lat' dir='ltr'>fieri</span> <span class='ocrx_word' id='word_1_667' title='bbox 1840 1695 1974 1729; x_wconf 89' lang='lat' dir='ltr'>curabat</span> <span class='ocrx_word' id='word_1_668' title='bbox 1996 1705 2053 1727; x_wconf 84' lang='lat' dir='ltr'>ex-</span> 
     </span>
     <span class='ocr_line' id='line_1_102' title="bbox 1167 1743 1597 1782; baseline 0.007 -9"><span class='ocrx_word' id='word_1_669' title='bbox 1167 1749 1288 1782; x_wconf 88' lang='lat' dir='ltr'>pertem</span> <span class='ocrx_word' id='word_1_670' title='bbox 1301 1743 1411 1777; x_wconf 88' lang='lat' dir='ltr'>omnis</span> <span class='ocrx_word' id='word_1_671' title='bbox 1424 1743 1577 1777; x_wconf 86' lang='lat' dir='ltr'>vanitatis</span> <span class='ocrx_word' id='word_1_672' title='bbox 1589 1768 1597 1776; x_wconf 87' lang='lat'><strong>.</strong></span> 
     </span>
    </p>

    <p class='ocr_par' dir='ltr' id='par_1_13' title="bbox 1161 1791 2058 2435">
     <span class='ocr_line' id='line_1_103' title="bbox 1218 1791 2051 1835; baseline 0.008 -12"><span class='ocrx_word' id='word_1_673' title='bbox 1218 1791 1261 1824; x_wconf 91' lang='lat' dir='ltr'>Et</span> <span class='ocrx_word' id='word_1_674' title='bbox 1283 1792 1416 1835; x_wconf 90' lang='lat' dir='ltr'>quidem</span> <span class='ocrx_word' id='word_1_675' title='bbox 1441 1803 1502 1828; x_wconf 89' lang='lat' dir='ltr'>nos</span> <span class='ocrx_word' id='word_1_676' title='bbox 1525 1792 1637 1827; x_wconf 87' lang='lat' dir='ltr'>Latini</span> <span class='ocrx_word' id='word_1_677' title='bbox 1662 1793 1858 1829; x_wconf 87' lang='lat' dir='ltr'>Clericalem</span> <span class='ocrx_word' id='word_1_678' title='bbox 1879 1795 2051 1830; x_wconf 87' lang='lat' dir='ltr'>tonsuram</span> 
     </span>
     <span class='ocr_line' id='line_1_104' title="bbox 1169 1836 2054 1890; baseline 0.008 -18"><span class='ocrx_word' id='word_1_679' title='bbox 1169 1836 1270 1873; x_wconf 89' lang='lat' dir='ltr'>hodie</span> <span class='ocrx_word' id='word_1_680' title='bbox 1304 1839 1344 1873; x_wconf 91' lang='lat' dir='ltr'>ab</span> <span class='ocrx_word' id='word_1_681' title='bbox 1369 1843 1463 1877; x_wconf 90' lang='lat' dir='ltr'>omni</span> <span class='ocrx_word' id='word_1_682' title='bbox 1490 1843 1618 1878; x_wconf 90' lang='lat' dir='ltr'>Ordine</span> <span class='ocrx_word' id='word_1_683' title='bbox 1644 1843 1767 1878; x_wconf 87' lang='lat' dir='ltr'>minori</span> <span class='ocrx_word' id='word_1_684' title='bbox 1791 1843 2054 1890; x_wconf 82' lang='lat' dir='ltr'>distinguimus,</span> 
     </span>
     <span class='ocr_line' id='line_1_105' title="bbox 1165 1888 2054 1940; baseline 0.009 -19"><span class='ocrx_word' id='word_1_685' title='bbox 1165 1888 1295 1933; x_wconf 79' lang='lat' dir='ltr'>ejusque</span> <span class='ocrx_word' id='word_1_686' title='bbox 1319 1891 1419 1926; x_wconf 92' lang='lat' dir='ltr'>solius</span> <span class='ocrx_word' id='word_1_687' title='bbox 1440 1893 1664 1936; x_wconf 86' lang='lat' dir='ltr'>impartitione</span> <span class='ocrx_word' id='word_1_688' title='bbox 1686 1894 1785 1929; x_wconf 87' lang='lat' dir='ltr'>Clero</span> <span class='ocrx_word' id='word_1_689' title='bbox 1809 1895 2054 1940; x_wconf 76' lang='lat' dir='ltr'>adgoegamus,</span> 
     </span>
     <span class='ocr_line' id='line_1_106' title="bbox 1165 1939 2053 1990; baseline 0.009 -18"><span class='ocrx_word' id='word_1_690' title='bbox 1165 1939 1369 1985; x_wconf 87' lang='lat' dir='ltr'>facimusque</span> <span class='ocrx_word' id='word_1_691' title='bbox 1388 1942 1554 1977; x_wconf 90' lang='lat' dir='ltr'>Clericum</span> <span class='ocrx_word' id='word_1_692' title='bbox 1579 1943 1779 1987; x_wconf 85' lang='lat' dir='ltr'>gaudentem</span> <span class='ocrx_word' id='word_1_693' title='bbox 1799 1945 1975 1990; x_wconf 89' lang='lat' dir='ltr'>privilegio</span> <span class='ocrx_word' id='word_1_694' title='bbox 1989 1947 2053 1980; x_wconf 91' lang='lat' dir='ltr'>Ca-</span> 
     </span>
     <span class='ocr_line' id='line_1_107' title="bbox 1166 1990 2052 2038; baseline 0.008 -16"><span class='ocrx_word' id='word_1_695' title='bbox 1166 1990 1262 2024; x_wconf 90' lang='lat' dir='ltr'>nonis</span> <span class='ocrx_word' id='word_1_696' title='bbox 1281 1991 1315 2024; x_wconf 90' lang='lat'>&amp;</span> <span class='ocrx_word' id='word_1_697' title='bbox 1327 1992 1389 2025; x_wconf 88' lang='lat' dir='ltr'>fori</span> <span class='ocrx_word' id='word_1_698' title='bbox 1405 2018 1412 2024; x_wconf 91' lang='lat'><strong><em>.</em></strong></span> <span class='ocrx_word' id='word_1_699' title='bbox 1438 1992 1540 2026; x_wconf 88' lang='lat' dir='ltr'>Graeci</span> <span class='ocrx_word' id='word_1_700' title='bbox 1563 2005 1635 2026; x_wconf 89' lang='lat' dir='ltr'>earn</span> <span class='ocrx_word' id='word_1_701' title='bbox 1648 1994 1832 2029; x_wconf 54' lang='lat' dir='ltr'>&amp;lectoratu</span> <span class='ocrx_word' id='word_1_702' title='bbox 1842 2017 1854 2033; x_wconf 90' lang='lat'>,</span> <span class='ocrx_word' id='word_1_703' title='bbox 1880 2006 1980 2038; x_wconf 91' lang='lat' dir='ltr'>quem</span> <span class='ocrx_word' id='word_1_704' title='bbox 2003 1998 2052 2029; x_wconf 60' lang='lat' dir='ltr'>so*</span> 
     </span>
     <span class='ocr_line' id='line_1_108' title="bbox 1164 2038 2047 2088; baseline 0.007 -17"><span class='ocrx_word' id='word_1_705' title='bbox 1164 2038 1232 2072; x_wconf 88' lang='lat' dir='ltr'>lum</span> <span class='ocrx_word' id='word_1_706' title='bbox 1245 2038 1363 2074; x_wconf 78' lang='lat' dir='ltr'>habent</span> <span class='ocrx_word' id='word_1_707' title='bbox 1388 2042 1550 2076; x_wconf 88' lang='lat' dir='ltr'>minorem</span> <span class='ocrx_word' id='word_1_708' title='bbox 1573 2043 1734 2078; x_wconf 80' lang='lat' dir='ltr'>Ordinem</span> <span class='ocrx_word' id='word_1_709' title='bbox 1749 2069 1760 2084; x_wconf 90' lang='lat'><strong>,</strong></span> <span class='ocrx_word' id='word_1_710' title='bbox 1787 2056 1854 2078; x_wconf 88' lang='lat' dir='ltr'>non</span> <span class='ocrx_word' id='word_1_711' title='bbox 1880 2046 2047 2088; x_wconf 81' lang='lat' dir='ltr'>separant,</span> 
     </span>
     <span class='ocr_line' id='line_1_109' title="bbox 1166 2091 2052 2136; baseline 0.009 -16"><span class='ocrx_word' id='word_1_712' title='bbox 1166 2099 1235 2122; x_wconf 92' lang='lat' dir='ltr'>uno</span> <span class='ocrx_word' id='word_1_713' title='bbox 1246 2091 1367 2125; x_wconf 87' lang='lat' dir='ltr'>rituum</span> <span class='ocrx_word' id='word_1_714' title='bbox 1379 2102 1536 2126; x_wconf 82' lang='lat' dir='ltr'>contextu</span> <span class='ocrx_word' id='word_1_715' title='bbox 1551 2103 1724 2136; x_wconf 88' lang='lat' dir='ltr'>utrumque</span> <span class='ocrx_word' id='word_1_716' title='bbox 1747 2095 1842 2128; x_wconf 86' lang='lat' dir='ltr'>fimul</span> <span class='ocrx_word' id='word_1_717' title='bbox 1853 2095 2027 2129; x_wconf 87' lang='lat' dir='ltr'>conferunt</span> <span class='ocrx_word' id='word_1_718' title='bbox 2042 2109 2052 2128; x_wconf 71' lang='grc' dir='ltr'><strong><em>ε</em></strong></span> 
     </span>
     <span class='ocr_line' id='line_1_110' title="bbox 1164 2138 2053 2186; baseline 0.009 -14"><span class='ocrx_word' id='word_1_719' title='bbox 1164 2138 1317 2174; x_wconf 86' lang='lat' dir='ltr'>Tonsura</span> <span class='ocrx_word' id='word_1_720' title='bbox 1334 2141 1378 2174; x_wconf 88' lang='lat' dir='ltr'>est</span> <span class='ocrx_word' id='word_1_721' title='bbox 1400 2141 1466 2175; x_wconf 89' lang='lat' dir='ltr'>illis</span> <span class='ocrx_word' id='word_1_722' title='bbox 1489 2154 1558 2186; x_wconf 89' lang='lat' dir='ltr'>pars</span> <span class='ocrx_word' id='word_1_723' title='bbox 1577 2142 1767 2178; x_wconf 63' lang='lat' dir='ltr'>Lestoratus</span> <span class='ocrx_word' id='word_1_724' title='bbox 1780 2170 1787 2176; x_wconf 95' lang='lat'><em>.</em></span> <span class='ocrx_word' id='word_1_725' title='bbox 1816 2144 1947 2179; x_wconf 71' lang='lat' dir='ltr'>Deinde</span> <span class='ocrx_word' id='word_1_726' title='bbox 1959 2147 2053 2180; x_wconf 87' lang='lat' dir='ltr'>Lati·</span> 
     </span>
     <span class='ocr_line' id='line_1_111' title="bbox 1163 2189 2050 2239; baseline 0.009 -18"><span class='ocrx_word' id='word_1_727' title='bbox 1163 2189 1219 2229; x_wconf 89' lang='lat' dir='ltr'>ni,</span> <span class='ocrx_word' id='word_1_728' title='bbox 1246 2191 1344 2224; x_wconf 86' lang='lat' dir='ltr'>utiex</span> <span class='ocrx_word' id='word_1_729' title='bbox 1365 2202 1475 2236; x_wconf 80' lang='lat' dir='ltr'>quarta</span> <span class='ocrx_word' id='word_1_730' title='bbox 1500 2203 1587 2235; x_wconf 88' lang='lat' dir='ltr'>patet</span> <span class='ocrx_word' id='word_1_731' title='bbox 1611 2193 1749 2236; x_wconf 89' lang='lat' dir='ltr'>Synodo</span> <span class='ocrx_word' id='word_1_732' title='bbox 1773 2193 2050 2239; x_wconf 75' lang='lat' dir='ltr'>Carthaginensi,</span> 
     </span>
     <span class='ocr_line' id='line_1_112' title="bbox 1162 2238 2048 2288; baseline 0.01 -17"><span class='ocrx_word' id='word_1_733' title='bbox 1162 2238 1239 2272; x_wconf 85' lang='lat' dir='ltr'>sacri</span> <span class='ocrx_word' id='word_1_734' title='bbox 1265 2241 1386 2284; x_wconf 88' lang='lat' dir='ltr'>semper</span> <span class='ocrx_word' id='word_1_735' title='bbox 1410 2242 1535 2276; x_wconf 88' lang='lat' dir='ltr'>codicis</span> <span class='ocrx_word' id='word_1_736' title='bbox 1554 2243 1734 2278; x_wconf 86' lang='lat' dir='ltr'>traditione</span> <span class='ocrx_word' id='word_1_737' title='bbox 1756 2270 1767 2285; x_wconf 88' lang='lat'><em>,</em></span> <span class='ocrx_word' id='word_1_738' title='bbox 1794 2246 1898 2279; x_wconf 81' lang='lat' dir='ltr'>Graeci</span> <span class='ocrx_word' id='word_1_739' title='bbox 1924 2247 2048 2288; x_wconf 87' lang='lat' dir='ltr'>semper</span> 
     </span>
     <span class='ocr_line' id='line_1_113' title="bbox 1162 2288 2049 2336; baseline 0.007 -13"><span class='ocrx_word' id='word_1_740' title='bbox 1162 2288 1228 2323; x_wconf 80' lang='lat' dir='ltr'>sola</span> <span class='ocrx_word' id='word_1_741' title='bbox 1242 2301 1397 2325; x_wconf 84' lang='lat' dir='ltr'>manuum</span> <span class='ocrx_word' id='word_1_742' title='bbox 1410 2292 1621 2335; x_wconf 79' lang='lat' dir='ltr'>impositione</span> <span class='ocrx_word' id='word_1_743' title='bbox 1643 2292 1802 2328; x_wconf 88' lang='lat' dir='ltr'>dederunt</span> <span class='ocrx_word' id='word_1_744' title='bbox 1815 2297 2023 2330; x_wconf 70' lang='lat' dir='ltr'>Leuoratum</span> <span class='ocrx_word' id='word_1_745' title='bbox 2037 2321 2049 2336; x_wconf 88' lang='lat'>‚</span> 
     </span>
     <span class='ocr_line' id='line_1_114' title="bbox 1161 2339 2050 2384; baseline 0.012 -14"><span class='ocrx_word' id='word_1_746' title='bbox 1161 2339 1209 2372; x_wconf 88' lang='lat' dir='ltr'>uti</span> <span class='ocrx_word' id='word_1_747' title='bbox 1223 2339 1344 2376; x_wconf 91' lang='lat' dir='ltr'>docent</span> <span class='ocrx_word' id='word_1_748' title='bbox 1366 2344 1499 2384; x_wconf 70' lang='lat' dir='ltr'>praesens</span> <span class='ocrx_word' id='word_1_749' title='bbox 1511 2344 1629 2377; x_wconf 89' lang='lat' dir='ltr'>Canon</span> <span class='ocrx_word' id='word_1_750' title='bbox 1650 2344 1684 2378; x_wconf 78' lang='grc' dir='ltr'>δε</span> <span class='ocrx_word' id='word_1_751' title='bbox 1708 2344 1782 2379; x_wconf 86' lang='lat' dir='ltr'>libri</span> <span class='ocrx_word' id='word_1_752' title='bbox 1804 2356 1919 2380; x_wconf 88' lang='lat' dir='ltr'>eorum</span> <span class='ocrx_word' id='word_1_753' title='bbox 1933 2345 2050 2380; x_wconf 90' lang='lat' dir='ltr'>Rit&#39;ua-</span> 
     </span>
     <span class='ocr_line' id='line_1_115' title="bbox 1163 2389 2058 2435; baseline 0.008 -13"><span class='ocrx_word' id='word_1_754' title='bbox 1163 2389 1209 2423; x_wconf 86' lang='lat' dir='ltr'>les</span> <span class='ocrx_word' id='word_1_755' title='bbox 1222 2413 1230 2426; x_wconf 87' lang='lat'>‚</span> <span class='ocrx_word' id='word_1_756' title='bbox 1257 2392 1386 2435; x_wconf 85' lang='lat' dir='ltr'>antiqui</span> <span class='ocrx_word' id='word_1_757' title='bbox 1406 2393 1440 2426; x_wconf 87' lang='lat'>&amp;</span> <span class='ocrx_word' id='word_1_758' title='bbox 1454 2393 1553 2427; x_wconf 91' lang='lat' dir='ltr'>novi.</span> <span class='ocrx_word' id='word_1_759' title='bbox 2055 2423 2058 2425; x_wconf 92' lang='lat'>.</span> 
     </span>
    </p>

    <p class='ocr_par' dir='ltr' id='par_1_14' title="bbox 1155 2441 2191 3435">
     <span class='ocr_line' id='line_1_116' title="bbox 1211 2441 2067 2486; baseline 0.008 -13"><span class='ocrx_word' id='word_1_760' title='bbox 1211 2441 1254 2474; x_wconf 87' lang='lat' dir='ltr'>Et</span> <span class='ocrx_word' id='word_1_761' title='bbox 1278 2441 1358 2475; x_wconf 86' lang='lat' dir='ltr'>hinc</span> <span class='ocrx_word' id='word_1_762' title='bbox 1383 2443 1489 2476; x_wconf 89' lang='lat' dir='ltr'>oritur</span> <span class='ocrx_word' id='word_1_763' title='bbox 1514 2443 1647 2486; x_wconf 88' lang='lat' dir='ltr'>quaestio</span> <span class='ocrx_word' id='word_1_764' title='bbox 1661 2468 1671 2483; x_wconf 92' lang='lat'>‚</span> <span class='ocrx_word' id='word_1_765' title='bbox 1697 2442 1755 2479; x_wconf 87' lang='lat' dir='ltr'>An</span> <span class='ocrx_word' id='word_1_766' title='bbox 1771 2445 1892 2481; x_wconf 90' lang='lat' dir='ltr'>Clerici</span> <span class='ocrx_word' id='word_1_767' title='bbox 1914 2447 2047 2481; x_wconf 76' lang='lat' dir='ltr'>tonsura</span> <span class='ocrx_word' id='word_1_768' title='bbox 2066 2471 2067 2474; x_wconf 65' lang='lat'>,</span> 
     </span>
     <span class='ocr_line' id='line_1_117' title="bbox 1160 2489 2047 2536; baseline 0.009 -14"><span class='ocrx_word' id='word_1_769' title='bbox 1160 2489 1245 2532; x_wconf 89' lang='lat' dir='ltr'>apud</span> <span class='ocrx_word' id='word_1_770' title='bbox 1271 2503 1330 2525; x_wconf 91' lang='lat' dir='ltr'>nos</span> <span class='ocrx_word' id='word_1_771' title='bbox 1342 2491 1480 2526; x_wconf 89' lang='lat' dir='ltr'>Latinos</span> <span class='ocrx_word' id='word_1_772' title='bbox 1493 2493 1617 2536; x_wconf 87' lang='lat' dir='ltr'>semper</span> <span class='ocrx_word' id='word_1_773' title='bbox 1639 2495 1736 2528; x_wconf 88' lang='lat' dir='ltr'>fuerit</span> <span class='ocrx_word' id='word_1_774' title='bbox 1758 2498 1961 2531; x_wconf 89' lang='lat' dir='ltr'>consecratio</span> <span class='ocrx_word' id='word_1_775' title='bbox 1982 2497 2047 2530; x_wconf 88' lang='lat' dir='ltr'>ritu</span> 
     </span>
     <span class='ocr_line' id='line_1_118' title="bbox 1160 2539 2047 2588; baseline 0.008 -15"><span class='ocrx_word' id='word_1_776' title='bbox 1160 2539 1195 2572; x_wconf 90' lang='lat'>&amp;</span> <span class='ocrx_word' id='word_1_777' title='bbox 1206 2540 1315 2575; x_wconf 66' lang='lat' dir='ltr'>effectu</span> <span class='ocrx_word' id='word_1_778' title='bbox 1328 2542 1369 2575; x_wconf 88' lang='lat' dir='ltr'>ab</span> <span class='ocrx_word' id='word_1_779' title='bbox 1381 2543 1475 2575; x_wconf 90' lang='lat' dir='ltr'>omni</span> <span class='ocrx_word' id='word_1_780' title='bbox 1486 2543 1607 2577; x_wconf 91' lang='lat' dir='ltr'>minori</span> <span class='ocrx_word' id='word_1_781' title='bbox 1620 2544 1748 2578; x_wconf 88' lang='lat' dir='ltr'>Ordine</span> <span class='ocrx_word' id='word_1_782' title='bbox 1759 2546 1910 2583; x_wconf 68' lang='lat' dir='ltr'>distineta</span> <span class='ocrx_word' id='word_1_783' title='bbox 1924 2548 1940 2578; x_wconf 83' lang='lat'><em>?</em></span> <span class='ocrx_word' id='word_1_784' title='bbox 1964 2545 2047 2588; x_wconf 87' lang='lat' dir='ltr'>Qui-</span> 
     </span>
     <span class='ocr_line' id='line_1_119' title="bbox 1160 2589 2044 2638; baseline 0.007 -14"><span class='ocrx_word' id='word_1_785' title='bbox 1160 2589 1237 2625; x_wconf 87' lang='lat' dir='ltr'>dam</span> <span class='ocrx_word' id='word_1_786' title='bbox 1250 2602 1371 2637; x_wconf 88' lang='lat' dir='ltr'>negant</span> <span class='ocrx_word' id='word_1_787' title='bbox 1383 2616 1390 2623; x_wconf 93' lang='lat'><em>.</em></span> <span class='ocrx_word' id='word_1_788' title='bbox 1418 2592 1553 2627; x_wconf 87' lang='lat' dir='ltr'>Etenim</span> <span class='ocrx_word' id='word_1_789' title='bbox 1566 2593 1607 2628; x_wconf 91' lang='lat' dir='ltr'>de</span> <span class='ocrx_word' id='word_1_790' title='bbox 1619 2594 1703 2638; x_wconf 88' lang='lat' dir='ltr'>Cajo</span> <span class='ocrx_word' id='word_1_791' title='bbox 1723 2594 1889 2631; x_wconf 86' lang='lat' dir='ltr'>Pontifice</span> <span class='ocrx_word' id='word_1_792' title='bbox 1900 2595 1996 2631; x_wconf 90' lang='lat' dir='ltr'>habet</span> <span class='ocrx_word' id='word_1_793' title='bbox 2009 2598 2044 2630; x_wconf 93' lang='lat' dir='ltr'>li-</span> 
     </span>
     <span class='ocr_line' id='line_1_120' title="bbox 1161 2639 2045 2687; baseline 0.006 -14"><span class='ocrx_word' id='word_1_794' title='bbox 1161 2639 1216 2675; x_wconf 89' lang='lat' dir='ltr'>ber</span> <span class='ocrx_word' id='word_1_795' title='bbox 1230 2641 1450 2676; x_wconf 89' lang='lat' dir='ltr'>Pontificalis.</span> <span class='ocrx_word' id='word_1_796' title='bbox 1476 2643 1652 2685; x_wconf 83' lang='lat' dir='ltr'>Constituit,</span> <span class='ocrx_word' id='word_1_797' title='bbox 1677 2654 1713 2678; x_wconf 85' lang='lat' dir='ltr'>ut</span> <span class='ocrx_word' id='word_1_798' title='bbox 1733 2657 1831 2679; x_wconf 85' lang='lat' dir='ltr'>omnes</span> <span class='ocrx_word' id='word_1_799' title='bbox 1853 2648 1983 2680; x_wconf 76' lang='lat' dir='ltr'>ordines</span> <span class='ocrx_word' id='word_1_800' title='bbox 2004 2645 2045 2687; x_wconf 79' lang='lat' dir='ltr'>fic</span> 
     </span>
     <span class='ocr_line' id='line_1_121' title="bbox 1158 2691 2045 2739; baseline 0.007 -16"><span class='ocrx_word' id='word_1_801' title='bbox 1158 2696 1192 2723; x_wconf 87' lang='lat' dir='ltr'>in</span> <span class='ocrx_word' id='word_1_802' title='bbox 1203 2691 1325 2734; x_wconf 75' lang='lat' dir='ltr'>Ecclesia</span> <span class='ocrx_word' id='word_1_803' title='bbox 1337 2692 1549 2737; x_wconf 70' lang='lat' dir='ltr'>adscendero-nt</span> <span class='ocrx_word' id='word_1_804' title='bbox 1564 2706 1572 2726; x_wconf 84' lang='lat'>:</span> <span class='ocrx_word' id='word_1_805' title='bbox 1598 2696 1630 2727; x_wconf 86' lang='lat' dir='ltr'>Si</span> <span class='ocrx_word' id='word_1_806' title='bbox 1640 2701 1708 2737; x_wconf 86' lang='lat' dir='ltr'>quis</span> <span class='ocrx_word' id='word_1_807' title='bbox 1720 2695 1884 2739; x_wconf 83' lang='lat' dir='ltr'>Episcopus</span> <span class='ocrx_word' id='word_1_808' title='bbox 1891 2695 1960 2737; x_wconf 84' lang='lat' dir='ltr'>fieri</span> <span class='ocrx_word' id='word_1_809' title='bbox 1983 2707 2045 2729; x_wconf 88' lang='lat' dir='ltr'>me-</span> 
     </span>
     <span class='ocr_line' id='line_1_122' title="bbox 1162 2743 2046 2786; baseline 0.005 -12"><span class='ocrx_word' id='word_1_810' title='bbox 1162 2750 1277 2775; x_wconf 86' lang='lat' dir='ltr'>reretur</span> <span class='ocrx_word' id='word_1_811' title='bbox 1288 2766 1299 2783; x_wconf 94' lang='lat'>‚</span> <span class='ocrx_word' id='word_1_812' title='bbox 1325 2750 1358 2775; x_wconf 85' lang='lat' dir='ltr'>ut</span> <span class='ocrx_word' id='word_1_813' title='bbox 1368 2743 1433 2786; x_wconf 82' lang='lat' dir='ltr'>effet</span> <span class='ocrx_word' id='word_1_814' title='bbox 1444 2743 1585 2784; x_wconf 82' lang='lat' dir='ltr'>ostiarius</span> <span class='ocrx_word' id='word_1_815' title='bbox 1600 2769 1610 2785; x_wconf 93' lang='lat'>,</span> <span class='ocrx_word' id='word_1_816' title='bbox 1623 2746 1726 2779; x_wconf 59' lang='lat' dir='ltr'>Lector</span> <span class='ocrx_word' id='word_1_817' title='bbox 1736 2770 1746 2786; x_wconf 89' lang='lat'>‚</span> <span class='ocrx_word' id='word_1_818' title='bbox 1775 2747 1930 2786; x_wconf 77' lang='lat' dir='ltr'>Exorctsta</span> <span class='ocrx_word' id='word_1_819' title='bbox 1942 2767 1953 2784; x_wconf 92' lang='lat'>‚</span> <span class='ocrx_word' id='word_1_820' title='bbox 1978 2749 2046 2779; x_wconf 77' lang='lat' dir='ltr'>Aco-</span> 
     </span>
     <span class='ocr_line' id='line_1_123' title="bbox 1157 2790 2040 2837; baseline 0.007 -14"><span class='ocrx_word' id='word_1_821' title='bbox 1157 2790 1254 2830; x_wconf 74' lang='lat' dir='ltr'>lythus</span> <span class='ocrx_word' id='word_1_822' title='bbox 1276 2816 1286 2832; x_wconf 87' lang='lat'>,</span> <span class='ocrx_word' id='word_1_823' title='bbox 1308 2790 1436 2835; x_wconf 83' lang='lat' dir='ltr'>sequens</span> <span class='ocrx_word' id='word_1_824' title='bbox 1458 2793 1654 2828; x_wconf 75' lang='lat' dir='ltr'>subdiaconus</span> <span class='ocrx_word' id='word_1_825' title='bbox 1678 2820 1689 2835; x_wconf 92' lang='lat'><em>,</em></span> <span class='ocrx_word' id='word_1_826' title='bbox 1716 2799 1889 2837; x_wconf 88' lang='lat' dir='ltr'>Diaconus‚</span> <span class='ocrx_word' id='word_1_827' title='bbox 1916 2796 2040 2835; x_wconf 63' lang='lat' dir='ltr'>Presby-</span> 
     </span>
     <span class='ocr_line' id='line_1_124' title="bbox 1159 2841 2042 2886; baseline 0.006 -11"><span class='ocrx_word' id='word_1_828' title='bbox 1159 2850 1208 2875; x_wconf 88' lang='lat' dir='ltr'>ter</span> <span class='ocrx_word' id='word_1_829' title='bbox 1221 2866 1232 2881; x_wconf 90' lang='lat'>‚</span> <span class='ocrx_word' id='word_1_830' title='bbox 1258 2844 1367 2876; x_wconf 67' lang='lat' dir='ltr'>exinde</span> <span class='ocrx_word' id='word_1_831' title='bbox 1386 2841 1552 2886; x_wconf 83' lang='lat' dir='ltr'>Episcopus</span> <span class='ocrx_word' id='word_1_832' title='bbox 1572 2845 1761 2879; x_wconf 81' lang='lat' dir='ltr'>ordinaretur</span> <span class='ocrx_word' id='word_1_833' title='bbox 1781 2869 1788 2876; x_wconf 90' lang='lat'><em>.</em></span> <span class='ocrx_word' id='word_1_834' title='bbox 1816 2845 1900 2880; x_wconf 92' lang='lat' dir='ltr'>Non</span> <span class='ocrx_word' id='word_1_835' title='bbox 1927 2847 2042 2880; x_wconf 89' lang='lat' dir='ltr'>tonsu-</span> 
     </span>
     <span class='ocr_line' id='line_1_125' title="bbox 1158 2892 2043 2938; baseline 0.006 -13"><span class='ocrx_word' id='word_1_836' title='bbox 1158 2903 1224 2925; x_wconf 85' lang='lat' dir='ltr'>ram</span> <span class='ocrx_word' id='word_1_837' title='bbox 1236 2917 1247 2933; x_wconf 93' lang='lat'>,</span> <span class='ocrx_word' id='word_1_838' title='bbox 1274 2893 1325 2927; x_wconf 89' lang='lat' dir='ltr'>sed</span> <span class='ocrx_word' id='word_1_839' title='bbox 1340 2892 1554 2928; x_wconf 86' lang='lat' dir='ltr'>Ostiariatum</span> <span class='ocrx_word' id='word_1_840' title='bbox 1567 2895 1646 2928; x_wconf 87' lang='lat' dir='ltr'>dicit</span> <span class='ocrx_word' id='word_1_841' title='bbox 1659 2895 1721 2928; x_wconf 79' lang='lat' dir='ltr'>effe</span> <span class='ocrx_word' id='word_1_842' title='bbox 1731 2895 1867 2938; x_wconf 89' lang='lat' dir='ltr'>primam</span> <span class='ocrx_word' id='word_1_843' title='bbox 1880 2896 2043 2931; x_wconf 88' lang='lat' dir='ltr'>initiatio-</span> 
     </span>
     <span class='ocr_line' id='line_1_126' title="bbox 1161 2941 2191 2981; baseline 0.008 -7"><span class='ocrx_word' id='word_1_844' title='bbox 1161 2953 1255 2975; x_wconf 90' lang='lat' dir='ltr'>nem.</span> <span class='ocrx_word' id='word_1_845' title='bbox 1284 2944 1328 2977; x_wconf 87' lang='lat' dir='ltr'>Et</span> <span class='ocrx_word' id='word_1_846' title='bbox 1342 2941 1420 2977; x_wconf 85' lang='lat' dir='ltr'>hinc</span> <span class='ocrx_word' id='word_1_847' title='bbox 1431 2943 1467 2977; x_wconf 89' lang='lat' dir='ltr'>in</span> <span class='ocrx_word' id='word_1_848' title='bbox 1489 2945 1605 2978; x_wconf 86' lang='lat' dir='ltr'>litteris</span> <span class='ocrx_word' id='word_1_849' title='bbox 1624 2943 1664 2977; x_wconf 84' lang='lat' dir='ltr'>ad</span> <span class='ocrx_word' id='word_1_850' title='bbox 1678 2945 1868 2979; x_wconf 89' lang='lat' dir='ltr'>Himerium</span> <span class='ocrx_word' id='word_1_851' title='bbox 1882 2945 2043 2981; x_wconf 90' lang='lat' dir='ltr'>Tarraco·</span> <span class='ocrx_word' id='word_1_852' title='bbox 2059 2943 2144 2981; x_wconf 55' lang='lat' dir='ltr'>Epist·</span> <span class='ocrx_word' id='word_1_853' title='bbox 2168 2956 2191 2976; x_wconf 87' lang='lat'>1·</span> 
     </span>
     <span class='ocr_line' id='line_1_127' title="bbox 1161 2992 2133 3039; baseline 0.007 -13"><span class='ocrx_word' id='word_1_854' title='bbox 1161 2993 1306 3027; x_wconf 81' lang='lat' dir='ltr'>nensium</span> <span class='ocrx_word' id='word_1_855' title='bbox 1318 2993 1567 3036; x_wconf 86' lang='lat' dir='ltr'>Metropolitam</span> <span class='ocrx_word' id='word_1_856' title='bbox 1580 2993 1714 3027; x_wconf 79' lang='lat' dir='ltr'>siricius</span> <span class='ocrx_word' id='word_1_857' title='bbox 1728 2994 1886 3030; x_wconf 87' lang='lat' dir='ltr'>Pontifex</span> <span class='ocrx_word' id='word_1_858' title='bbox 1909 2996 2042 3039; x_wconf 81' lang='lat' dir='ltr'>promo·</span> <span class='ocrx_word' id='word_1_859' title='bbox 2058 2992 2086 3015; x_wconf 76' lang='lat' dir='ltr'>c·</span> <span class='ocrx_word' id='word_1_860' title='bbox 2105 2996 2133 3021; x_wconf 88' lang='lat'>9·</span> 
     </span>
     <span class='ocr_line' id='line_1_128' title="bbox 1157 3042 2039 3090; baseline 0.007 -14"><span class='ocrx_word' id='word_1_861' title='bbox 1157 3042 1300 3076; x_wconf 90' lang='lat' dir='ltr'>vendum</span> <span class='ocrx_word' id='word_1_862' title='bbox 1314 3042 1510 3086; x_wconf 81' lang='lat' dir='ltr'>Episcopum</span> <span class='ocrx_word' id='word_1_863' title='bbox 1530 3044 1576 3077; x_wconf 89' lang='lat' dir='ltr'>ait</span> <span class='ocrx_word' id='word_1_864' title='bbox 1586 3043 1626 3076; x_wconf 88' lang='lat' dir='ltr'>ab</span> <span class='ocrx_word' id='word_1_865' title='bbox 1643 3044 1782 3079; x_wconf 86' lang='lat' dir='ltr'>infantia</span> <span class='ocrx_word' id='word_1_866' title='bbox 1792 3055 1870 3080; x_wconf 89' lang='lat' dir='ltr'>ante</span> <span class='ocrx_word' id='word_1_867' title='bbox 1893 3046 2039 3090; x_wconf 83' lang='lat' dir='ltr'>puberta-</span> 
     </span>
     <span class='ocr_line' id='line_1_129' title="bbox 1157 3092 2037 3135; baseline 0.007 -9"><span class='ocrx_word' id='word_1_868' title='bbox 1157 3093 1198 3126; x_wconf 87' lang='lat' dir='ltr'>tis</span> <span class='ocrx_word' id='word_1_869' title='bbox 1218 3103 1321 3126; x_wconf 90' lang='lat' dir='ltr'>annos</span> <span class='ocrx_word' id='word_1_870' title='bbox 1343 3092 1458 3126; x_wconf 81' lang='lat' dir='ltr'>debere</span> <span class='ocrx_word' id='word_1_871' title='bbox 1479 3093 1542 3126; x_wconf 81' lang='lat' dir='ltr'>effe</span> <span class='ocrx_word' id='word_1_872' title='bbox 1568 3092 1767 3135; x_wconf 89' lang='lat' dir='ltr'>baptizatum</span> <span class='ocrx_word' id='word_1_873' title='bbox 1781 3119 1791 3135; x_wconf 89' lang='lat'><em>‚</em></span> <span class='ocrx_word' id='word_1_874' title='bbox 1819 3097 2037 3132; x_wconf 68' lang='lat' dir='ltr'>&amp;Le-storum</span> 
     </span>
     <span class='ocr_line' id='line_1_130' title="bbox 1158 3142 2036 3191; baseline 0.007 -15"><span class='ocrx_word' id='word_1_875' title='bbox 1158 3142 1341 3176; x_wconf 88' lang='lat' dir='ltr'>ministerio</span> <span class='ocrx_word' id='word_1_876' title='bbox 1369 3143 1528 3176; x_wconf 88' lang='lat' dir='ltr'>sociatum</span> <span class='ocrx_word' id='word_1_877' title='bbox 1552 3167 1560 3174; x_wconf 92' lang='lat'><em>.</em></span> <span class='ocrx_word' id='word_1_878' title='bbox 1598 3143 1702 3190; x_wconf 86' lang='lat' dir='ltr'>Qod</span> <span class='ocrx_word' id='word_1_879' title='bbox 1737 3145 1841 3188; x_wconf 89' lang='lat' dir='ltr'>ipsum</span> <span class='ocrx_word' id='word_1_880' title='bbox 1866 3148 2036 3191; x_wconf 85' lang='lat' dir='ltr'>Zozymus</span> 
     </span>
     <span class='ocr_line' id='line_1_131' title="bbox 1155 3189 2036 3242; baseline 0.008 -17"><span class='ocrx_word' id='word_1_881' title='bbox 1155 3192 1314 3226; x_wconf 85' lang='lat' dir='ltr'>Pontifex</span> <span class='ocrx_word' id='word_1_882' title='bbox 1333 3189 1440 3224; x_wconf 90' lang='lat' dir='ltr'>scribit</span> <span class='ocrx_word' id='word_1_883' title='bbox 1463 3191 1504 3225; x_wconf 90' lang='lat' dir='ltr'>ad</span> <span class='ocrx_word' id='word_1_884' title='bbox 1518 3192 1726 3235; x_wconf 85' lang='lat' dir='ltr'>Hesychium</span> <span class='ocrx_word' id='word_1_885' title='bbox 1747 3196 1875 3230; x_wconf 78' lang='lat' dir='ltr'>Salonae</span> <span class='ocrx_word' id='word_1_886' title='bbox 1902 3197 2036 3242; x_wconf 87' lang='lat' dir='ltr'>Episco-</span> 
     </span>
     <span class='ocr_line' id='line_1_132' title="bbox 1158 3241 2186 3291; baseline 0.005 -16"><span class='ocrx_word' id='word_1_887' title='bbox 1158 3254 1234 3285; x_wconf 88' lang='lat' dir='ltr'>pum</span> <span class='ocrx_word' id='word_1_888' title='bbox 1247 3267 1257 3282; x_wconf 92' lang='lat'>‚</span> <span class='ocrx_word' id='word_1_889' title='bbox 1283 3241 1457 3276; x_wconf 84' lang='lat' dir='ltr'>Dalmatiae</span> <span class='ocrx_word' id='word_1_890' title='bbox 1468 3241 1732 3286; x_wconf 88' lang='lat' dir='ltr'>Metropolitam.</span> <span class='ocrx_word' id='word_1_891' title='bbox 1759 3245 1868 3282; x_wconf 82' lang='lat' dir='ltr'>Etiam</span> <span class='ocrx_word' id='word_1_892' title='bbox 1880 3246 2034 3291; x_wconf 89' lang='lat' dir='ltr'>Synodus</span> <span class='ocrx_word' id='word_1_893' title='bbox 2052 3246 2135 3286; x_wconf 81' lang='lat' dir='ltr'>Epist.</span> <span class='ocrx_word' id='word_1_894' title='bbox 2162 3260 2186 3280; x_wconf 82' lang='lat'>1.</span> 
     </span>
     <span class='ocr_line' id='line_1_133' title="bbox 1159 3291 2124 3340; baseline 0.006 -16"><span class='ocrx_word' id='word_1_895' title='bbox 1159 3292 1354 3326; x_wconf 80' lang='lat' dir='ltr'>Bracarensis</span> <span class='ocrx_word' id='word_1_896' title='bbox 1367 3291 1520 3333; x_wconf 88' lang='lat' dir='ltr'>mandat,</span> <span class='ocrx_word' id='word_1_897' title='bbox 1546 3303 1583 3327; x_wconf 89' lang='lat' dir='ltr'>ut</span> <span class='ocrx_word' id='word_1_898' title='bbox 1604 3305 1646 3327; x_wconf 89' lang='lat' dir='ltr'>ex</span> <span class='ocrx_word' id='word_1_899' title='bbox 1656 3295 1741 3330; x_wconf 83' lang='lat' dir='ltr'>laico</span> <span class='ocrx_word' id='word_1_900' title='bbox 1765 3308 1864 3331; x_wconf 86' lang='lat' dir='ltr'>nemo</span> <span class='ocrx_word' id='word_1_901' title='bbox 1887 3299 1944 3332; x_wconf 83' lang='lat' dir='ltr'>fiat</span> <span class='ocrx_word' id='word_1_902' title='bbox 1956 3298 2033 3340; x_wconf 86' lang='lat' dir='ltr'>Epi·</span> <span class='ocrx_word' id='word_1_903' title='bbox 2051 3296 2075 3318; x_wconf 71' lang='lat' dir='ltr'>c·</span> <span class='ocrx_word' id='word_1_904' title='bbox 2097 3296 2124 3324; x_wconf 89' lang='lat'>3·</span> 
     </span>
     <span class='ocr_line' id='line_1_134' title="bbox 1158 3339 2031 3391; baseline 0.008 -17"><span class='ocrx_word' id='word_1_905' title='bbox 1158 3342 1288 3384; x_wconf 86' lang='lat' dir='ltr'>scopus,</span> <span class='ocrx_word' id='word_1_906' title='bbox 1313 3339 1366 3374; x_wconf 89' lang='lat' dir='ltr'>sed</span> <span class='ocrx_word' id='word_1_907' title='bbox 1385 3339 1524 3384; x_wconf 75' lang='lat' dir='ltr'>primum</span> <span class='ocrx_word' id='word_1_908' title='bbox 1544 3342 1681 3385; x_wconf 70' lang='lat' dir='ltr'>Lector.</span> <span class='ocrx_word' id='word_1_909' title='bbox 1705 3354 1884 3391; x_wconf 81' lang='lat' dir='ltr'>totumque</span> <span class='ocrx_word' id='word_1_910' title='bbox 1907 3356 2031 3381; x_wconf 87' lang='lat' dir='ltr'>annum</span> 
     </span>
     <span class='ocr_line' id='line_1_135' title="bbox 1155 3389 2032 3435; baseline 0.007 -11"><span class='ocrx_word' id='word_1_911' title='bbox 1155 3391 1189 3424; x_wconf 90' lang='lat' dir='ltr'>in</span> <span class='ocrx_word' id='word_1_912' title='bbox 1203 3390 1261 3424; x_wconf 86' lang='lat' dir='ltr'>isto</span> <span class='ocrx_word' id='word_1_913' title='bbox 1274 3389 1452 3426; x_wconf 88' lang='lat' dir='ltr'>ministerio</span> <span class='ocrx_word' id='word_1_914' title='bbox 1464 3391 1636 3435; x_wconf 88' lang='lat' dir='ltr'>probetur.</span> <span class='ocrx_word' id='word_1_915' title='bbox 1664 3395 1706 3430; x_wconf 88' lang='lat' dir='ltr'>Et</span> <span class='ocrx_word' id='word_1_916' title='bbox 1729 3397 1868 3431; x_wconf 84' lang='lat' dir='ltr'>secunda</span> <span class='ocrx_word' id='word_1_917' title='bbox 1893 3396 2032 3430; x_wconf 86' lang='lat' dir='ltr'>Toleta-</span> 
     </span>
    </p>
   </div>
   <div class='ocr_carea' id='block_1_10' title="bbox 1157 3441 2031 3528">
    <p class='ocr_par' dir='ltr' id='par_1_15' title="bbox 1157 3441 2031 3528">
     <span class='ocr_line' id='line_1_136' title="bbox 1157 3441 2031 3526; baseline 0.007 -52"><span class='ocrx_word' id='word_1_918' title='bbox 1157 3452 1196 3475; x_wconf 85' lang='lat' dir='ltr'>na</span> <span class='ocrx_word' id='word_1_919' title='bbox 1211 3441 1384 3484; x_wconf 81' lang='lat' dir='ltr'>Synodus,</span> <span class='ocrx_word' id='word_1_920' title='bbox 1409 3452 1507 3488; x_wconf 84' lang='lat' dir='ltr'>agens</span> <span class='ocrx_word' id='word_1_921' title='bbox 1530 3443 1761 3482; x_wconf 68' lang='lat' dir='ltr'>deinfantibus</span> <span class='ocrx_word' id='word_1_922' title='bbox 1772 3447 1850 3481; x_wconf 91' lang='lat' dir='ltr'>Deo</span> <span class='ocrx_word' id='word_1_923' title='bbox 1872 3446 1906 3479; x_wconf 67' lang='grc' dir='ltr'>ὅ(</span> <span class='ocrx_word' id='word_1_924' title='bbox 1920 3444 2031 3526; x_wconf 51' lang='lat' dir='ltr'>{cclc-</span> 
     </span>
     <span class='ocr_line' id='line_1_137' title="bbox 1945 3505 1982 3528; baseline 0.027 -1"><span class='ocrx_word' id='word_1_925' title='bbox 1945 3505 1982 3528; x_wconf 63' lang='grc' dir='ltr'>ιω</span> 
     </span>
    </p>
   </div>
  </div>
 </body>
</html>
