2340 3762
668 170 734 200 DE
770 166 940 200 snxrA
975 151 1219 196 Srnono
1252 162 1577 194 GENERALI.

216 246 344 293 qualem
357 244 488 280 Adamo
499 244 589 280 Deus
603 242 709 277 bonus
723 240 843 276 indidit
853 266 865 282 ‚
877 251 946 275 non
958 239 1093 284 poenalis

215 299 250 332 ἀ
259 295 429 330 immunda
440 295 525 329 vitio
547 292 736 340 rebellipnis
746 315 756 331 ‚
781 291 871 336 quod
892 291 1003 325 Adam
1022 301 1094 333 prae-

213 347 373 381 varicator
382 345 441 379 fibi
457 344 514 388 ipfi
526 343 661 384 intulit,
671 343 705 377 δε
715 341 972 384 circumscriptor
982 339 1093 375 diabo-

214 397 266 431 lus
280 396 392 430 infixit
402 410 415 429 .·
438 395 518 430 Hoc
529 394 574 429 est
588 405 658 427 non
681 392 806 427 rebellis
829 390 934 425 libido
944 416 955 432 ‚
981 390 1035 426 sed
1056 389 1093 424 li-

214 445 270 481 ber
278 458 316 482 ac
328 446 471 481 dominae
481 440 584 479 tnenti
598 443 693 488 plene
704 441 859 485 subjectus
879 450 947 476 tam
957 440 1093 476 inferior

212 497 312 540 quam
333 496 476 542 superior
489 495 636 530 affectus.

400 768 735 823 ACTIO
801 772 893 817 IX.

320 936 422 973 Nona
441 935 609 980 Aetione,
636 939 718 975 fasta
741 942 857 976 ottavo
876 938 932 973 die
951 935 1091 977 Martii,

327 988 442 1024 Petrus
460 986 744 1032 Nicomedienfis,
770 988 926 1025 Salomon
949 986 1091 1027 clanei,

211 1039 383 1081 Antonius
407 1039 650 1083 Hypeporum,
675 1041 710 1074 ὃς
736 1039 940 1076 Theodorus
963 1037 1090 1072 Meliti-

210 1090 316 1125 nensss
340 1088 541 1133 Episcopus,
579 1089 703 1125 Clerici
729 1091 809 1126 item
836 1089 917 1125 varii
941 1087 1091 1124 Ecclefiae

212 1139 591 1184 Constantinopolitanae
603 1163 614 1180 ‚
651 1152 713 1175 nec
747 1153 818 1177 non
854 1139 1019 1185 Georgius
1052 1149 1093 1173 ac

210 1188 395 1234 Stephanus
403 1187 559 1227 monachi
579 1201 617 1224 ac
626 1188 768 1227 Macatii
792 1189 988 1227 Patriarchae
1002 1188 1092 1223 Pres-

212 1239 322 1282 byteri
337 1250 377 1277 ac
386 1239 555 1282 syncelli,
582 1240 747 1285 petierunt
767 1251 866 1287 atque
878 1241 1091 1286 impetrarunt

210 1289 433 1326 audientiam.
460 1288 665 1336 Stephanus,
691 1291 767 1328 licet
787 1292 807 1326 a
828 1292 950 1326 Basilio
969 1289 1091 1331 Gorty-

211 1350 261 1373 nae
295 1339 460 1384 Episcopo
482 1363 494 1379 ,
528 1340 732 1374 Cretenfium
768 1339 986 1383 Metropolita
1000 1361 1011 1378 ,
1046 1335 1092 1371 ob

209 1388 360 1424 ablatum
368 1388 521 1424 Macario
530 1388 668 1432 pallium
686 1388 752 1431 jam
773 1389 925 1428 laudato,
950 1386 1093 1429 graviter

209 1436 380 1473 monitus,
403 1436 524 1468 manfit
532 1437 703 1476 pertinax„
729 1435 813 1468 adeo
826 1444 862 1468 ut
873 1435 946 1477 ejus
953 1434 1092 1477 Collega

210 1482 375 1528 Georgius
385 1479 426 1518 de
435 1481 496 1516 illo
507 1481 630 1517 dixerit
640 1481 681 1516 ad
693 1483 866 1527 Synodum
879 1497 891 1517 .-
915 1487 1023 1517 Extra
1042 1487 1092 1515 in-

209 1540 371 1569 tentionem
385 1530 556 1575 sanderum
578 1534 706 1566 Parrum
727 1531 1089 1577 disputat,adversarius

209 1577 341 1618 Petram
362 1582 507 1625 existens.
534 1583 654 1625 Neque
678 1584 770 1618 enim
793 1583 836 1624 a'd
863 1582 1092 1628 poenitendum

209 1633 413 1676 advenerat,
433 1632 487 1668 sed
498 1632 539 1667 ad
553 1631 718 1676 dejectum
738 1634 924 1670 Macarium
945 1644 1093 1677 reparan-

210 1681 313 1723 dum,
338 1682 426 1725 quafi
453 1682 535 1717 alter
570 1683 739 1718 Barsumas
764 1686 858 1719 ausus
886 1684 924 1718 in
956 1681 1092 1727 Synodo

209 1731 473 1767 Chalcedonensi
492 1740 618 1767 tentare
635 1734 871 1777 reparationem
878 1730 1092 1777 Eutychetis.
1115 1755 1117 1757 ·

212 1781 349 1817 Patrum
370 1780 560 1816 testimonia
571 1791 720 1818 truncare
730 1795 768 1819 ac
778 1784 952 1828 depravare
963 1795 1031 1818 non
1041 1782 1102 1820 de-.

211 1832 268 1867 fiit
276 1855 288 1872 ‚
314 1829 454 1875 ideoque
464 1830 500 1865 in
510 1830 607 1866 illum
614 1832 810 1868 exclamavit
821 1833 976 1878 synodus
989 1845 997 1865 :
1024 1839 1096 1868 Ησ-

211 1881 428 1923 reticumforas
440 1887 526 1916 mitte
538 1906 550 1924 ,
572 1885 663 1916 Novo
683 1882 840 1924 Eutychen
861 1884 955 1918 malos
975 1892 1071 1916 annos
1083 1906 1094 1923 ‚

212 1936 305 1966 Novo
345 1931 512 1974 Apollinari
537 1934 630 1966 malos
655 1943 774 1973 annos,
799 1939 983 1973 Haereticum
1000 1932 1099 1974 foras,

210 1987 317 2031 mitre.
342 1980 490 2027 Pergunt
502 1980 586 2017 Asta
607 1982 794 2025 synodalia:
821 1987 868 2019 Et
889 1981 1031 2026 impulsus
1057 1982 1095 2022 est

212 2031 381 2075 Stephanus
415 2030 576 2075 dfiipulus
607 2035 735 2067 Macarii
747 2057 758 2075 ‚
802 2035 838 2068 Θ
861 2033 949 2076 foras
974 2033 1071 2076 miffus
1084 2057 1092 2065 .

210 2081 259 2116 Et
271 2081 455 2115 Anastasius
464 2079 762 2117 Bibliothecarius:
788 2083 970 2126 stephanum
991 2086 1095 2117 Maca-

217 2129 442 2174 rildtfiipuhom
461 2132 567 2164 Clerici
579 2135 708 2166 Romam
728 2135 875 2174 ejicientes
895 2133 1074 2174 expulerunt
1087 2157 1094 2167 .

213 2180 269 2215 Ex
300 2190 369 2224 qno
390 2179 514 2223 liquet,
548 2181 638 2225 quod
673 2181 863 2217 Anastafius
893 2180 1095 2227 compendio

213 2240 310 2264 utens
319 2229 406 2274 gesta
415 2229 452 2263 in
461 2229 590 2268 diverfis
607 2230 722 2266 diebus
743 2232 779 2267 ὅτ.
791 2229 988 2268 Λᾶὶοιιίδυς
1018 2243 1093 2267 con-

213 2277 323 2315 trahat
339 2280 375 2313 in
385 2289 488 2313 unum
502 2304 510 2312 .
972 2318 975 2321 ,

261 2330 319 2363 De
327 2330 452 2364 cunctis
461 2330 595 2374 reliquis
618 2331 685 2373 jam
695 2332 890 2367 enumeratis
912 2332 1017 2367 edixit
1035 2332 1094 2377 Sy·

214 2376 339 2414 nodus.
364 2379 450 2418 Eos,
474 2382 820 2422 quzjampoenitennam
835 2392 980 2427 egerunt,
999 2384 1034 2418 Θ
1045 2381 1094 2426 fi‘·

210 2428 314 2471 pem'cs
324 2433 491 2471 nominatos
507 2438 572 2463 tam
583 2429 742 2473 Episcopus
760 2434 854 2474 ⁴quam
865 2435 993 2467 clmcos
1001 2457 1014 2474 ,
1039 2438 1094 2475 qui

214 2480 249 2512 <a
258 2489 334 2512 nunc
353 2483 387 2512 in
395 2479 493 2513 medio
504 2488 673 2523 tamquam
687 2484 882 2525 poenitentes
904 2483 940 2517 δε
952 2483 1002 2517 rei
1019 2481 1091 2524 adst

209 2527 316 2569 stunt,
335 2529 463 2573 (9ηέἶέ
471 2532 533 2562 una
554 2528 698 2573 nobili-um
717 2531 914 2574 confitentur,
946 2534 1093 2576 praevidi-

216 2588 283 2611 mus
293 2574 449 2621 quidem‘in
455 2585 583 2620 propriis
594 2580 663 2615 locis
674 2580 791 2622 refidere
803 2606 810 2613 .
833 2582 960 2617 Libellos
966 2592 1069 2617 autem
1080 2607 1092 2624 ‚

213 2637 286 2670 quos
290 2626 502 2671 promiserunt,
515 2630 836 2672 propriae-eorumfidei
849 2643 914 2665 cum
921 2634 1093 2674 jurejuran-

213 2677 254 2711 do
262 2676 440 2721 insequenti
450 2677 571 2718 offerent
582 2703 590 2712 .
619 2680 664 2714 Et
683 2680 979 2723 responderunt-illi
996 2696 1004 2715 :
1033 2679 1092 2716 Pa·

214 2732 278 2760 rati
294 2725 398 2771 sumus
420 2733 452 2767 in
466 2726 655 2772 subsequenti
675 2729 763 2764 πᾶσι·
793 2730 897 2772 nostrae
932 2731 1008 2774 fidei
1026 2742 1093 2766 cum

210 2778 409 2817 jurejurando
426 2777 537 2812 libellos
558 2779 656 2820 offerre
674 2804 682 2812 .
720 2778 777 2814 Ob
796 2779 978 2816 haereticam
1002 2784 1092 2817 enim

215 2824 385 2868 chartam,
410 2827 429 2861 a
441 2826 628 2864 Theodoro
651 2829 853 2865 Melitinenfi
866 2829 978 2866 ‘Archi
992 2850 1003 2857 ·
1015 2831 1093 2876 Epi-

216 2875 314 2919 stopo
326 2901 338 2918 ,
363 2875 501 2912 homine
520 2877 673 2923 imperito
691 2873 900 2923 &‘rustico‚
924 2881 1090 2917 obtrusum

217 2925 354 2965 synodo
374 2926 496 2962 haerefis
525 2929 742 2973 suspicionem
776 2931 1000 2972 incurrerant,
1026 2931 1092 2968 fue-

217 2982 355 3016 rantque
366 2979 467 3022 usque
477 2978 518 3013 ad
530 2978 666 3021 juratam
677 2980 712 3015 in
722 2980 841 3026 scripto
862 2982 1092 3026 professionem

218 3023 239 3056 ὃ,
252 3024 400 3066 synodali
408 3028 559 3062 conseffu
578 3029 613 3064 δε
625 3030 778 3076 suffragio
797 3032 935 3076 suspensi
954 3058 961 3065 .
988 3032 1093 3067 Porro

217 3070 332 3107 charta
342 3074 440 3110 illa&
449 3076 626 3114 Theodori
638 3080 773 3117 audacia
793 3082 927 3118 fuerunt
949 3085 1093 3119 omnino

215 3131 302 3158 artes
311 3122 466 3168 Stephani
473 3125 678 3166 Antiocheni
689 3156 697 3163 .

1362 336 1695 385 ACTIO
1765 341 1824 396 x,

1258 485 1398 520 Decima
1410 483 1552 520 Actione
1568 510 1578 526 ‚
1604 481 1686 523 filisa
1699 485 1754 520 die
1766 484 1897 520 decimo
1915 488 2035 520 ostavo

1241 579 1245 583 ἢ
1273 535 1411 575 Martii,
1434 535 1674 570 Constantinus
1683 535 1834 571 Ecclefiae
1845 537 2036 571 Constanti-

1156 587 1352 630 nopolitanae
1363 585 1535 619 Diaconus
1558 585 1593 618 &
1614 585 1752 630 Georgii
1761 583 1951 621 Patriarchae
1962 586 2035 621 No·

1153 638 1311 671 tariorum
1333 634 1562 675 primicerius,
1588 634 1764 677 postulavit
1786 637 1869 671 duo:
1898 635 2010 670 Primo
2024 659 2036 675 ,

1153 687 1245 731 legi,
1270 686 1472 725 examinari,
1498 686 1534 719 ὅ(
1555 695 1632 719 cum
1652 684 1851 720 authenticis
1862 686 2034 721 codicibus

1153 737 1295 771 conferri
1313 736 1437 778 reliqua
1458 736 1645 769 [austerum
1664 734 1801 779 Parrum
1821 736 2009 771 testimonia
2019 760 2033 778 ,

1154 798 1209 831 per
1217 786 1404 822 Macarium
1428 783 1681 820 Antiochenum
1702 797 1740 820 ac
1753 784 1822 829 eju's
1841 784 2036 829 discipulum

1152 837 1336 879 deflorat23
1360 835 1638 871 deindeaudiri&
1649 835 1749 879 recipi
1771 836 1972 879 poenitentiae
1997 848 2035 869 ac

1153 886 1231 922 fidei
1247 886 1377 929 libellos
1392 886 1411 920 a
1422 886 1521 920 Petro
1540 884 1787 921 Nicomedienfi
1799 911 1812 928 ,
1838 885 2037 929 reliquisque

1155 937 1324 980 Episcopis
1334 936 1370 971 &
1380 935 1519 971 Clericis
1527 935 1593 979 jam
1603 936 1697 981 supra
1705 936 1928 972 reconciliatis
1938 961 1946 968 .
1969 935 2035 970 Ve-

1153 987 1226 1020 rum
1235 988 1269 1021 ὅ(
1279 986 1433 1031 Synodus
1442 987 1477 1021 δε
1489 987 1642 1030 Princeps
1653 987 1742 1031 prius
1754 987 1929 1022 voluerunt
1948 987 2036 1019 Codi-

1154 1038 1277 1078 culum,
1302 1034 1478 1080 q'uioblatus
1502 1036 1541 1077 est
1559 1045 1752 1079 paternorum
1769 1037 1990 1078 testimoniorum
2015 1038 2036 1067 ὰ

1150 1095 1238 1130 parte
1247 1086 1412 1130 Apostolicae
1419 1087 1505 1121 sedis
1514 1093 1650 1130 antiquae
1659 1091 1762 1122 Romae
1773 1112 1785 1129 ‚
1810 1096 1865 1130 qul
1883 1089 1916 1120 (9¹
1931 1085 1988 1130 sub
1999 1083 2038 1126 fi-

1149 1138 1233 1182 gillis
1254 1136 1374 1179 consistit
1386 1161 1398 1178 ,
1422 1139 1468 1171 ad
1487 1138 1616 1171 medium
1639 1138 1745 1171 deduci
1764 1139 1810 1171 ad
1828 1137 2015 1181 relegendum
2026 1158 2038 1174 ‚

1153 1188 1244 1231 atQue
1255 1187 1461 1232 conferendum
1481 1199 1548 1222 cum
1556 1187 1646 1224 libris
1664 1187 1843 1222 venerabilis
1855 1183 2039 1221 Patriarchii

1151 1237 1244 1281 hujus
1256 1241 1278 1271 ἂ
1289 1241 1350 1272 Deo
1357 1236 1573 1281 conservandae
1583 1242 1686 1282 Regiae
1695 1238 1782 1272 urbis
1792 1264 1801 1271 .

1204 1292 1252 1322 Et
1268 1290 1404 1331 prolatus
1429 1289 1469 1330 est
1490 1288 1659 1332 hujusmodi
1676 1290 1840 1324 Codieillus
1855 1286 2006 1331 figillatas
2026 1309 2038 1326 ,

1156 1335 1278 1371 habens
1288 1336 1373 1372 hanc
1385 1337 1597 1381 Epigraphen
1609 1351 1620 1370 .·
1645 1336 1985 1380 ιςβὶνηοηὶαῙαηθονιιω
2003 1346 2038 1368 ac

1149 1386 1349 1428 probabilium
1369 1389 1499 1420 Panum
1517 1411 1529 1426 ,
1552 1386 1731 1426 ostendentia
1762 1389 1842 1419 duas
1864 1388 2039 1420 voluntates

1156 1436 1195 1466 6-
1210 1435 1290 1465 duas
1301 1438 1484 1475 operationes
1493 1439 1526 1465 in
1539 1437 1664 1467 Domino
1675 1458 1688 1474 ‚
1712 1437 1748 1469 ὑ·
1769 1437 1828 1468 Deo
1839 1458 1852 1475 ,
1875 1436 1909 1468 6·
1930 1437 2040 1467 salva-

1155 1490 1217 1515 tore
1230 1480 1313 1528 Jefic
1334 1480 1466 1522 christo.
1506 1482 1712 1518 Codicillum
1735 1483 1846 1527 itaque
1878 1481 2038 1518 Salomon

1157 1532 1306 1571 Ecclefiae
1340 1551 1342 1553 -
1362 1532 1743 1577 Constantinopolitanae
1785 1534 1959 1569 Diaconus
1999 1545 2039 1568 ac

1156 1581 1296 1627 Georgii
1308 1580 1499 1617 Patriarchae
1510 1583 1669 1618 Notarius
1682 1607 1694 1624 ,
1717 1583 1786 1626 ejus
1795 1594 1904 1619 autem
1910 1584 2040 1628 collega

1156 1630 1269 1666 Petrus
1280 1632 1521 1677 legitintegros
1536 1631 1669 1667 Patrum
1682 1632 1813 1668 codices
1823 1658 1836 1675 ,
1860 1644 1901 1668 ex
1922 1632 2039 1677 quibus

1155 1680 1312 1716 deflorata
1323 1681 1416 1717 erant
1427 1682 1613 1717 testimon-ia
1624 1707 1636 1724 ,
1660 1682 1695 1716 &
1705 1682 1748 1716 ad
1755 1683 1884 1728 fingula
1894 1683 2015 1718 dicitur
2028 1697 2036 1715 ι

1156 1733 1248 1775 ,Quod
1259 1731 1451 1772 testimonium
1461 1733 1601 1766 collatum
1612 1733 1756 1774 constitit.
1785 1733 1885 1768 Lesta
1907 1735 1982 1768 sunt
1995 1744 2038 1767 te-

1156 1780 1311 1816 stimonia
1323 1782 1512 1817 sanctorum
1523 1782 1648 1817 Leonis
1657 1807 1669 1824 ‚
1679 1782 1846 1818 Ambrofii
1862 1808 1874 1826 ,
1902 1783 2039 1827 Joannis

1157 1830 1387 1875 Chrysostomi
1397 1856 1409 1873 ,
1435 1829 1607 1867 Athanasii
1633 1858 1644 1874 ‚
1681 1833 1837 1878 Gregorii
1874 1833 1911 1867 N
1912 1834 2013 1880 yffeni
2026 1859 2037 1874 ‚

1158 1876 1299 1925 Cytilli,
1326 1881 1526 1926 Epiphanii,
1551 1883 1705 1929 Gregorii
1718 1883 1946 1924 Nazianzeni‚
1968 1883 2039 1919 Au·

1157 1931 1278 1977 gustini
1290 1956 1301 1972 ,
1313 1932 1430 1976 Justini
1441 1934 1597 1977 Martyris
1613 1945 1650 1968 ac
1663 1933 1885 1978 Philosophi,
1898 1935 2039 1970 Efremii

1158 1981 1362 2016 Antiocheni
1376 1982 1529 2027 Episcopi
1543 2009 1553 2025 ,
1580 1983 1740 2018 Anastafii
1759 1985 1839 2019 item
1853 1984 2040 2020 Antioche-

1158 2033 1215 2073 ni,
1242 2032 1377 2075 Joannis
1388 2030 1654 2078 Schytopolitani
1668 2058 1678 2073 ,
1705 2045 1765 2068 nec
1779 2046 1847 2068 non
1864 2034 2038 2078 Justiniani

1158 2079 1323 2126 Augusti,
1348 2081 1534 2118 constanter
1553 2082 1634 2118 duas
1656 2084 1690 2117 in
1712 2084 1865 2118 Domino
1888 2084 2039 2119 volunta⁴

1130 2149 1134 2153 ·
1157 2140 1204 2166 tes
1229 2141 1326 2176 atque
1346 2133 1552 2177 operationes
1571 2133 1794 2168 affierentium.
1834 2134 1931 2168 Lecta
1959 2135 2038 2168 item

1158 2181 1230 2216 sunt
1240 2183 1426 2217 testimonia
1436 2182 1657 2218 haereticorum
1671 2208 1681 2224 ‚
1697 2183 1879 2218 Themistii
1891 2184 2039 2218 Diaconi

1159 2231 1400 2274 Alexandrini,
1426 2232 1595 2277 Anthymi
1609 2234 1762 2277 Episcopi
1772 2233 2014 2278 Trapezuntini
2028 2260 2038 2275 ,

1158 2280 1266 2316 Severi
1307 2281 1515 2317 Antiocheni
1526 2308 1537 2325 ,
1572 2282 1757 2318 Theodofii
1796 2283 2036 2325 Alexandrini,

1157 2330 1331 2367 Theodori
1367 2332 1524 2367 monachi
1560 2332 1780 2368 Alexandrini
1801 2357 1813 2374 ,
1850 2333 1923 2367 noti
1952 2334 2040 2376 apud

1155 2380 1319 2417 Photium
1329 2382 1364 2416 in
1376 2381 1581 2417 Bibliotheca
1595 2406 1607 2424 ,
1629 2382 1663 2416 &
1674 2383 1784 2427 nescio
1805 2382 1897 2426 cujus
1917 2381 2011 2419 Pauli
2026 2408 2039 2423 ,

1157 2431 1276 2476 dequo
1286 2434 1422 2467 Sanetus
1443 2431 1648 2476 Sophronius
1662 2432 1705 2479 ¹in
1725 2429 1844 2466 litteris
1869 2430 2039 2480 synodicis

1156 2480 1196 2515 ad
1206 2482 1353 2527 Sergium
1366 2480 1586 2517 Patriarcham
1604 2481 2019 2526 Constantinopolitanum,
2028 2496 2039 2516 z

1157 2533 1274 2566 Paulus
1283 2554 1295 2572 ,
1319 2538 1370 2575 qui
1385 2531 1492 2576 fusms
1504 2555 1514 2572 ‚
1538 2544 1597 2566 non
1617 2530 1712 2576 saltim
1731 2533 1931 2576 appellatione
1950 2557 1963 2574 ,
1980 2531 2041 2577 sed

1155 2583 1189 2616 o·
1200 2580 1357 2625 secundam
1381 2588 1559 2616 veritatem.
1586 2583 1670 2631 Qae
1691 2583 1804 2617 omnia
1838 2594 1940 2618 unam
1960 2583 2039 2618 affe-

1155 2642 1245 2667 ruere
1259 2632 1460 2667 voluntatem
1474 2658 1481 2666 .
1494 2632 1539 2667 Et
1552 2633 1671 2668 collata
1681 2632 1899 2667 constiterunt
1909 2658 1916 2664 .
1928 2631 2037 2667 Porro

1154 2682 1196 2717 de
1207 2683 1326 2717 Sanno
1339 2682 1508 2718 Anastasio
1521 2683 1663 2727 quaefivit
1676 2682 1809 2718 Bafilius
1821 2680 2036 2731 Metropolita.

1156 2732 1387 2776 Gortynenfis:
1413 2732 1540 2776 Suscipit
1555 2731 1668 2777 sanda
1690 2730 1916 2776 &universalis
1936 2731 2036 2772 vestra

1154 2783 1282 2821 synodus
1304 2781 1380 2817 bunc
1399 2783 1540 2817 Sannum
1561 2782 1759 2827 Aufidium,
1784 2789 1836 2825 qui
1847 2781 1914 2823 fuit
1935 2781 2038 2816 Archi·

1154 2830 1314 2875 Episcopus
1326 2833 1488 2868 Antiochus
1498 2856 1510 2880 2
1532 2835 1620 2875 quus
1629 2833 1822 2875 testimonium
1836 2837 1869 2865 in
1888 2831 2034 2875 praeseml

1155 2882 1287 2916 relietum
1298 2883 1337 2923 est
1346 2905 1357 2922 ,
1377 2881 1597 2927 satisfacientis
1606 2892 1664 2926 pro
1684 2887 1770 2916 Tomo
1780 2884 1800 2914 5
1800 2881 1882 2914 anai
1892 2885 2002 2916 Leonis
2013 2883 2032 2915 ,ἓ

1156 2933 1199 2967 Et
1209 2931 1376 2977 respondit
1389 2933 1562 2976 ,Synodus.
1587 2932 1764 2977 Suscipimus
1789 2931 1931 2974 sandum
1951 2930 2032 2965 >ina-

1148 2980 1265 3024 stastum
1274 3008 1286 3024 ‚
1309 2982 1468 3018 orthodoxe
1485 2982 1718 3025 satisfacientem
1722 2989 1781 3023 pro
1790 2982 1879 3015 Tomo
1884 2982 1987 3023 San&
1995 2984 2030 3017 ὣ·

1153 3032 1352 3066 memorabilis
1363 3036 1459 3076 Papae
1471 3036 1579 3066 Leonis
1592 3057 1599 3064 .
1628 3031 1671 3065 Et
1684 3029 1885 3066 Theodorus
1897 3025 2031 3076 Episco-

1157 3093 1214 3126 pus
1224 3083 1440 3125 Melitineniis
1452 3095 1459 3115 :
1479 3082 1619 3116 sanelum
1630 3088 1717 3123 uocat
1725 3088 1807 3115 totus
1819 3080 1929 3115 O'rlens
1950 3080 2030 3115 bunc

1156 3132 1271 3166 SanHae
1281 3138 1426 3167 memoriae
1438 3130 1615 3172 Anastafium
1626 3153 1640 3171 ‚
1661 3135 1712 3172 qut
1726 3130 1793 3172 fuit
1803 3129 2030 3175 Arcbtsspisco-

1152 3190 1209 3224 pus
1221 3182 1388 3223 antiochie,
1413 3184 1505 3223 &qui
1516 3192 1575 3214 non
1591 3179 1714 3224 suscipit
1728 3205 1740 3221 ‚
1766 3183 1852 3214 Deus
1869 3192 1936 3215 eum
1955 3192 2030 3216 ana-

1152 3232 1325 3266 ehemauzet
1335 3256 1343 3262 .
1354 3232 1398 3264 Et
1406 3231 1518 3266 omnis
1526 3230 1678 3273 synodus
1685 3229 1880 3266 acclamavit
1891 3244 1904 3265 .·
1915 3235 2008 3265 Amen
2017 3258 2027 3264 .

1156 3283 1226 3317 Hic
1237 3283 1281 3316 est
1293 3282 1427 3323 sandius
1439 3280 1621 3315 Anastafius
1642 3290 1867 3326 cognomento
1879 3282 2004 3316 Sinaita
2018 3305 2030 3322 ,

1154 3333 1172 3366 a
1183 3331 1372 3374 Iustiniano*
1384 3329 1663 3366 oborthodoxam
1683 3330 1726 3366 de
1737 3330 1940 3375 corruptibili
1959 3333 2031 3365 Do-

1156 3381 1237 3414 mini
1250 3392 1384 3425 corpore
1395 3380 1493 3415 fidem
1511 3380 1628 3423 ejectus
1651 3392 1693 3415 ex
1707 3381 1902 3426 Episcopatu
1913 3405 1925 3421 ,
1950 3382 1985 3414 &
2009 3380 2027 3415 ὲ

1157 3430 1316 3472 Mauritio
1337 3429 1490 3480 Augusto
1516 3430 1680 3466 restitutus
1719 3432 1760 3467 ad
1783 3429 2027 3508 precesGSansti

1934 3488 1979 3511 re-
