2340 3762
145 250 219 290 cap.-
233 261 257 286 1,

390 186 489 217 200
594 170 880 218 canonas
916 169 1220 216 coneum

322 253 371 288 liz
388 266 443 298 per
456 267 604 299 parentes
627 258 669 292 ad
681 258 881 292 Clericatum
893 278 904 294 ,
930 254 1069 288 oblatis:
1097 256 1206 287 statut-

320 315 387 342 mus
402 305 620 348 observandum
633 331 644 347 ,
667 319 701 341 ut
711 318 777 340 mox
786 306 850 338 cam
857 303 968 343 detonfi
976 328 986 344 ,
1012 305 1065 337 vel
1076 304 1206 345 ministe—

320 360 364 393 κιο
389 356 544 391 ,[,εᾶονιιηι
568 359 729 391 contraditi
743 354 888 394 fuerint,
914 358 947 386 in
967 354 1051 387 domo
1071 354 1205 396 Ecclefiae

321 404 452 443 debeant
469 410 596 447 eradii-J,
623 404 811 444 Tonsuram
834 404 869 438 &
891 402 1102 443 Lestoratum
1126 416 1205 440 con.

320 453 432 494 ,fundit
445 483 452 491 .

372 505 568 549 Respondeo
586 511 695 538 tamen
710 514 836 538 morem
860 505 1005 539 nostrum
1030 504 1205 550 effelonge

321 554 576 598 antiquissimum
587 578 594 588 ,.
621 553 814 588 Tonsuram
825 555 914 589 enim
930 555 970 590 ab
982 556 1075 590 omni
1096 557 1203 590 mino·

321 609 348 642 ri
361 606 485 638 Ordine
498 604 603 648 palam
614 604 785 649 distinguit
807 606 959 648 antiquus
974 605 1066 640 Ordo
1082 605 1205 643 Roma.-

319 664 382 690 ειυς
396 679 406 694 ,
434 655 542 690 Saneti
560 655 712 699 Gregorii
724 680 734 695 ,
746 655 849 691 immo
860 657 966 690 Sanc'ii
981 657 1102 691 Gelafii
1116 655 1203 692 Pon-

317 704 415 739 tificis
427 716 510 749 opus
523 730 533 746 ,
551 704 571 738 ὲ
582 704 744 749 Gregorio
755 704 925 740 dumtaxat
945 705 1075 741 austum
1097 707 1131 740 &
1145 720 1196 751 po·

317 754 413 790 litum
427 781 434 787 .
462 754 679 792 Concordant
692 754 911 799 antiquissima
930 756 1124 795 Latinarum
1139 759 1196 792 Ec-

316 805 483 841 elefiarum
496 805 661 840 Rituaiia.
689 805 731 838 Et
744 806 853 841 nullus
864 809 1085 851 oppositorum
1103 809 1199 844 nobis

316 856 496 891 Canonum
525 857 630 890 dicere
658 867 755 899 queat
783 856 989 892 Leitoratum
1016 859 1111 893 fuisse
1138 861 1199 902 pri-

316 917 411 941 mum
422 907 582 940 Ordinem
596 920 606 940 :
633 905 766 939 Etenim
781 906 992 942 &laudatum
1004 909 1111 944 saneti
1125 909 1198 943 Caii

316 955 415 1000 Papae
436 957 600 990 decretum
625 980 637 996 ,
663 956 696 989 δε
717 967 828 1000 quarta
851 958 1004 1000 Synodus
1030 960 1198 1003 Carthagi·

315 1007 421 1040 nenfis
435 1031 446 1047 ‚
471 1006 720 1049 constanterque
745 1007 874 1050 antiqui
885 1009 1039 1044 canones
1049 1010 1198 1044 Ostiaria-

315 1058 363 1096 tui
376 1056 456 1092 dant
470 1057 611 1101 primum
624 1057 732 1091 locum
748 1083 755 1090 .
783 1057 838 1091 Isti
852 1060 950 1102 igitur
962 1059 1116 1094 Canones
1125 1071 1198 1103 pro·

314 1108 522 1141 movendum
545 1107 743 1150 Episcopum
768 1107 884 1142 volunt
905 1110 1083 1151 specialiter
1105 1109 1199 1144 fuiffe

314 1155 488 1193 Leston-em
500 1169 556 1201 per
579 1168 703 1200 tempus
725 1157 859 1201 aliquod
875 1182 885 1198 ‚
913 1160 1001 1202 quod
1024 1159 1094 1193 istic
1121 1160 1198 1193 inci-

314 1208 383 1252 piat
396 1206 538 1242 docendi
556 1208 702 1240 officium
716 1232 726 1247 ,
753 1209 917 1251 proprium
944 1210 1197 1253 Episcoporum-

314 1257 473 1291 Notanda
488 1259 560 1290 sunt
572 1257 666 1290 verba
679 1258 822 1300 Zozymi
841 1258 1030 1295 pontificis:
1061 1263 1093 1293 δι’
1104 1261 1142 1292 ab
1156 1267 1194 1292 in>

308 1307 418 1354 santia
428 1305 628 1348 Eccleftfiict'r
641 1307 810 1350 ministeriis
827 1319 931 1341 nomen
954 1311 1070 1343 dederit
1082 1335 1092 1351 ,
1121 1316 1199 1343 inter

315 1358 437 1393 lectores
447 1356 536 1400 usque
545 1359 589 1390 ad
597 1356 764 1399 vioefimum
778 1365 880 1391 aetatis
895 1371 1005 1392 annum
1031 1366 1201 1394 continuata

315 1407 519 1451 observatione
538 1408 681 1449 perduret
695 1433 704 1447 ‚
729 1407 753 1446 [ἰ
763 1411 859 1448 major
877 1411 946 1447 jam
968 1412 1002 1443 &⁶
1009 1412 1200 1453 grandaevus

315 1465 461 1499 acceperit
475 1482 484 1496 ,
511 1460 555 1490 ὶιᾶ
581 1467 614 1490 ut
630 1456 702 1498 post'
715 1456 1018 1500 Baptismumstatzm
1032 1459 1201 1502 JeDivtnae

316 1510 435 1543 militiae
446 1506 586 1549 defideret
598 1513 787 1548 mancipari,
808 1507 872 1550 five
883 1513 964 1542 inter
987 1510 1120 1543 LeHores
1134 1535 1144 1551 ,
1165 1509 1202 1552 fi-

315 1569 358 1592 ve
379 1563 458 1591 inter
486 1557 657 1597 Exci-cistas
678 1563 876 1599 quinquennio
900 1567 1051 1592 teneatur.
1079 1560 1202 1594 Lucide

315 1606 524 1651 distinguunt
548 1607 631 1640 inter
642 1606 811 1640 Lenorem
835 1607 888 1640 seu
901 1608 1102 1643 Exorcistam
1114 1610 1181 1644 fieri
1193 1635 1203 1650 ,

317 1658 353 1692 ὅ(
377 1655 605 1691 Ecelefiasticis
629 1655 817 1690 ministeriis
846 1657 901 1690 seu
930 1657 1062 1691 Divinae
1080 1659 1205 1694 militiae

317 1707 498 1751 mancipari
517 1721 524 1740 z
554 1707 598 1740 Et
613 1704 716 1740 hocce
728 1705 885 1749 posterius
897 1706 1040 1742 innuunt
1052 1711 1114 1743 effe
1126 1720 1204 1743 tem-

317 1769 397 1801 pore
408 1759 493 1801 prius
507 1781 518 1797 ,
544 1756 659 1799 utpote
671 1756 741 1790 fieri
752 1757 943 1791 consuetum
956 1769 1012 1806 per
1023 1760 1125 1795 solam
1137 1760 1203 1794 fine

317 1808 413 1843 omni
428 1807 556 1842 Ordine
569 1807 734 1841 tonsuram
745 1832 752 1839 .

369 1858 473 1906 Qod
499 1858 578 1892 item
590 1856 696 1892 Graeci
719 1856 882 1892 tonsuram
906 1858 987 1893 olim
1001 1859 1018 1893 a
1030 1861 1201 1894 Lectoratu

301 1909 531 1952 ‚distinxerint
543 1933 553 1948 ,
579 1908 714 1942 testatur
725 1908 916 1949 apertissime
929 1909 1060 1952 praesens
1073 1911 1201 1944 Canon.

321 1960 435 1994 Etiam
461 1957 634 2002 Iustiniani
664 1956 809 2001 Augusti
831 1958 882 1992 lex
906 1960 1034 1994 novella
1047 1959 1204 1994 mandans

318 2009 492 2044 neminem
507 2007 650 2042 ordinati
665 2006 858 2047 Lectorem‚
886 2008 942 2041 nifi
956 2010 1013 2051 qui
1035 2010 1147 2044 decem
1169 2011 1203 2044 &

318 2063 396 2095 octo
409 2068 515 2092 annos
526 2056 673 2091 habuerit
687 2069 693 2088 ε
724 2056 940 2101 Nequaquam
956 2069 1044 2093 vetat
1066 2071 1180 2103 pueros
1193 2084 1202 2100 ,

317 2109 411 2155 quod
423 2109 543 2152 sempe-r
565 2107 668 2141 fecere
682 2107 786 2140 Graeci
799 2131 809 2147 ,
837 2107 871 2140 in
887 2108 1035 2143 Clericos
1056 2109 1204 2144 tonderi.

317 2159 510 2198 Confirmat
521 2158 694 2200 antiquum
710 2156 898 2191 Graecorum
909 2159 1043 2194 Rituale
1054 2184 1064 2201 ,
1075 2159 1202 2194 exstans

317 2209 440 2247 Romae
449 2207 534 2252 apud
558 2207 705 2242 Clericos
721 2206 909 2242 Theatinos
932 2210 1039 2243 Saneei
1063 2208 1201 2244 Andreae

319 2259 483 2294 vallensis
496 2283 508 2298 ,
533 2256 654 2291 habens
665 2255 755 2290 hunc
770 2257 902 2292 titulum
915 2270 989 2292 cum
1010 2260 1074 2293 suis
1085 2261 1202 2294 oratio-

323 2309 443 2345 nibus:
473 2309 553 2341 ordo
570 2307 734 2348 &officium
744 2308 788 2340 ad
809 2310 990 2342 tondendam
1000 2321 1127 2342 comam.
1159 2310 1201 2342 Et

316 2361 360 2395 *in
387 2358 548 2404 praesentis
569 2356 718 2391 Canonis
743 2360 981 2392 commentario
1004 2357 1202 2393 Theodorus

322 2410 499 2444 Balsamon
513 2433 524 2449 ,
549 2407 663 2442 dicetis
675 2418 790 2450 pueros
801 2408 883 2442 olim
904 2411 1079 2443 consuetos
1105 2409 1204 2455 nigris

322 2460 467 2494 vestibus
491 2457 609 2498 indui,
634 2458 797 2491 tonsuram
821 2460 982 2502 accipere,
1008 2459 1118 2493 &fine
1138 2471 1204 2494 ma-

322 2520 388 2544 nus
410 2508 617 2552 impositione
627 2508 702 2541 Deo
715 2508 891 2542 consecrari
916 2536 923 2542 .
953 2510 995 2543 Et
1010 2510 1206 2543 Ammianus

326 2559 563 2598 Marcellinus,
590 2554 692 2590 homo
712 2558 868 2601 gentilis,
894 2559 1027 2603 Juliano
1043 2560 1204 2603 Apostatae

326 2620 474 2650 cotevus,
499 2616 606 2642 rerum
623 2608 803 2641 nostrarum
827 2620 894 2642 non
918 2610 1050 2655 ignarus
1073 2634 1084 2650 ,
1110 2611 1204 2644 refert

325 2657 538 2699 Alexandriae
557 2656 787 2700 Presbyterum
796 2657 1017 2694 Christianum
1030 2685 1041 2700 ,
1069 2660 1204 2693 nomine

325 2708 574 2749 Theodorum,
601 2716 706 2741 morte
728 2708 876 2742 affectum
899 2709 1088 2755 aPaganis,
1115 2710 1202 2752 quod

149 2767 313 2802 bine-eq&
328 2765 433 2795 Cirros
451 2768 610 2803 puerorum
631 2757 765 2791 licentias
785 2758 956 2793 detenderet
977 2785 984 2792 .
1014 2762 1201 2794 Graecorum

328 2812 419 2847 enim
431 2808 619 2853 Presbyteri
633 2808 770 2851 primam
781 2809 944 2843 tonsuram
965 2810 1076 2853 paffim
1087 2819 1202 2844 contu-

330 2862 439 2895 lerunt
460 2887 468 2895 .
494 2860 587 2894 Idem
607 2857 707 2892 tradit
731 2858 910 2903 trigesimus
946 2860 1059 2894 tertius
1081 2859 1200 2893 Canon

330 2910 513 2945 Trullanus
523 2935 534 2951 ‚
561 2908 731 2943 Armeniis
741 2908 899 2942 mandans
909 2915 1052 2943 neminem
1070 2910 1177 2950 populo
1187 2910 1202 2942 ἑ

330 2960 462 3006 fitggestu
485 2964 618 2993 Divinas
626 2960 794 3001 scripturas
812 2965 952 2999 mirare,
977 2958 1088 3002 nifiqui
1105 2961 1198 2991 Sacer·

331 3013 425 3045 dotali
436 3008 556 3054 tonsura
576 3006 749 3052 ufhsfuerlt
761 3033 772 3049 ‚
798 3009 1034 3042 &benec‘lionem
1056 3011 1077 3041 ἃ
1083 3006 1137 3052 suo
1146 3011 1203 3040 Pa-

326 3058 725 3105 florecanonicesusbeperit.
754 3057 836 3092 Non
849 3055 1020 3091 ⁷⁶⁶*1P0'f2'lffl
1035 3082 1045 3097 ‚
1072 3060 1124 3092 seu
1147 3059 1203 3091 im·

333 3111 524 3154 positionem
536 3121 694 3143 manuum
710 3133 720 3148 ‚
748 3108 801 3142 sed
816 3110 945 3151 ζυλὸγιω
955 3132 966 3148 ,
993 3107 1027 3142 id
1043 3108 1087 3142 est
1100 3132 1111 3148 ,
1136 3108 1206 3140 firn-

331 3159 452 3205 plicem
463 3159 723 3194 benedictionem
739 3184 745 3192 .
773 3159 817 3192 Et
838 3170 880 3192 ex
893 3158 984 3191 istius
996 3158 1143 3207 Canonis
1153 3168 1206 3192 au-

336 3209 484 3242 e'ioritate
495 3220 660 3255 coeperunt
680 3209 835 3252 simplices
858 3208 1000 3251 Clerici,
1026 3220 1094 3242 non
1118 3220 1205 3242 acce-

334 3269 394 3304 pto
423 3259 607 3292 Lectoratus
624 3259 751 3292 Ordine
764 3284 775 3299 ,
801 3257 978 3292 solenniter
999 3260 1031 3292 in
1054 3258 1205 3293 Eccleffis

328 3308 443 3353 ‘legere
454 3332 464 3348 ,
487 3318 582 3351 atque
594 3308 629 3340 H
633 3308 784 3342 ierarchia
798 3308 906 3342 nostra
918 3309 1006 3343 avita
1017 3308 1087 3343 laedi
1100 3310 1134 3343 ὅ(
1144 3318 1208 3342 tur-

330 3358 423 3395 bari.
454 3357 525 3391 Nec
550 3358 676 3390 tantum
690 3357 808 3390 Clerici
831 3368 869 3390 ex
883 3358 1049 3393 Clericalis
1063 3383 1073 3398 ,
1101 3359 1155 3392 sed
1175 3359 1208 3393 δε

335 3421 378 3446 ex
391 3405 594 3443 monachalis
604 3406 740 3439 tonsurae.
754 3406 866 3448 vigore
879 3408 1034 3441 monachi
1058 3408 1208 3453 legebant

333 3470 376 3493 ex
400 3458 557 3494 ambone.
583 3456 628 3493 Et
652 3465 787 3491 omnem
805 3452 895 3491 hunc
917 3455 1053 3493 abusum
1076 3460 1209 3504 praesens

1261 184 1484 215 sepum
1527 170 1890 225 Genenans.

1271 255 1391 289 Canon
1404 255 1579 300 reformat;
1607 259 1791 295 monachos
1809 263 2022 301 tamnasuis
2037 266 2148 302 Abba·

1271 305 1357 338 tibus
1369 329 1379 345 ,
1403 306 1587 340 dummodo
1602 308 1801 352 presbyteris
1819 312 1854 346 ἃ
1868 312 2036 350 Abbatiali
2046 315 2147 352 bene-

1271 354 1456 391 nedistione
1471 358 1653 402 infignitis‚
1679 362 1825 405 accipere
1836 374 1951 397 manus
1972 365 2146 409 impositio-

1272 415 1367 446 nem,
1392 406 1581 441 &ordinari
1606 408 1758 446 Lectores
1770 413 1945 454 permittit.
1973 413 2054 449 Non
2076 427 2146 453 tan-

1269 454 1337 489 tum
1360 457 1393 490 in
1409 457 1590 498 suburbiis,
1617 460 1668 493 sed
1689 460 1723 494 &
1745 463 1828 496 intra
1850 462 1998 499 civitates
2021 464 2147 502 Graeco-

1268 517 1339 539 rum
1352 508 1473 551 semper
1483 509 1571 542 fuere
1584 511 1777 545 monasteria
1790 525 1800 555 ;
1827 515 1918 557 plura
1934 523 2042 548 tamen
2056 525 2148 552 erant

1268 558 1301 589 in
1318 560 1449 592 remotis
1462 561 1548 603 agris
1568 560 1600 593 ὅ(
1614 561 1822 596 nemoribus:
1849 563 1943 598 Hinc
1965 565 2004 598 ad
2028 565 2150 600 evitan-

1267 608 1325 640 dos
1337 609 1575 643 monachorum
1599 612 1751 645 excursus
1762 613 1923 648 existimat
1948 611 2149 650 Theodorus

1267 657 1437 692 Balsamon
1453 661 1642 702 potestatem
1657 661 1749 694 istam
1764 660 1947 698 Abbatibus
1966 663 2127 699 indultam
2142 690 2149 697 .

1267 708 1440 754 Qidquid
1463 711 1524 750 fit,
1550 723 1621 744 eam
1647 711 1768 753 recepit
1789 713 1824 746 δε
1852 713 2056 748 confirmavit
2078 739 2089 756 ‚
2114 724 2149 749 at

1263 757 1471 801 postmodum
1485 785 1495 800 ‚
1522 762 1620 794 etiarn
1642 762 1760 796 Latina
1776 762 1916 797 Ecclesia
1930 788 1940 804 ,
1967 762 2148 799 monachos

1263 809 1356 842 asuis
1369 808 1553 843 Abbatibus
1574 813 1766 854 permittens
1787 814 1940 848 omnibus
1963 814 2146 848 minoribus

1263 858 1442 893 Ordinibus
1454 861 1597 905 insigniri
1612 873 1621 893 τ
1649 863 1777 905 Nempe
1791 864 1868 897 dum
1883 864 1948 898 illis
1957 864 2047 898 dedit
2058 864 2151 899 Pon-

1264 910 1394 944 tificalia
1408 921 1617 946 ornamenta.
1644 911 1882 957 Aquibusdam
1905 915 2047 960 permisit
2069 926 2148 950 cou-

1264 960 1336 1005 ferri
1366 961 1400 994 &
1413 959 1691 996 Subdiaeonatum
1704 988 1711 996 .

1314 1008 1417 1043 Addit
1446 1011 1564 1044 Canon
1593 1013 1634 1046 de
1658 1011 1788 1047 Abbate
1820 1026 1828 1046 z
1864 1019 1946 1049 Dum
1971 1014 2074 1056 constet
2099 1013 2150 1059 effe

1266 1060 1482 1097 Presbyterum.
1509 1059 1655 1095 Abbates
1677 1063 1765 1097 enim
1794 1064 1828 1097 &
1851 1062 2088 1108 apud'Graecos
2113 1067 2149 1100 &

1264 1111 1346 1153 apud
1381 1120 1441 1143 nos
1464 1110 1602 1145 Latinos
1628 1122 1778 1154 poterant
1788 1113 1870 1147 olim
1891 1113 2058 1148 effelaici.
2086 1115 2152 1149 Eu-

1265 1159 1378 1203 genius
1405 1159 1563 1194 secundus
1587 1161 1621 1195 ὅ(
1644 1162 1713 1196 Leo
1726 1170 1859 1206 quartus
1883 1163 2064 1198 Pontifices
2086 1164 2151 1208 pri-

1265 1209 1355 1243 mum
1380 1210 1414 1242 in
1442 1208 1605 1245 Romanis
1619 1212 1684 1245 suis
1702 1212 1844 1255 Synodis
1855 1237 1866 1254 ,
1891 1225 1948 1257 per
1968 1214 2010 1248 D.
2023 1214 2150 1250 Lucam

1265 1258 1479 1293 Holstenium
1507 1260 1681 1304 publicatis
1696 1287 1707 1303 ,
1733 1263 1906 1298 ediderunt
1927 1261 2017 1299 hunc
2039 1264 2150 1299 Cano·

1266 1320 1360 1344 nem:
1388 1310 1518 1343 Abbates
1548 1313 1763 1346 Sacer-dotalem
1782 1313 1919 1347 honorem
1932 1313 1993 1355 fint
2024 1315 2126 1357 adepti
2138 1336 2152 1355 ,

1266 1369 1298 1393 ut
1303 1365 1485 1401 peccantium
1492 1360 1550 1402 fib}
1559 1360 1758 1405 subjec‘lorum
1778 1372 1891 1398 reatum
1914 1366 2038 1399 valeant
2055 1371 2150 1398 omni-

1266 1411 1359 1442 modis
1372 1410 1555 1451 refraenare,
1586 1414 1620 1445 &
1633 1422 1789 1454 amputare
1799 1415 1958 1457 commiffa.
1988 1414 2147 1450 Attamen

1268 1460 1388 1493 Canon
1416 1459 1536 1503 ubique
1574 1472 1640 1494 non
1673 1464 1735 1496 fuit
1757 1462 1863 1497 statim
1899 1466 1956 1509 usu
1979 1474 2140 1508 receptus.

1266 1507 1404 1544 Ostendi
1429 1511 1522 1552 possit
1550 1512 1663 1544 multis
1686 1512 1841 1557 exemplis
1873 1514 1907 1548 ἃ
1928 1514 2144 1549 testimoniis.

1269 1561 1356 1594 Nam
1378 1558 1604 1594 &Goffredus
1630 1561 1904 1604 Vindocinensis‚
1933 1564 2077 1599 Urbano
2101 1565 2147 1598 se·

1268 1609 1378 1643 cundo
1402 1607 1559 1643 Pontifici
1579 1621 1706 1646 coaevus
1732 1615 1766 1647 ἀ
1787 1613 1909 1647 amicus
1924 1638 1936 1654 ,
1961 1614 2147 1656 frequenter

1267 1659 1399 1693 testatur
1410 1659 1441 1692 se
1454 1659 1642 1693 Diaconum
1658 1661 1676 1694 a
1688 1661 1805 1696 Sancto
1821 1663 1924 1696 lvone
1946 1662 2144 1697 Carnotenfi

1269 1708 1432 1752 Episcopo
1443 1709 1537 1743 fuiffe
1559 1709 1764 1746 benedictum
1786 1712 1818 1745 in
1844 1711 2031 1754 Abbatem,
2056 1712 2144 1748 Pres-

1267 1759 1419 1802 byterum
1432 1769 1539 1793 autern
1551 1761 1774 1797 consecratum
1798 1762 1915 1796 Romae
1935 1762 2058 1796 dudum
2071 1762 2144 1807 post

1267 1810 1284 1842 a
1301 1809 1432 1845 laudato
1443 1808 1579 1843 Urbano
1591 1810 1731 1846 secundo
1744 1837 1754 1852 ‚
1780 1812 1860 1846 dum
1872 1813 1972 1846 faetus
1992 1813 2055 1846 fuit
2066 1813 2145 1847 Car·

1267 1858 1426 1892 dinalisin
1442 1859 1539 1899 titulo
1553 1859 1764 1902 presbyterali
1778 1864 1896 1896 Sanetae
1919 1861 2050 1896 Priscae.
2079 1863 2144 1897 Eo-

1266 1908 1340 1943 dem
1367 1907 1464 1952 pori-<¹³
1483 1920 1632 1952 tempore·
1659 1909 1776 1946 Canon
1803 1913 1940 1946 invaluit
1963 1938 1970 1945 .
2009 1906 2142 1947 Etenim

1268 1960 1406 2003 loannes
1431 1959 1463 1991 δε
1491 1958 1684 1994 Benedictus
1707 1962 1917 2002 cardinales,
1943 1963 2061 2006 Legati
2085 1962 2145 1998 Pa·

1267 2007 1380 2044 schalis
1391 2008 1523 2042 secundi
1533 2033 1544 2050 ,
1570 2009 1749 2045 statuerunt
1766 2011 1799 2045 in
1812 2012 1950 2054 synodo
1964 2012 2146 2046 pictavien·

1266 2060 1306 2091 fi:
1334 2062 1372 2091 Ut
1386 2059 1513 2091 Abbates
1528 2082 1538 2097 ,
1564 2065 1614 2101 qul
1636 2059 1802 2097 Presbyteri
1825 2072 1883 2094 non
1897 2059 1990 2103 sunt,
2011 2062 2142 2100 Presby-

1267 2115 1322 2142 ter}
1331 2108 1409 2151 fiant
1421 2131 1432 2147 ‚
1442 2116 1498 2141 aut
1510 2109 1718 2142 Praelationem
1728 2116 1888 2144 amittant.
1923 2109 2027 2162 Qiod
2039 2112 2145 2155 ipsum

1267 2158 1365 2193 etiam
1385 2157 1427 2191 de
1446 2157 1559 2192 Priore
1580 2158 1691 2193 statuit
1717 2159 1871 2203 synodus
1895 2161 2114 2196 Londinenfis
2132 2186 2144 2206 ,

1266 2208 1378 2243 habita
1391 2207 1450 2241 sub
1461 2206 1662 2242 pontificatu
1680 2208 1827 2245 Honorii
1838 2211 1981 2247 secundi.
2011 2212 2055 2246 Et
2065 2211 2145 2246 hine

1268 2259 1437 2303 Sugerium
1448 2258 1663 2299 Diaconum,
1691 2260 1884 2294 Monasterii
1909 2261 2026 2296 Sansto
2038 2281 2048 2287 ·
2061 2261 2144 2297 Dio-

1269 2308 1390 2351 nysiani
1411 2308 1572 2348 eleetum,
1599 2308 1750 2345 Calixtus
1762 2310 1917 2345 secundus
1941 2311 2080 2356 primum
2106 2311 2143 2345 in

1269 2359 1496 2401 Presbyterum
1516 2382 1526 2399 ,
1563 2356 1682 2392 deinde
1702 2360 1736 2392 in
1762 2361 1925 2396 Abbatem
1952 2360 2119 2395 benedixit
2133 2385 2141 2392 .

1267 2409 1438 2443 Diaconus
1462 2408 1551 2442 enim
1565 2432 1575 2448 ,
1590 2408 1772 2454 'quomodo
1795 2411 1829 2444 in
1852 2410 2071 2455 Episcopum,
2095 2410 2143 2445 ita

1268 2459 1344 2503 eligi
1363 2457 1467 2501 potest
1490 2458 1525 2491 in
1536 2457 1716 2492 Abbatem.

1316 2507 1459 2542 Lectoris
1472 2507 1646 2542 ordinandi
1659 2508 1852 2551 potestatem
1863 2510 1983 2545 Canon
1997 2510 2142 2553 impartit

1266 2560 1363 2592 etiam
1378 2556 1627 2600 Chorepiscopis
1638 2582 1649 2598 ,
1676 2557 1774 2600 idque
1784 2559 1961 2594 secundum
1971 2561 2140 2605 antiquam

1267 2607 1535 2643 consuetudinem
1550 2632 1559 2647 ,
1585 2607 1626 2641 de
1645 2617 1708 2650 qua
1730 2609 1884 2651 Synodus
1907 2609 2135 2644 Antiochena:

1266 2656 1467 2701 chorepiscopi
1486 2658 1623 2691 ordinent
1642 2663 1734 2690 ettam
1744 2659 1900 2699 Ledores,
1929 2661 1964 2693 Θ
1991 2659 2141 2692 Subditivo·
2157 2661 2228 2698 Cap.
2248 2670 2293 2693 to·

1266 2720 1337 2748 nos,
1367 2711 1401 2742 (ς’
1423 2707 1590 2748 Exorcistas
1605 2732 1615 2748 ,
1640 2708 1748 2749 quibus
1763 2714 1959 2750 promotiones
1980 2709 2041 2746 nstae
2064 2707 2140 2751 liaffi-

1264 2765 1343 2792 ciant
1361 2770 1377 2798 ;
1402 2769 1454 2790 nec
1477 2757 1682 2796 Presbyterum
1706 2760 1778 2791 verb
1802 2782 1812 2797 ‚
1839 2769 1890 2791 nec
1911 2760 2070 2796 Diaconum
2091 2770 2143 2792 «ιι-

1264 2810 1354 2841 deant
1367 2808 1505 2839 ordinare
1510 2815 1626 2847 praeter
1638 2812 1775 2838 civitates
1797 2805 1975 2850 Episcopum
1987 2832 1998 2848 ,
2022 2814 2066 2841 cui
2077 2806 2146 2851 *Ypfi

1265 2853 1702 2900 eumpqffeffionesubjefflsum
1720 2881 1727 2889 ,
1753 2855 1900 2891 Lestores
1911 2857 2028 2901 igitur,
2059 2858 2143 2893 Sub-

1265 2907 1419 2941 diaconos
1439 2930 1450 2946 ,
1477 2904 1661 2939 Exorcistas
1680 2906 1739 2941 suo
1762 2907 1846 2940 olim
1871 2906 2004 2942 arbitrio
2024 2932 2035 2948 ‚
2063 2908 2142 2941 Dia-

1265 2967 1367 2992 conos
1392 2956 1426 2989 &
1437 2954 1722 2998 Presbyterosuon
1736 2956 1794 2989 nifi
1807 2956 1848 2990 de
1861 2956 1994 2992 licentia
2010 2958 2139 2992 ordina-

1267 3020 1299 3042 re
1310 3015 1457 3050 poterant
1469 3018 1476 3038 ε
1504 3004 1552 3038 At
1565 3003 1639 3038 vero
1650 3006 1782 3048 praesens
1795 3006 1914 3041 Canon
1928 3008 2053 3042 nullam
2067 3007 2140 3051 ipsis

1267 3058 1330 3091 sine
1352 3056 1482 3090 licentia
1508 3054 1750 3089 ordinationem
1779 3058 1937 3099 permittit
1959 3082 1970 3098 ‚
1994 3055 2138 3098 adeoque

1267 3108 1386 3141 limitat
1401 3103 1648 3138 Antiochenam
1661 3130 1669 3137 .
1695 3105 1806 3140 Plures
1816 3115 1925 3141 tamen
1944 3108 2041 3141 etiam
2054 3107 2137 3140 olim

1269 3155 1419 3200 Episcopi
1442 3155 1645 3189 necessariam
1665 3156 1796 3192 voluere
1831 3158 1921 3192 suam
1940 3156 2129 3190 licentiam:

1267 3207 1413 3249 Eamque
1432 3207 1494 3239 effe
1516 3204 1671 3242 vetustam
1698 3205 1912 3242 Ecclefiarum
1934 3205 2140 3239 consuetudi·

1269 3269 1343 3291 nem
1364 3256 1496 3289 testatur
1517 3255 1550 3288 in
1567 3255 1709 3299 Epistola
1732 3257 1772 3290 ad
1795 3255 2051 3299 Chorepiscopos
2063 3256 2139 3290 San-

1267 3309 1334 3341 stus
1348 3305 1499 3339 Bafilius.
1525 3304 1643 3350 Longa
1656 3307 1701 3340 est
1727 3306 1854 3341 &varia
1874 3305 1916 3340 de
1927 3304 2141 3348 Chorepisco-

1268 3358 1317 3401 pis
1342 3355 1472 3400 quaestio
1497 3380 1508 3396 ,
1546 3356 1604 3390 suo
1630 3356 1706 3390 loco
1729 3353 1919 3390 elucidanda
1947 3378 1955 3385 .
1994 3353 2140 3390 Abbates

1268 3408 1401 3452 praesens
1430 3406 1551 3441 Canon
1578 3404 1621 3440 ad
1640 3405 1791 3452 Episcopi
1812 3404 1988 3442 licentiam*
2007 3416 2074 3440 non
2097 3417 2142 3443 re-

1269 3457 1398 3503 stringit
1408 3480 1416 3492 .
2128 3484 2130 3486 ,

2013 3506 2095 3559 Qua}
