2340 3762
627 146 935 203 Sciiotns,
972 159 1039 189 ετ
1074 143 1267 190 Nous
1302 157 1677 194 ntus-rann,

246 233 383 281 Lapfiun
404 232 498 272 istam
516 230 722 277 disciplinam
742 233 882 268 restituit
918 233 1022 268 etiarn
1053 231 1125 266 Leo

246 281 378 328 quartus
395 282 572 321 Pontifex:
598 287 733 317 Virorum
751 293 829 327 pars
848 285 1048 318 &mulierum
1059 281 1125 327 suis

202 333 209 342 ‘
238 334 382 380 partibus
391 344 529 370 contenta
533 334 571 378 sit
583 359 592 367 .
620 334 754 373 Sandkus
768 333 906 369 Carolus
918 335 1125 370 Borromaeus

242 384 345 418 etiam
364 386 569 429 separatrices
593 383 719 419 tabulas
754 384 895 428 reposuit
919 385 955 418 in
981 384 1125 420 Ecclesia

241 434 487 473 Mediolanensi
512 448 521 468 :
566 435 708 480 Reliqua
730 435 826 470 Italia
851 445 906 478 per
925 434 1033 470 solum
1060 432 1126 470 fere

242 484 569 531 quadragesimalium
601 485 806 521 concionum
833 494 983 527 tempus.
1024 482 1125 530 Apud

242 546 306 570 nos
319 534 407 580 nihil
415 535 554 579 superest
568 564 579 580 ,
605 537 663 570 nifi
674 537 709 571 in
722 535 870 571 Ecclefiis
880 535 1075 571 rusticorum
1086 561 1094 569 .

291 584 398 620 Porro
408 585 450 620 de
461 586 615 621 Domino
629 586 828 631 Imperatore
853 585 962 619 scribit
975 586 1009 619 in
1023 585 1124 621 histo-

70 618 130 655 ις’
152 625 226 654 ⁰⁸¹⁷·
239 634 290 670 ria
317 635 540 671 Ecclesiastica
576 636 809 673 Theodoretus
822 661 829 669 .
858 636 936 671 Cum
954 635 1122 679 Theodofius

220 689 404 729 ‘Imperator
431 689 512 721 dona
539 688 702 731 attuliffet,
739 687 824 720 intus
854 687 948 728 prope
977 687 1123 721 cancellos

238 734 347 779 mansit
359 750 371 770 .·
396 740 436 771 At
447 749 575 782 magnus
584 738 634 772 ille
655 736 816 780 Ambrofius
828 748 887 770 non
901 742 1038 771 conticuit
1048 762 1059 778 ,
1065 734 1125 781 sed

237 786 380 820 laicorum
388 786 588 828 differentiam
597 799 665 823 eum
681 790 794 826 docuit.
821 790 862 821 Ac
881 785 1121 830 primumfifii-

236 844 346 878 tatur,
373 841 478 880 Ecqua
486 846 642 881 reegeret.
670 841 718 870 Et
727 839 791 870 cum
813 835 1002 880 respondss‘et
1023 841 1120 878 Impe-

236 893 320 920 rator
323 884 359 927 se
368 885 537 930 exspedare
547 890 728 920 Divinarum
747 886 940 926 rmsteriorum
957 892 1120 928 perceptio-

235 945 323 975 m,
341 932 524 979 significavit
535 938 581 969 illi
587 943 643 977 per
657 942 839 978 primarium
853 939 1019 969 Diaconum
1031 961 1041 975 ,
1064 943 1117 979 qui

233 988 265 1018 ‘ei
285 985 492 1027 ministrabat,
517 988 563 1020 ad
579 987 642 1020 loca
662 991 804 1020 interiora
820 984 893 1029 filis
912 986 1117 1020 Sacerdotibus

234 1035 354 1068 aditum
381 1045 510 1079 patere,
551 1038 708 1080 eademque
727 1038 800 1070 aliis
821 1037 957 1071 omnibus
979 1038 1118 1081 inacceffa

233 1084 307 1127 effe,
334 1096 386 1119 nec
396 1087 504 1121 debere
525 1092 627 1131 tangi.
646 1086 750 1132 Jubet
771 1091 864 1131 igitur
883 1095 919 1122 ut
936 1096 1047 1128 exeat,
1084 1089 1119 1121 ό·

234 1144 301 1167 tum
311 1137 433 1180 reliquis
443 1139 529 1171 laicis
538 1136 681 1180 confflat.
708 1142 798 1171 Nam
805 1145 948 1179 purpura
960 1163 972 1179 ,
998 1145 1118 1181 inquit,

233 1188 455 1228 Imperatores,
480 1199 540 1222 non
551 1189 719 1222 Sacerdotes
736 1189 839 1231 efficit.
868 1191 975 1233 ,Quam
982 1191 1118 1223 admoni—

233 1239 345 1275 tfflem
377 1237 482 1272 lubens
510 1244 626 1280 excepit
648 1242 813 1280 Imperator
828 1238 1036 1280 fideliffimus‚
1060 1238 1117 1282 res:

233 1287 502 1331 ponditquefi'non
512 1294 608 1322 animi
616 1288 795 1330 confidentia
813 1289 970 1323 indudum
992 1289 1119 1334 manfiffe

238 1340 323 1369 intra
331 1339 474 1372 cancellos
484 1363 496 1380 ,
512 1337 573 1382 [ἑά
579 1337 657 1371 hanc
666 1337 905 1382 consuetudinem
917 1339 1120 1380 Constantino-

232 1386 452 1429 polididiciffie.
478 1388 703 1431 ‚Quarehabem
728 1394 848 1430 inquit,
867 1389 992 1430 probae
1000 1391 1118 1422 medici·

217 1469 221 1474 ,
236 1443 281 1466 na
295 1440 435 1477 gratiam
454 1460 461 1467 .
501 1439 549 1468 Et
564 1441 694 1478 pietatis
715 1444 896 1477 praepter,
921 1449 990 1479 quae
1009 1437 1049 1469 ab
1069 1438 1119 1470 illo

236 1480 382 1526 Episcopo
391 1485 539 1518 didicerat
550 1509 562 1526 ‚
588 1490 680 1519 etiam
692 1486 756 1518 cum
767 1486 928 1528 revertiyset
952 1485 1119 1526 Constanti-

236 1533 364 1574 nopolim
374 1557 385 1573 ‚
402 1533 591 1577 observavit.
622 1539 711 1569 Nam
721 1547 786 1569 cum
796 1537 912 1569 Divino
920 1539 1051 1580 quodam
1063 1540 1120 1571 Fe-

231 1581 278 1623 sto
286 1585 332 1617 ad
340 1586 480 1627 templum
490 1586 584 1620 denuo
595 1591 713 1619 veniret
721 1610 734 1627 ‚
751 1586 856 1626 statim
878 1595 912 1620 ut
923 1589 1002 1621 dona
1019 1585 1119 1630 sacrae

235 1630 346 1675 mensae
366 1635 511 1668 obtulerat
530 1659 540 1675 ,
575 1642 693 1669 exivit.
721 1639 816 1678 Atque
837 1636 902 1670 cum
923 1636 1090 1671 Nee¹7arius
1107 1660 1119 1677 ‚

237 1684 338 1724 quiid
348 1688 486 1726 temporis
489 1683 558 1725 fuit
566 1685 692 1725 Antistes
703 1686 785 1718 illius
799 1685 928 1727 Ecclest‘ae
939 1710 950 1726 ,
974 1695 1093 1730 rogaret
1107 1711 1118 1727 ,

187 1729 193 1776 ζ
235 1741 290 1764 eur
299 1743 357 1768 non
369 1743 504 1767 maneret
513 1734 616 1774 intus,
635 1746 760 1778 gemens
781 1741 897 1779 inquit.
925 1739 1027 1781 AEgrc?
1049 1746 1119 1771 tan-

232 1781 303 1815 dem
311 1782 421 1823 didici,
445 1783 524 1826 quid
531 1788 610 1817 inter
620 1789 831 1826 Imperatorem
851 1785 963 1828 interfit
987 1798 1022 1820 ac
1042 1789 1118 1829 Epi-

233 1829 372 1875 scopum,
398 1834 478 1878 aegre*
495 1833 621 1867 tandem
643 1840 740 1877 reperi
761 1841 906 1870 veritatis
927 1835 1115 1880 magistrum.

234 1885 325 1914 Nam
340 1881 436 1926 filum
457 1882 635 1925 Ambrosium
654 1890 728 1919 novi
749 1884 952 1929 Episbopum,
988 1888 1116 1931 dignum

232 1942 268 1967 eo
286 1939 417 1967 nomine.
445 1933 553 1968 Addit
578 1934 734 1969 Heri-nias
758 1935 988 1971 Zozomenus.
1022 1941 1115 1971 Moris

18 2006 25 2009 «
56 1974 119 2011 1‘7·
140 1983 216 2012 0²4·
232 1992 324 2024 erat,
358 1993 393 2018 ut
412 1986 630 2026 Imperatores,
665 1986 738 2019 dum
751 1984 849 2029 sacris
869 1988 1055 2030 intereffient,
1081 1993 1114 2021 in

232 2034 369 2066 Sacrario
385 2032 526 2076 sederent
541 2058 553 2073 ,
577 2034 744 2075 maiestatis
755 2039 820 2079 ergo
835 2039 966 2079 &populi
977 2037 1115 2081 consorti'o

231 2079 387 2125 separati.
413 2082 577 2123 Ambrosius
602 2092 701 2117 autem
717 2085 898 2127 confidet-ans
916 2098 983 2119 eam
1007 2086 1115 2130 consue-

235 2132 370 2167 tudinem
379 2133 433 2166 vel
450 2143 489 2167 ex
509 2133 699 2176 affentatIone
718 2135 772 2168 vel
792 2146 831 2169 ex
852 2137 976 2170 Ordinis
997 2136 1114 2180 Inscitia

233 2181 287 2225 effe
298 2191 424 2223 natam,
451 2187 628 2225 Imperatori
648 2189 681 2217 in
694 2184 822 2227 Ecclefia
842 2187 935 2220 lacum
956 2187 1115 2231 affignavit

234 2241 307 2266 ante
318 2235 450 2266 sacrarii
460 2234 598 2267 cancellos
612 2256 622 2272 ,
645 2236 691 2267 ita
714 2242 748 2268 ut
767 2238 907 2277 populum
926 2241 1113 2279 Imperator,

234 2284 444 2324 Imperatorem
465 2284 637 2318 sacerdotes
660 2285 764 2318 ordine
780 2285 862 2328 fidis
880 2289 1086 2322 antecederent
1104 2313 1112 2322 .

187 2355 189 2358 .
233 2335 322 2366 Hanc
332 2342 432 2367 autem
453 2338 599 2375 optimam
618 2334 846 2374 constitutionem
864 2335 1031 2379 Tbeodqfius
1053 2342 1115 2371 Im-

228 2389 348 2424 perator
358 2383 562 2425 approbavit,
589 2386 624 2434 q
639 2382 806 2429 successores
827 2388 894 2427 eJ‘us
912 2388 1113 2422 corroborave-

232 2441 328 2473 runt,
354 2443 388 2467 ac
408 2444 461 2467 nos
471 2444 537 2468 eam
549 2444 588 2468 ex
606 2445 638 2468 eo
660 2434 751 2479 usque
759 2444 888 2479 tempore
908 2436 1113 2481 conservatam

232 2488 395 2516 cernimus.

282 2531 385 2567 Refie
397 2530 480 2567 dicit
490 2533 760 2570 consuetudinem
782 2546 894 2572 natam
913 2549 955 2572 ex
979 2538 1113 2583 Episco-

233 2592 351 2625 porum
360 2583 575 2618 assentatione
588 2609 596 2616 .
624 2584 759 2620 Etenim
773 2587 1029 2623 Constantinum
1046 2600 1114 2624 ma-

231 2643 355 2675 gnum,
387 2633 478 2677 quod
504 2633 734 2678 Episcopalem
758 2638 939 2672 sermonem
966 2638 1053 2673 stans
1078 2640 1113 2673 in

230 2680 376 2720 Ecclesia
404 2683 489 2718 inter
514 2685 672 2728 populum
699 2684 837 2721 audierit
863 2712 873 2728 ,
909 2689 1113 2733 positumque

230 2729 302 2766 istic
314 2732 355 2767 ab
370 2733 538 2777 Episcopis
549 2735 657 2779 regale
675 2737 794 2771 solium
824 2749 884 2771 nec
912 2738 958 2772 bis
981 2750 1112 2784 rogatus

229 2781 338 2817 federe
364 2783 504 2817 voluerit
526 2808 538 2825 ,
564 2785 674 2820 laudat
701 2787 860 2821 Eusebius
887 2788 1110 2824 Caesareenfis.

230 2830 309 2866 Erat
330 2834 406 2868 vero
429 2835 549 2868 solium
569 2834 653 2870 istud
667 2848 735 2871 non
760 2838 795 2870 in
809 2838 969 2878 sacrario,
994 2841 1046 2875 sed
1074 2842 1108 2874 in

231 2882 316 2915 atrio
327 2883 462 2926 populi:
490 2885 635 2930 Eamque
645 2886 792 2931 Principi
813 2889 1028 2925 reverentiam
1056 2902 1111 2924 vo-

231 2931 294 2964 luit
308 2931 498 2968 Ambrofius
509 2935 543 2968 in
556 2938 648 2970 omni
670 2938 792 2981 semper
818 2940 853 2973 ὃς
863 2939 984 2984 ubique
997 2940 1107 2975 Eccle·

230 2981 275 3014 fia
300 2980 463 3016 exhiberi.
489 2985 543 3019 De
566 2986 683 3021 Sansio
696 2988 817 3022 Basilio
839 2989 969 3034 Magno
997 2990 1108 3025 &Va-

58 3039 119 3076 L.4‚
136 3048 210 3075 017,
230 3032 319 3065 lente
330 3031 482 3076 Augusto
492 3034 602 3069 scribit
614 3036 699 3072 idern
711 3036 948 3074 Theodoretus
959 3065 966 3072 .
994 3042 1104 3074 Valens

229 3081 312 3115 rena
332 3083 377 3115 ad
386 3084 529 3124 templum
545 3083 682 3128 sanilam
699 3088 733 3131 se
751 3088 864 3130 confert
877 3114 888 3130 ‚
915 3091 949 3124 (ν
972 3089 1106 3134 consueta

228 3132 307 3165 dona
317 3133 407 3165 altari
426 3132 532 3174 offert;
559 3134 686 3177 Basilius
710 3147 808 3172 autem
829 3150 895 3173 eum
917 3145 1001 3173 intra
1016 3139 1106 3184 sacra

228 3182 354 3223 Aulaea,
379 3181 625 3227 ubiipsefhdere‚
651 3192 752 3221 venire
755 3189 867 3230 jubet,
891 3201 929 3224 ac
941 3202 1106 3234 permane-

227 3242 262 3266 re
285 3231 376 3274 juxta
402 3243 528 3268 morem
540 3234 691 3270 Ecclesiae
710 3236 1102 3282 Constantinopolitanae.

227 3279 343 3324 Absit,
370 3291 407 3317 ut
431 3293 561 3318 tantum
585 3296 650 3330 ego
675 3285 896 3330 Episcopum,
920 3291 976 3332 qui
1002 3290 1103 3326 istius-

227 3332 320 3366 modi
329 3332 542 3378 dispositione
552 3334 740 3380 Principem
760 3335 802 3370 ab
815 3335 947 3372 Arianis
967 3339 1100 3375 circum-

228 3381 382 3425 scriptum
397 3384 538 3419 tentavit
550 3386 591 3421 ad
603 3395 738 3420 matrem
753 3386 927 3422 Ecclesiam
939 3389 1102 3431 reducere,

229 3433 373 3468 mensem
393 3434 635 3473 assentationis.
662 3435 764 3472 Poffic
785 3447 896 3473 tamen
916 3438 1030 3475 abusui
1054 3441 1101 3475 fo-

73 310 146 350 C³P·
163 317 197 350 33

55 2805 116 2842 1·÷·
137 2813 213 2844 c133·

1907 162 1996 207 125

1191 240 1302 267 menta
1323 229 1508 274 'praebuiffe.
1534 229 1635 265 Recte
1661 231 1739 265 item
1757 232 1964 268 Zozomenus
1990 232 2072 269 affiii

1189 292 1257 316 mat
1283 281 1390 316 Sancti
1403 279 1569 316 Ambrosii
1594 280 1865 317 constitutionem
1892 283 2071 319 obtinuiffe

1188 335 1290 377 usque
1314 332 1356 365 ad
1382 333 1437 367 sua
1464 343 1632 375 tempora.
1662 330 1798 366 Etenim
1820 332 1868 366 illi
1896 345 2071 369 coetaneus

1188 379 1397 416 Theodosius
1418 382 1589 428 Augustus
1607 381 1718 426 junior
1737 380 1847 416 scribit
1872 382 1908 416 in
1932 384 2002 427 lege
2027 383 2071 418 de

1187 430 1412 467 Ecclesiastico
1448 431 1541 473 asylo
1567 457 1578 473 ‚
1613 432 1761 467 exstante
1801 431 1870 476 post
1897 432 2070 475 Synodum

1189 482 1382 526 Ephefinam
1395 506 1403 513 .
1431 483 1481 514 Ad
1497 480 1585 525 sacra
1597 484 1713 517 Altaria
1725 508 1737 523 ‚
1762 493 1916 517 munerum
1937 491 2072 516 tantum-

1186 535 1271 567 modo
1293 531 1501 573 offerendorum
1521 530 1609 574 causa
1622 556 1633 572 ‚
1659 534 1819 568 accedimus
1832 557 1844 573 ,
1872 534 1907 568 ὁ·
1929 533 1995 566 cum
2015 538 2071 567 cir-

1185 582 1364 627 cumseptum
1378 580 1530 626 sacrorum
1553 583 1674 620 adytum
1693 584 1805 626 ingreffi
1816 581 1923 627 sumus
1935 607 1947 624 ‚
1964 582 2070 623 statim

1184 635 1370 678 egredimur,
1397 643 1449 667 nec
1468 633 1635 676 quidquam
1658 641 1698 667 ex
1720 638 1889 676 propinqua
1901 636 2070 669 Divinitae

1184 684 1268 718 nobis
1278 696 1450 727 arrogamus
1465 709 1471 716 .

1234 733 1361 769 Panem
1386 735 1422 768 <Sc
1433 734 1550 768 vinum
1573 732 1593 766 a
1605 731 1780 768 Sacerdote
1800 732 2046 770 sacrificandum
2057 757 2071 776 ,

1183 785 1217 819 ὅ(
1227 785 1246 818 a
1258 785 1290 818 se
1304 785 1341 819 in
1353 784 1504 818 sacrificii
1515 785 1582 818 fine
1595 783 1810 824 sumendum,
1838 783 1975 827 quisque
1987 785 2071 819 olim

1184 833 1289 869 fidelis
1309 832 1489 876 offerebat,
1514 845 1552 868 ac
1578 833 1620 868 de
1630 833 1736 869 aliena
1748 833 1921 869 oblatione
1943 834 2072 869 sumere

1182 895 1250 919 erat
1270 894 1326 919 aut
1339 883 1478 927 injuria,
1502 894 1560 919 aut
1569 883 1821 919 certeinfamia.
1849 884 1943 919 Hinc
1955 884 1991 918 in
2004 885 2065 918 ser·-

1183 945 1282 969 mone
1293 935 1334 968 de
1346 933 1555 978 eleemosyna
1567 934 1730 969 declamat
1742 934 1784 969 ad
1804 936 1899 969 suurn
1910 934 2071 978 populum

1182 986 1317 1019 Sanetus
1329 985 1534 1029 Cyprianus.
1560 985 1701 1027 Locuples
1720 996 1752 1018 es
1779 986 1816 1020 Θ·
1829 985 1937 1025 dives,
1966 991 2016 1028 qui
2037 990 2071 1018 in

1184 1038 1391 1074 Dominicum,
1416 1034 1450 1070 id
1461 1035 1507 1068 est
1518 1059 1530 1076 ,
1555 1034 1737 1069 Ecclesiam
1752 1059 1764 1075 ,
1782 1034 1845 1076 fine
1861 1034 2005 1079 sacrificio
2016 1046 2069 1069 ve-

1184 1092 1254 1125 nis,
1278 1091 1329 1129 qui
1337 1094 1461 1128 partem
1471 1086 1509 1119 de
1516 1082 1683 1128 sacrificio,
1706 1086 1787 1128 quod
1806 1092 1922 1127 pauper
1942 1086 2071 1125 obtulit,

1178 1135 1292 1179 firmis.
1320 1136 1364 1170 Et
1374 1134 1462 1180 apud
1477 1136 1630 1170 Sanctum
1648 1135 1877 1180 Augustinutn
1900 1135 2006 1168 sermo
2028 1132 2071 1168 de

1183 1197 1328 1230 tempore
1341 1211 1349 1219 .
1376 1187 1546 1221 oblationes
1559 1210 1571 1226 ‚
1595 1197 1666 1228 quae
1692 1191 1726 1219 in
1737 1187 1831 1220 altari
1842 1183 2049 1228 consecrantur
2059 1208 2071 1225 ‚
2087 1177 2141 1209 32¹·ss
2157 1188 2223 1215 ²¹5-

1165 1263 1167 1267 .
1184 1237 1284 1278 afferte
1296 1249 1303 1269 ι
1331 1235 1513 1280 Erubeftere
1524 1236 1609 1270 debet
1621 1235 1704 1270 homo
1713 1237 1834 1270 idoneus
1846 1261 1856 1276 ‚
1877 1235 1908 1277 fi
1925 1237 1963 1268 de
1975 1236 2071 1269 aliena

1184 1288 1328 1321 oblatione
1338 1289 1585 1320 manducaverit.
1614 1286 1660 1320 Et
1679 1286 1716 1320 in
1728 1285 1878 1330 Epistola
1900 1283 1941 1319 ad
1957 1285 2072 1320 Helio-

1184 1336 1302 1372 dorum
1317 1335 1518 1372 monachum
1528 1338 1664 1372 Sanctus
1686 1337 1935 1380 Hieronymus:
1963 1337 2072 1369 Clerici
2088 1331 2173 1374 Epist·
2192 1343 2217 1362 1-

1184 1389 1221 1420 de
1233 1388 1349 1420 Altaria
1359 1393 1472 1420 vivunt
1482 1410 1493 1426 ,
1518 1386 1594 1419 mibi
1605 1385 1773 1420 monacho
1782 1408 1795 1424 ,
1820 1384 1904 1428 quast
1911 1385 2074 1426 insi-uduo-

1177 1433 1223 1476 sae
1236 1435 1335 1467 arbori
1350 1458 1362 1475 ‚
1381 1434 1493 1477 securis
1501 1439 1626 1475 ponitur
1636 1436 1682 1467 ad
1688 1436 1818 1468 radicem
1830 1459 1841 1475 ,
1863 1434 1887 1475 fi
1909 1446 2018 1467 munus
2030 1436 2076 1468 ad

1182 1485 1280 1518 altare
1291 1496 1350 1517 non
1362 1484 1471 1526 defero.
1498 1487 1567 1517 Nec
1572 1484 1671 1526 poffim
1683 1484 1840 1518 obtendere
1846 1493 2073 1527 paupertatem,

1184 1535 1294 1567 cumin
1306 1536 1473 1579 Evangelio
1482 1546 1575 1568 anum
1587 1536 1716 1568 viduam
1728 1559 1740 1575 ‚
1764 1536 1822 1569 duo
1833 1560 1843 1575 ,
1870 1546 1937 1577 quae
1947 1533 2070 1577 folafibt

1177 1582 1378 1626 supererant,
1403 1597 1468 1618 aera
1490 1590 1660 1618 mittentem
1679 1589 1712 1617 in
1738 1583 1987 1628 gazophylacion,
2011 1585 2074 1617 lau-

1182 1635 1306 1668 daverit
1316 1638 1463 1668 Dominus
1475 1659 1484 1666 .
1511 1634 1605 1668 Hinc
1620 1635 1714 1668 omni
1731 1628 1941 1669 sabbatho'ad
1953 1634 2072 1668 Nitriae

1182 1683 1366 1718 monachos
1386 1684 1594 1728 deportatum
1623 1685 1717 1719 fixisse
1737 1685 1831 1719 suum
1851 1682 1888 1718 in
1911 1684 2071 1719 sacrificio

1182 1734 1388 1769 offerendum
1416 1746 1533 1778 panem
1559 1734 1669 1769 scribit
1696 1735 1732 1769 in
1755 1734 1909 1769 Lausiaca
1937 1733 2072 1768 historia

1181 1782 1346 1818 Palladius
1386 1783 1568 1829 Episcopus
1593 1784 1897 1828 Helenopolitanus
1923 1809 1931 1816 .
1973 1783 2070 1818 Hinc

1180 1834 1260 1867 item
1277 1834 1365 1878 apud
1376 1834 1538 1878 Ioannem
1547 1834 1710 1869 Romanae
1721 1835 1862 1878 Ecclefie
1876 1835 2069 1870 Diaconum
2088 1835 2161 1874 Cap-
2182 1839 2229 1866 18:

1180 1883 1335 1919 Romana
1362 1884 1419 1919 illa
1442 1884 1559 1920 mulier
1580 1895 1698 1929 panem
1723 1885 1742 1920 a
1767 1886 1888 1921 Sancto
1903 1885 2069 1931 Gregorio

1179 1935 1405 1970 consecratum
1418 1934 1527 1970 noluit
1542 1934 1686 1971 Domini
1697 1947 1816 1979 corpus
1825 1937 1968 1979 credere,
1977 1937 2070 1980 quod
2089 1954 2149 1982 L.2.
2158 1961 2183 1983 c,
2193 1963 2209 1988 4
2218 1963 2243 1981 r.

1180 1985 1246 2028 ipsa
1258 1985 1351 2019 illum
1364 2010 1376 2026 ‚
1402 1987 1450 2019 uti
1464 1984 1648 2028 obtulerat,
1674 1986 1720 2020 ita
1737 1987 1943 2030 &piamen
1971 1987 2073 2036 Qis·

1179 2046 1244 2078 que
1255 2035 1346 2070 enim
1359 2035 1628 2070 communicabat
1639 2046 1757 2080 panem
1771 2038 1789 2070 a
1802 2038 1834 2071 se
1844 2035 1993 2071 oblatum
2005 2061 2016 2077 ‚
2033 2037 2069 2072 ἀ

1179 2085 1336 2120 offerebat
1348 2087 1368 2120 ὲ
1381 2087 1412 2120 se
1424 2085 1543 2129 pistum
1569 2087 1603 2121 δε
1614 2088 1791 2120 formatum
1803 2112 1810 2118 .
1838 2087 1932 2121 Hinc
1954 2088 1986 2122 in
2008 2089 2069 2123 suo

1179 2134 1362 2179 capitulari
1375 2135 1509 2170 mandat
1517 2136 1650 2170 Sanctus
1659 2136 1876 2171 Theodulfus
1888 2137 2070 2182 Episcopus
2079 2144 2081 2148 ’

1181 2184 1445 2220 Aurelianensis.
1474 2189 1574 2219 Panes
1586 2212 1597 2228 ,
1623 2197 1693 2229 quos
1703 2189 1765 2220 Deo
1774 2193 1807 2220 in
1824 2186 2003 2230 sacrificium
2024 2189 2068 2230 of2
2085 2183 2159 2223 0²1⁹·
2175 2192 2201 2219 5-

1172 2235 1268 2283 fertls
1281 2260 1292 2276 ,
1316 2246 1371 2270 aut
1382 2238 1404 2269 ti
1414 2236 1500 2270 vobis
1510 2235 1579 2278 ipfis
1593 2261 1605 2275 ‚
1630 2246 1685 2271 aut
1695 2239 1715 2270 ἃ
1727 2237 1832 2277 vestris
1851 2246 1958 2280 pueris
1968 2249 2067 2272 coram

1178 2286 1263 2319 vobis
1274 2288 1372 2319 nitide*
1398 2285 1653 2329 &studiose-fiant
1666 2312 1674 2319 .
1701 2287 1916 2322 offerendum
1935 2300 2068 2332 panem,

1179 2336 1292 2370 vinum
1310 2361 1320 2376 ,
1345 2338 1379 2371 δε
1394 2348 1513 2380 aquam
1535 2337 1669 2371 mandat
1682 2338 1809 2371 tra-stari
1830 2338 2040 2373 mundissime
2055 2364 2067 2380 ,

1176 2386 1211 2419 &
1236 2385 1321 2420 nihil
1349 2387 1384 2419 in
1411 2386 1486 2430 ipsis
1507 2387 1571 2421 esse
1592 2387 1659 2421 vile
1692 2395 1749 2421 aut
1771 2398 1840 2422 non
1865 2388 2064 2432 pretiosum.

1178 2436 1267 2470 Nam
1287 2438 1319 2471 ὅς
1343 2436 1437 2479 supra
1452 2437 1644 2471 audivimus
1665 2436 1707 2471 de
1717 2437 1777 2471 vili
1799 2438 1928 2473 vinoin
1951 2439 2065 2473 sacrifi-

1177 2487 1266 2521 cium
1288 2486 1461 2530 adsumpto
1474 2487 1568 2520 fuisse
1586 2488 1619 2521 in
1645 2487 1788 2531 Synodo
1800 2488 1965 2531 Berytensi
1992 2501 2064 2534 gra-

1178 2537 1258 2571 viter
1281 2538 1471 2571 accusatum
1492 2536 1584 2571 Ibam
1597 2537 1917 2582 Archi-Episcopum
1930 2539 2063 2574 Edesse-

1177 2598 1258 2621 num
1275 2612 1282 2619 .
1309 2588 1354 2621 Et
1376 2587 1528 2621 Sanctum
1550 2588 1783 2623 wenceslaum
1808 2587 1976 2623 Bohemiae
1988 2591 2063 2624 Du-

1175 2649 1271 2677 cem,
1293 2638 1383 2682 quod
1411 2639 1541 2682 propria
1566 2649 1667 2672 manu
1680 2639 1783 2683 spicas
1806 2640 1840 2672 in
1866 2650 1945 2683 agro
1964 2639 2061 2673 velle-

1175 2699 1242 2729 ret,
1269 2698 1458 2729 excuteret,
1482 2688 1610 2723 acinde
1621 2689 1789 2733 sacrandas
1799 2689 1986 2723 oblationes
1997 2690 2063 2725 for-

1175 2749 1277 2773 maret
1292 2764 1303 2780 ,
1327 2738 1436 2773 laudat
1450 2749 1609 2783 magnum
1621 2739 1727 2784 Belgii
1744 2738 1937 2773 Chronicon
1950 2763 1957 2771 .
1987 2739 2060 2774 Ad·
2075 2756 2155 2790 1:73,

1174 2789 1226 2822 dit
1262 2789 1464 2824 walafridus
1490 2789 1608 2824 Strabo
1645 2791 1731 2824 solos
1754 2790 2057 2824 communicaturos
2074 2798 2146 2834 Cap.
2166 2807 2210 2832 27-

1173 2840 1310 2881 potuisse
1322 2841 1436 2874 offerre
1450 2863 1461 2880 ,
1483 2841 1689 2885 graviterque
1713 2850 1769 2873 eos
1781 2840 1910 2883 arguit,
1937 2840 1994 2883 qui
2006 2841 2056 2874 of-

1172 2891 1291 2924 ferrent
1302 2915 1313 2931 ,
1340 2890 1375 2924 ὅ(
1386 2901 1464 2925 ante
1475 2891 1747 2924 communionem
1760 2888 1904 2923 Ecclesia
1915 2890 2053 2925 exirent.

1172 2939 1266 2974 Hinc
1289 2941 1376 2984 apud
1398 2941 1554 2985 antiquos
1568 2941 1723 2974 Canones
1742 2937 1785 2972 ab
1810 2938 1982 2974 oblatione
1993 2942 2053 2974 sus2

1172 2989 1268 3033 pendi
1281 3002 1347 3025 erat
1357 2989 1490 3035 grandis
1503 3002 1597 3035 poena
1610 3003 1620 3022 .·
1648 2988 1726 3022 Erat
1739 2989 1829 3023 enim
1848 2990 1996 3034 suspendi
2009 2990 2052 3026 ab

1171 3041 1236 3083 ipsa
1251 3039 1455 3077 Eucharistia
1467 3066 1474 3073 .
1859 3074 1862 3077 .

1219 3089 1280 3123 Iste
1291 3090 1451 3130 Romanae
1461 3089 1606 3125 mulieris
1628 3101 1719 3125 error
1729 3090 1776 3125 est
1789 3102 1855 3125 una
1867 3092 2048 3132 causarum,

1167 3140 1213 3174 ob
1223 3151 1302 3184 quas
1316 3140 1466 3174 inductus
1475 3140 1539 3174 fuit
1552 3141 1633 3173 ritus
1644 3140 1727 3174 alius
1739 3165 1751 3182 ,
1776 3141 1817 3176 de
1830 3151 1896 3185 quo
1923 3142 1956 3176 in
1972 3141 2052 3177 Res·

1168 3191 1274 3234 ponfis
1297 3189 1463 3224 adversum
1473 3188 1649 3225 Michaelis
1667 3190 1867 3226 Patriarchae
1882 3192 1957 3227 Con
1965 3192 2049 3226 stan-

1167 3240 1382 3285 tinopolitani
1406 3239 1586 3275 calumnias
1607 3240 1793 3276 Cardinalis
1813 3241 2045 3277 Humbertus:

1166 3295 1302 3324 Romana
1322 3292 1357 3324 Θ
1380 3291 1579 3326 occidentalis
1604 3282 1731 3333 Ecclefia
1756 3294 1778 3325 ἂ
1798 3292 1943 3333 Ministris
1964 3292 2046 3336 sam

1166 3342 1279 3373 Altaris
1289 3346 1322 3373 in
1343 3339 1501 3383 secretario
1509 3341 1672 3383 confidam
1690 3342 1774 3383 offirt
1789 3347 1934 3382 azymum
1946 3366 1954 3374 .
1981 3342 2043 3375 Ar-

1164 3391 1238 3434 guit
1249 3390 1378 3425 Graecos
1387 3390 1428 3425 de
1447 3390 1559 3426 oblato
1572 3403 1654 3435 pane
1676 3391 1694 3426 ὲ
1708 3392 1849 3436 publicis
1868 3389 2041 3435 pistoribus

1163 3451 1274 3485 empto
1296 3455 1308 3475 :
1334 3441 1439 3488 Qod
1462 3452 1581 3487 nempe
1602 3441 1710 3478 adhuc
1730 3452 1853 3488 panem
1870 3443 1890 3475 ὲ
1915 3440 2040 3483 P0P1¹¹0

1843 3489 1992 3525 oblatum
