2340 3762
67 2888 131 2934 1..ss
149 2908 204 2938 τη.

70 3170 149 3204 Ῑ..ιο.
169 3180 221 3208 c.5.

657 183 725 213 nn
761 179 1000 214 SEPTIMA
1029 166 1281 212 Stoi-'ono
1316 159 1627 210 Genauam
1652 198 1663 210 .

240 253 448 299 *Ecclefiarum
469 261 570 302 Regiae
591 257 675 291 urbis
690 250 763 299 jure
781 257 899 300 aliquid
917 260 1014 288 minui
1026 277 1036 294 ‚
1054 254 1133 297 quud

238 315 304 352 tego
320 308 510 350 Apostolicam
521 310 622 343 Sedem
635 307 762 347 vestram
773 305 856 353 visus
865 304 934 350 sum
954 305 1128 348 nominasse.

236 377 245 389 ι
253 358 298 393 Et
309 359 452 404 ejusdem
463 359 619 402 Stephani
632 358 788 401 Episcopi
801 356 1024 391 provinciales
1033 380 1040 386 .
1060 358 1093 402 J
1095 365 1129 387 us

239 412 287 442 *tn
307 409 403 451 nostra
426 412 586 442 Provincia
602 406 659 448 fibi
668 407 770 449 facere
780 414 962 450 praepaerat‚
989 415 1022 439 ut
1035 416 1131 439 exem-

236 459 301 500 ·plo
309 459 360 499 isto
370 471 452 493 nemo
469 461 579 492 audeat
589 459 627 491 de
632 456 808 500 sane‘larum
820 455 1012 498 Ecclefiarum
1023 454 1130 496 nostra-

249 511 396 548 ramjure
407 510 571 552 quidquam
583 509 679 542 dicere
687 534 699 551 ‚
726 519 777 543 nec
789 505 1069 548 memoriamfacere
1079 510 1132 539 an·

235 563 406 601 *niquitatis
417 583 429 598 ,
454 559 508 592 vel
514 569 612 593 eorum
624 571 691 602 quae
701 557 790 603 usque
799 557 942 591 badenus
953 564 1110 591 tenuerunt
1123 580 1130 588 .

251 607 435 651 ,Quiaestudu
444 610 511 650 ejus
523 608 562 648 est
573 632 584 649 ‚
609 607 704 653 utsub
714 610 932 642 ordinationem
947 608 983 641 Θ·
988 608 1046 647 jus
1064 604 1132 650 san·

247 657 306 691 ἃς
315 661 416 701 Regia
425 664 562 692 civitatis
573 659 707 703 Ecclefiae
720 669 772 693 nos
786 656 904 702 miseros
924 658 1027 700 efficiat
1037 681 1046 691 ‚
1072 655 1132 691 Di-

247 707 317 742 stus
328 707 564 744 Thessalorum
576 707 792 753 Metropolita
809 708 852 743 de
862 708 973 743 nescio
995 718 1062 751 quo
1071 705 1132 740 cri-

246 757 340 792 mine
350 758 436 802 apud
447 757 672 803 Epiphaniam
682 757 905 794 Patriarcham
920 759 955 793 in
973 757 1025 801 jus
1035 767 1133 791 voca·

248 814 304 842 tus
323 808 364 843 de
383 808 502 853 judicis
523 807 780 853 incompetentia
799 808 930 853 excepit
943 832 955 848 ‚
977 817 1020 841 ex
1041 807 1131 840 sexto

246 856 390 893 Nicaeno
401 857 540 892 Canone
552 858 642 901 ajens
651 857 884 901 Metropolitas
893 858 911 891 ὲ
922 859 981 891 suo
994 855 1130 890 Patriar-

243 904 311 941 cha
332 905 544 948 judicandos,
568 916 607 941 ac
629 907 693 941 sese
715 907 850 951 spectare
872 905 915 940 ad
933 904 1128 941 Romanum

241 953 520 990 Patriarchatum.
546 955 641 991 Hinc
664 965 834 1001 tamquam
858 964 1042 991 contumax
1065 956 1129 990 fuit

241 1016 298 1050 per
310 1004 534 1050 Epiphaniam
558 1005 601 1041 ab
609 1006 722 1041 officio
733 1006 918 1052 Episcopali
941 1006 1127 1051 suspensus,

234 1056 360 1090 carceri
382 1055 562 1091 destinatus
581 1079 593 1096 ,
617 1067 655 1091 ac
679 1057 720 1092 de
742 1055 847 1102 gratia
871 1056 1025 1092 detentus
1035 1057 1127 1091 Con-

240 1105 459 1151 stantinopoli
480 1106 521 1142 ad
542 1106 638 1142 datos
655 1106 870 1152 fidejuffores.
898 1106 1024 1142 Verum
1037 1105 1128 1141 enim

241 1155 320 1190 vero
332 1156 480 1192 Romam
491 1155 626 1192 tandem
649 1158 775 1193 acceffit
785 1184 795 1199 ‚
823 1167 922 1202 atque
933 1156 1126 1192 Bonifacius

239 1203 400 1242 secundus
408 1205 569 1242 Pontifex
579 1207 703 1243 vetusta
715 1208 865 1243 Ecclefiae
875 1204 937 1242 suae
951 1206 1124 1252 privilegia

238 1254 386 1291 discuffit
398 1281 410 1298 ,
434 1256 692 1301 demonstravit,
718 1257 890 1294 stabilivit.

291 1305 362 1342 Res
373 1307 419 1343 ita
428 1307 548 1344 mansit
558 1309 661 1352 ustlue
680 1306 722 1343 ad
731 1307 901 1353 Vigilium
910 1307 1106 1345 Pontificem
1118 1328 1130 1348 ⁵

243 1352 265 1387 ὃ.
279 1366 347 1401 quo
358 1367 414 1401 per
429 1358 559 1403 aliquot
578 1368 744 1393 annorum
768 1358 906 1394 exilium
925 1361 1026 1394 fracto
1041 1356 1129 1394 idem

242 1406 445 1449 Iustinianus
454 1406 625 1451 Augustus
643 1406 809 1451 &quinta
818 1408 946 1450 Synodi
956 1408 1130 1441 confirma-

241 1454 394 1496 tionem,
419 1455 455 1489 &
468 1455 633 1491 Primatus
655 1455 815 1490 Acridani
831 1481 842 1496 ,
868 1467 936 1500 quo
956 1455 1129 1490 vicariatus

239 1501 542 1540 Thessalonicenfis
554 1505 616 1540 fuit
629 1504 774 1551 graviter
786 1505 954 1541 mutilatus
964 1530 975 1547 ,
999 1506 1130 1541 eremo-

235 1563 319 1589 nem
330 1555 464 1590 extorsit
474 1579 482 1587 .
507 1554 650 1591 Paulum
669 1553 997 1592 Thessalonicensem
1008 1556 1128 1600 Epsco-

237 1614 344 1647 pum,
369 1605 429 1648 qui
452 1604 667 1649 graffannbus
690 1606 723 1640 in
738 1606 928 1642 Romanam
950 1607 1126 1641 Ecclefiam

240 1652 482 1689 Monothelitis
499 1678 510 1694 ‚
535 1653 744 1700 Apostolicas
765 1658 849 1691 vices
867 1658 902 1691 in
923 1656 1124 1693 ordinarium

241 1701 423 1738 Primatum
433 1704 583 1740 attollere
596 1705 742 1740 tentabat
754 1730 766 1747 ,
792 1707 925 1742 Sanctus
940 1706 1028 1752 Papa
1040 1707 1126 1741 Mar-

239 1751 332 1786 tinus
342 1755 465 1797 primus
477 1757 660 1799 compreffit
675 1782 686 1797 ,
713 1755 855 1801 ideoque
864 1758 957 1792 istius
968 1757 1126 1793 successor

238 1802 386 1845 -Joannes
398 1805 417 1837 a
429 1804 564 1849 Legatis
574 1805 777 1849 Apostolicis
790 1808 978 1851 compulsus
997 1807 1043 1842 est
1059 1808 1122 1841 sex-

239 1860 282 1886 tae
294 1852 432 1895 Synodo
442 1854 639 1890 subscribere
654 1856 688 1890 in
703 1854 789 1890 hanc
798 1858 937 1891 formam
950 1870 958 1891 z
979 1861 1012 1902 J
1014 1868 1123 1890 oannes

239 1900 440 1944 misericordia
451 1907 510 1938 Dei
523 1903 774 1949 Theffitlonicenfis
785 1905 949 1951 Episcopus
960 1932 970 1947 ‚
996 1910 1030 1942 o·
1041 1911 1126 1941 Vica-

238 1956 305 1984 rius
322 1952 488 1996 apostolicae
513 1957 534 1989 5
535 1957 598 1990 edis
609 1959 712 1990 Romae
723 1960 857 2000 Legatus
870 1979 878 1989 .
906 1958 1065 1992 Attamen
1090 1958 1124 1991 &

242 1999 443 2043 justinianus
465 2005 499 2038 &
511 2005 568 2040 ille
579 2006 701 2041 Paulus
718 2007 911 2042 Romanum
925 2006 1124 2042 Patriarcha-

241 2058 314 2083 tum
334 2063 402 2086 non
425 2055 690 2098 praesumpserunt
709 2057 861 2091 mutilare
874 2082 882 2089 .
903 2056 1036 2091 Primus
1056 2059 1124 2092 Leo

241 2099 390 2142 isaurus,
418 2104 585 2148 sacrilegas
606 2105 676 2139 suas
694 2104 844 2148 juffiones
863 2107 882 2140 a
895 2107 1059 2150 Gregorio
1081 2110 1125 2141 se-

241 2149 354 2184 cundo
377 2152 506 2195 sperni,
532 2165 570 2188 ac
583 2155 748 2189 Ravennae
772 2154 1016 2197 Exarchatum‚
1041 2157 1124 2191 Pen-

241 2200 378 2243 tapolim
391 2226 402 2242 ‚
428 2202 592 2247 ipsamque
611 2203 798 2239 Romanam
810 2205 920 2240 urbem
943 2206 1001 2240 fibi
1015 2217 1123 2250 erepta

239 2249 434 2294 indignatus
443 2276 453 2291 ,
479 2264 579 2288 omne
592 2255 751 2289 Romanae
763 2255 909 2290 Ecclefiae
919 2257 953 2290 in
965 2256 1100 2300 Illyrico
1112 2282 1122 2298 ‚

239 2300 372 2341 Sicilia,
399 2303 549 2338 Calabria
563 2328 574 2344 ‚
600 2304 725 2347 Apulia
737 2329 748 2346 ,
774 2306 1002 2350 &Campania
1026 2307 1122 2350 patri-

238 2350 391 2383 monium
414 2351 537 2397 redegit
561 2355 595 2387 in
619 2355 733 2388 fiscum
752 2379 763 2396 ,
789 2367 826 2390 ac
850 2366 966 2391 omnes
988 2357 1120 2391 istarum

239 2399 393 2444 gentium
416 2401 573 2438 Ecclefias
595 2405 788 2448 transcripsit
811 2407 847 2440 in
862 2404 1120 2441 patriarchatum

238 2448 649 2496 constantinopolitanum
663 2480 669 2487 .
700 2453 841 2490 Grandis
853 2455 969 2498 injuria
981 2458 1016 2491 ὃ(
1027 2458 1121 2501 perti-

239 2509 305 2532 nax
320 2511 327 2530 :
355 2499 437 2545 Qae
450 2514 515 2535 non
529 2503 585 2536 nisi
599 2516 651 2548 per
664 2515 792 2548 captam
805 2506 823 2539 ὲ
836 2506 986 2542 Flandris
1004 2506 1120 2541 nostris

239 2547 567 2595 Constantinopolim
590 2555 696 2597 potuit
719 2556 759 2589 ab
785 2557 985 2592 Innocentio
1021 2558 1119 2592 tertio

239 2598 310 2641 post
322 2599 450 2642 aliquot
465 2602 597 2643 saecula,
624 2604 658 2636 ὅς
671 2606 935 2647 nominetenus,
961 2608 1119 2649 reparari.

289 2647 422 2683 Ethinc
447 2651 479 2684 in
494 2653 637 2695 praelenti
660 2653 800 2697 primum
811 2656 949 2697 Synodo
973 2658 1119 2699 apparuit

239 2696 539 2745 Archi-Episcopus
560 2704 778 2746 Syracusanus
798 2730 809 2746 ,
834 2705 879 2739 ita
902 2704 1119 2741 subscribente

239 2748 306 2790 ejus
326 2749 436 2794 legato
449 2764 460 2784 .·
487 2754 597 2786 Galato
617 2760 738 2798 exiguus
751 2755 927 2795 Presbyter,
952 2757 1035 2790 &ex
1049 2765 1119 2798 per-

237 2795 309 2839 sona
320 2799 461 2842 Stephani
473 2801 710 2846 Archi-Episcopi
720 2805 829 2839 sictlzae
838 2828 849 2844 ‚
873 2805 998 2839 libenter
1008 2813 1119 2846 omnia,

243 2857 310 2888 quae
317 2848 494 2893 praescrtpta
500 2851 573 2895 sum
585 2878 595 2894 ‚
617 2853 779 2897 suscipiens
810 2854 980 2898 subscripfi.
1009 2856 1119 2904 Qare

243 2904 384 2931 errorem
406 2903 578 2936 continent
587 2901 655 2938 haec
676 2905 770 2939 verba
782 2905 868 2939 Petri
881 2907 913 2938 A
927 2906 1041 2940 Marca
1057 2911 1119 2939 Ar-

242 2946 464 2992 chi-Episcopi
478 2951 652 2987 Parifienfis
665 2968 676 2987 .·
703 2957 789 2999 ‚Quin
805 2956 909 2989 siciliae
930 2957 1117 2994 administra-

243 3001 354 3029 tionem
366 2999 590 3040 Ecclefiasticam
608 3004 750 3037 obtineret
767 3007 951 3047 Metropolim
970 3005 1118 3049 syracusa-

241 3057 330 3084 rum,
354 3047 491 3082 dubitare
511 3062 567 3083 non
582 3050 652 3092 finit
664 3055 797 3096 Epistola
819 3056 1004 3095 Constantini
1024 3061 1119 3098 Impe-

240 3100 349 3128 ratoris
366 3098 410 3130 ad
431 3097 581 3138 chrestum
601 3103 806 3146 Syracusanum
828 3108 911 3146 apud
935 3104 1097 3149 Eusebium
1111 3132 1118 3139 .

242 3146 325 3180 Haec
337 3147 411 3180 sunt
426 3148 576 3191 Epistolae
588 3151 681 3186 verba
695 3166 701 3184 ;
731 3156 849 3187 Duobus
862 3154 1015 3198 Episcopis
1027 3167 1064 3190 ex
1072 3155 1118 3199 se-

243 3196 283 3228 de
290 3194 422 3238 secunda
431 3222 441 3239 ,
468 3210 539 3240 quos
550 3208 582 3232 tu
594 3200 653 3243 ipse
673 3203 727 3235 tibi
740 3207 871 3238 maxime?
894 3206 1059 3249 deligendos
1066 3209 1118 3246 ju-

242 3246 393 3280 dicaveris
415 3272 426 3288 ,
451 3246 618 3291 adsumptis
640 3250 680 3284 ad
700 3253 870 3294 Synodum
895 3255 1115 3289 Arelatensem

240 3305 375 3329 occurras
395 3322 402 3329 .
429 3298 524 3332 Hinc
544 3299 643 3340 infert
663 3301 767 3334 dictus
797 3302 914 3336 Petrus
941 3302 1114 3338 Chrestum

236 3344 452 3390 .fuiffeprimae
473 3348 554 3382 sedis
577 3350 774 3393 Episcopum
787 3377 798 3393 ,
828 3351 974 3396 adeoque
994 3354 1115 3389 Metro-

241 3394 397 3437 politam.
425 3398 469 3432 Et
485 3399 575 3442 pallii
599 3401 714 3440 usum,
741 3404 906 3445 proprium
930 3400 1114 3447 metropoli.

243 3443 318 3480 ticae
336 3446 507 3492 dignitatis
525 3459 754 3485 ornamentum
769 3475 780 3492 ,
807 3453 931 3498 semper
949 3453 1042 3489 fuisse
1059 3456 1114 3499 Sy·

294 3524 295 3527 ,
315 3517 320 3521 ·
341 3496 450 3538 Christ.
463 3501 542 3542 Lupi
552 3504 637 3543 Oper.
650 3504 727 3535 Tom.
737 3505 792 3536 ΠΙ,

1913 187 2012 234 227

1195 253 1358 287 racusanis
1386 244 1557 296 Episcopis
1583 275 1594 292 ‚
1630 249 1735 295 liquet
1760 263 1803 287 ex
1825 253 1943 291 litteris
1968 258 2078 295 Sant‘ti

1194 303 1350 352 Gregorii
1369 301 1509 347 Magni.

1245 355 1402 388 Affevero
1412 362 1522 386 tamen
1540 349 1636 386 illum
1659 362 1739 387 runc
1750 364 1819 387 non
1840 353 1935 390 fuisse
1959 355 2079 393 Archi-

1196 404 1394 447 Episcopum
1418 404 1471 437 seu
1483 402 1735 446 Metropolitam
1748 428 1755 436 .
1783 404 1921 439 Etenim·
1939 406 2055 443 litteris
2066 434 2078 451 ‚

1194 452 1313 497 quibus
1323 453 1471 487 Mauritii
1485 452 1625 496 Augusti
1638 453 1678 488 de
1691 462 1779 488 certo
1791 452 1969 489 hominum
1980 467 2079 500 gene-

1194 516 1227 539 re
1239 516 1308 538 non
1321 502 1554 538 monachando
1564 502 1671 547 legem
1683 505 1723 538 ad
1734 514 1851 539 omnes
1865 506 1929 539 suae
1940 505 2077 541 Patriar-

1194 553 1299 589 chalis
1319 553 1493 589 dioeceseos
1514 552 1749 595 Metropolitas
1773 555 1862 589 milit
1885 579 1896 595 ‚
1925 555 2078 592 laudatus

1194 605 1373 650 Gregorius
1383 603 1473 638 dedit
1494 601 1581 637 hanc
1593 602 1825 646 Epigraphen:
1852 603 1979 648 Eusebio
1991 606 2078 650 Thes:

1189 652 1364 697 salonicenfi
1379 679 1390 695 ‚
1417 653 1532 687 Urbitio
1559 651 1775 692 Dyrrachitano
1798 676 1808 692 ‚
1834 654 2003 694 Constantio
2016 661 2079 692 Me-

1193 704 1370 747 dadanenfi,
1397 705 1527 738 Andreae
1548 704 1703 746 Nicopolis
1729 727 1740 743 ,
1758 706 1885 748 Joanni
1909 706 2048 740 Corinthi
2063 732 2076 749 ‚

2097 334 2158 366 L5-
2169 328 2253 370 Epist.

2102 375 2146 402 18.

2176 589 2218 615 ,-

1186 758 1219 799 J
1220 760 1309 788 oanni
1314 761 1426 797 prlmae
1431 758 1464 799 J
1466 754 1622 795 ustinianae
1634 778 1645 793 ,
1664 757 1788 799 Joanni
1798 753 1949 795 Cretensi,
1968 758 2077 800 joan.

1193 810 1225 837 nt
1237 805 1359 848 Lariffae
1370 828 1382 845 ‚
1409 806 1581 837 mariniano
1603 807 1783 845 Ravennae,
1803 807 1837 849 J
1838 810 1966 838 anuario
1988 809 2080 841 Cala·-

1191 859 1291 886 ritano
1301 878 1312 894 ,
1326 856 1440 898 utique
1453 852 1677 897 Metropolitae
1689 878 1701 894 ‚
1726 854 1909 889 &omnibus
1919 854 2080 898 Episcopis

1191 905 1212 937 5
1213 905 1315 937 tciltae.
1337 901 1441 951 Quod
1462 914 1580 948 nempe
1589 904 1690 939 Siculi
1704 915 1774 940 non
1787 903 1943 940 haberent
1954 905 2080 941 Metro-

1192 952 1332 998 politam
1346 978 1357 995 ,
1370 954 1428 988 nifi
1440 953 1546 998 ipsum
1557 954 1757 990 Pontificem
1770 955 1968 991 Romanurn
1978 982 1985 988 .
2012 956 2077 990 Lu-

1191 1001 1264 1038 cide
1274 1000 1339 1039 hoc
1351 1004 1458 1048 ipsum
1468 1013 1556 1048 patet
1566 1015 1606 1038 ex
1620 1004 1823 1048 Apostolicis
1832 1004 1962 1041 vicibus
1971 1032 1982 1048 ‚
1995 1017 2077 1051 quas

1191 1054 1311 1088 sancto
1351 1053 1564 1089 Maximiano
1591 1053 1753 1098 Syracusas
1786 1055 1952 1099 Episcopo
1984 1056 2076 1090 dedit
2132 1089 2138 1095 f
2217 1097 2222 1103 ⁵

1192 1103 1280 1139 idem
1300 1104 1497 1148 Gregorius:
1525 1103 1632 1139 Dedit
1643 1115 1718 1146 eas,
1742 1115 1815 1139 non
1836 1105 1895 1139 Ioco
1915 1115 1972 1140 aut
1988 1106 2080 1147 sedi,
2107 1096 2259 1136 [·²·f-·l‘¹st·

1186 1152 1408 1198 sedpersonae‚
1433 1152 1480 1190 ob
1500 1161 1618 1190 notam
1639 1154 1708 1198 ejus
1718 1154 1821 1189 fidem
1841 1165 1881 1189 ac
1908 1155 2081 1201 integrita-
2102 1151 2129 1175 4·

1190 1214 1256 1239 tem
1269 1229 1281 1245 ‚
1307 1204 1453 1248 quatenus
1465 1204 1623 1250 religiosis
1635 1203 1753 1240 Siciliae
1758 1203 1896 1248 per-finit
1920 1203 2024 1246 nonsit
2034 1216 2081 1240 ne-

1190 1254 1340 1300 cessarlum
1354 1254 1472 1299 posthac
1478 1255 1687 1298 proparvulls
1698 1254 1789 1296 caufir
1798 1264 1891 1289 tanta
1902 1261 1999 1289 maris
2007 1254 2082 1299 spa-

1190 1312 1236 1339 cia
1245 1305 1458 1350 transmeando
1468 1309 1593 1339 Romam
1599 1312 1760 1348 pervenire
1767 1330 1776 1338 .
1803 1305 1874 1340 Cur
1881 1306 1977 1341 antea
1990 1306 2083 1341 Sicu·

1190 1354 1215 1389 li
1225 1355 1325 1391 etiam
1336 1367 1397 1401 pro
1409 1356 1552 1401 parvulis
1567 1357 1667 1391 caufis
1690 1354 1855 1390 debebant
1868 1356 2016 1390 Romam
2026 1368 2079 1390 ac·

1190 1405 1327 1438 cedere?
1354 1407 1424 1439 Cur
1444 1416 1498 1438 eas
1507 1406 1729 1447 Syracusanus
1740 1404 1922 1448 Episcopus
1944 1416 2014 1439 non
2025 1416 2082 1448 po-

1190 1455 1348 1487 teratfine
1366 1452 1568 1497 Apostolicis
1589 1453 1716 1489 vicibus
1740 1452 1950 1489 terminare?
1974 1453 2082 1502 Qod

1191 1503 1257 1548 ipse
1278 1505 1355 1538 esset
1369 1503 1540 1547 dumtaxat
1563 1502 1782 1539 Provincialis
1806 1504 1988 1549 Episcopus
2008 1529 2021 1545 ‚
2045 1506 2079 1540 ὅ(

1191 1554 1294 1596 ipsum
1315 1553 1437 1597 Papam
1449 1552 1558 1587 Sicilia
1582 1551 1715 1589 haberet
1738 1555 2010 1598 Metropoliram.
2040 1555 2079 1589 In

1189 1603 1253 1637 alia
1277 1605 1358 1638 item
1370 1603 1519 1649 Epistola
1541 1603 1651 1637 scribit
1676 1604 1716 1638 ad
1737 1604 1891 1638 eumdem
1903 1604 2081 1640 Maximia-

1189 1664 1268 1687 num
1284 1667 1292 1687 :
1320 1657 1527 1688 Frater-nitati
1541 1661 1603 1686 tuae
1617 1652 1712 1692 nostra
1721 1654 1898 1692 aue‘ioritate
1906 1655 2080 1698 commiffum

1188 1704 1226 1745 est
1239 1729 1249 1744 ,
1275 1713 1310 1738 ut
1320 1710 1430 1747 quaein
1452 1705 1554 1737 Sicilia
1577 1706 1736 1747 incongrue*
1755 1713 1931 1751 gererentur
1947 1729 1958 1745 ,
1983 1705 2080 1745 noslra

1189 1761 1252 1788 vice
1264 1759 1423 1798 corrigeres
1440 1779 1447 1786 .
1474 1752 1557 1788 Sane
1571 1754 1788 1798 Metropolita
1808 1754 1850 1789 ad
1862 1754 2078 1799 corrigendos

1189 1805 1366 1848 provinciae
1384 1805 1444 1839 suae
1468 1803 1612 1839 excelsus
1635 1802 1846 1850 delegatione
1881 1804 2077 1848 Apostolica

1187 1864 1243 1888 aut
1255 1855 1326 1888 vice
1338 1853 1550 1889 patriarchali
1572 1865 1640 1889 non
1655 1851 1754 1889 habet
1778 1866 1862 1898 opus
1875 1879 1883 1887 .
1910 1854 2003 1903 Qid
2014 1867 2079 1890 ma-

1187 1905 1238 1949 gis
1258 1905 1375 1949 spectat
1399 1905 1439 1940 ad
1463 1904 1716 1948 Metropolitam
1730 1929 1740 1945 ,
1766 1905 1864 1949 quam
1887 1903 2076 1941 Provincia-

1189 1955 1271 1989 lium
1283 1955 1519 1998 Episcoporum
1533 1956 1642 1988 causas
1651 1957 1850 2000 cognoscere
1860 1980 1871 1996 ‚
1899 1967 2075 2001 earumque

1188 2005 1306 2038 statum
1319 2003 1391 2048 post
1406 2004 1563 2047 synodale
1574 2004 1736 2047 judicium
1749 2003 1905 2038 Pontifici
1928 2007 2044 2040 referre
2057 2008 2072 2037 ἒ

1188 2054 1235 2088 At
1255 2054 1334 2089 vero
1345 2065 1405 2089 nec
1421 2065 1476 2097 per
1489 2053 1697 2098 Apostolicas
1712 2055 1798 2089 vices
1818 2054 1850 2087 id
1863 2064 1991 2098 poterat
2004 2058 2078 2090 Ma-

1186 2105 1370 2138 ximianus.
1400 2103 1535 2138 Etenim
1557 2103 1914 2149 civesAgrigentin0s‚
1943 2105 2075 2149 Episco-

1188 2156 1371 2198 pum‘suum
1383 2153 1584 2199 Gregorium
1605 2155 1792 2189 accusantes
1806 2179 1815 2194 ‚
1843 2167 1911 2189 non
1937 2157 2077 2198 synoda·
2105 2175 2253 2212 [wfqist‘

1187 2204 1259 2238 liter
1278 2204 1297 2238 a
1324 2204 1538 2239 Maximiano
1564 2204 1669 2239 audiri
1694 2230 1704 2246 ,
1732 2206 1785 2239 sed
1809 2205 1955 2240 Romam
1980 2205 2020 2240 ad
2045 2208 2077 2241 se
2104 2228 2145 2247 η,
2182 2199 2200 2215 ‘¹

1186 2254 1359 2289 transmitti
1370 2254 1456 2297 juffit
1468 2255 1649 2300 Gregorius
1661 2280 1671 2295 ‚
1699 2254 1812 2299 utpote
1824 2256 1971 2298 proprius
1982 2281 1992 2296 ,
2017 2259 2074 2299 qui

1186 2304 1268 2339 solas
1293 2305 1441 2349 parvulas
1452 2307 1562 2339 causas
1574 2305 1785 2339 Maximiano
1808 2305 1974 2350 delegarat
1992 2330 2002 2346 ,
2029 2307 2077 2341 Si-

1184 2354 1268 2390 ciliae
1279 2355 1497 2398 Metropolita
1509 2383 1516 2389 .
1544 2354 1747 2389 Meffinenfis
1760 2355 1941 2399 Episcopus
1954 2357 1994 2390 ad
2006 2368 2076 2401 gra·

1186 2405 1308 2439 viffima
1322 2404 1436 2448 populi
1459 2405 1654 2439 suicrimina
1681 2406 1749 2448 egit
1761 2406 1866 2439 virum
1892 2405 2016 2440 bonum
2041 2408 2077 2442 dc

1183 2466 1296 2489 canem
1311 2465 1440 2488 mutum
1457 2469 1468 2488 .·
1495 2455 1615 2499 Neque
1635 2464 1743 2490 tamen
1757 2454 1970 2500 Maximiano
1981 2481 1993 2497 ,
2019 2457 2075 2492 sed

1185 2505 1349 2549 Gregorio
1363 2506 1381 2538 a
1394 2504 1523 2539 civibus
1539 2506 1572 2538 in
1586 2506 1688 2549 prima
1699 2505 1854 2541 instantia
1870 2506 1997 2540 delatus
2008 2506 2054 2541 est
2065 2533 2075 2550 ,

1183 2555 1216 2588 &
1238 2554 1480 2591 aMaximiano
1504 2565 1559 2599 per
1572 2555 1793 2600 Gregorium,
1818 2567 1923 2599 paenas
1947 2557 2003 2590 fibi
2032 2569 2077 2592 re-
2094 2567 2251 2606 L3AEpiss.

1186 2606 1384 2643 servantem,
1408 2604 1505 2648 jussus
1520 2606 1592 2639 vice
1606 2607 1660 2640 sua
1685 2606 1834 2640 moneri.
1863 2607 1965 2653 Qod
1987 2607 2077 2641 vide·
2096 2617 2141 2641 ιιι.

1184 2655 1331 2690 licetnec
1354 2654 1437 2689 illud
1462 2654 1529 2690 fine
1548 2655 1755 2700 delegatione
1784 2657 1885 2701 posset
1896 2655 2075 2690 Maximia-

1186 2715 1244 2739 nus
1266 2730 1273 2737 .
1302 2705 1547 2749 Episcopalium
1569 2706 1602 2739 in
1634 2706 1748 2741 Sicilia
1773 2707 1939 2740 causarum
1966 2707 2074 2749 primae

1184 2755 1344 2788 instantiae
1356 2756 1477 2799 semper
1489 2754 1715 2791 deferebantur
1727 2756 1889 2790 Romam:
1920 2756 1985 2789 Eas
1998 2757 2069 2799 post

1184 2805 1384 2839 Maximiani
1407 2816 1547 2840 mortem
1571 2817 1639 2840 non
1659 2806 1798 2848 amplius
1819 2806 1978 2848 Syracusae
1991 2807 2071 2850 Epi-

1182 2855 1304 2898 scopo,
1330 2855 1382 2889 sed
1398 2855 1583 2900 Apostolici
1605 2858 1639 2889 in
1656 2855 1766 2889 Sicilia
1792 2855 1983 2898 patrimonii
2006 2857 2073 2892 Re-

1182 2906 1260 2939 aori
1284 2916 1339 2939 aut
1352 2905 1512 2940 Romanae
1527 2906 1675 2940 Ecclesia:
1687 2904 1810 2939 ibidem
1822 2905 1998 2941 Defensori
2015 2907 2070 2941 de·

1182 2955 1309 2999 legabat
1331 2955 1528 3001 GregoriuS‚
1557 2955 1671 3000 utpote
1694 2956 1844 2999 proprius
1863 2954 1977 2992 insulae
1997 2958 2070 2993 Mc·

1182 3006 1355 3048 tropolita.

1232 3054 1309 3088 Alia
1334 3056 1394 3089 tria
1420 3055 1557 3100 idipsum
1578 3054 1736 3091 evincunt
1756 3065 1966 3102 argumenta.
1992 3056 2066 3092 Pri-

1182 3117 1272 3139 mum
1287 3105 1466 3140 desumitur
1476 3116 1516 3139 ex
1528 3106 1739 3142 Bafilicarum
1759 3108 1814 3141 seu
1831 3107 2063 3142 Oratoriorum

1180 3155 1466 3194 dedicationibus,
1491 3166 1572 3199 quas
1595 3156 1675 3190 olim
1688 3156 1705 3190 a
1717 3156 1916 3192 Provinciali
1934 3158 2067 3201 Episco-

1182 3218 1222 3249 po
1245 3204 1310 3238 fine
1332 3205 1555 3248 Metropolitae
1579 3205 1714 3241 licentia
1741 3208 1809 3241 fieri
1832 3218 1901 3241 non
1928 3208 2066 3251 potuisse

1181 3257 1283 3296 liquet
1307 3255 1475 3289 exlitteris
1491 3255 1650 3290 Montani
1675 3256 1945 3302 Archi-Episcopi
1961 3258 2066 3291 Tole-

1180 3306 1248 3338 tani
1262 3328 1273 3344 ,
1298 3305 1487 3339 infecunda
1499 3304 1667 3341 Toletana
1683 3307 1819 3350 Synodo
1840 3308 2058 3342 exstantibus.

1182 3353 1230 3388 At
1251 3352 1326 3388 vero
1347 3354 1386 3388 ad
1402 3354 1554 3396 Brudos,
1581 3357 1756 3397 Lucanos,
1783 3359 1817 3392 δε
1830 3358 1958 3392 Siculos
1980 3354 2057 3396 Epi-

1182 3408 1293 3447 scopos
1305 3404 1415 3438 scribit
1432 3407 1564 3438 Sanetus
1578 3405 1737 3441 Pontifex
1748 3408 1893 3441 Gelafius
1913 3405 2056 3447 primus:
2121 3440 2125 3445 ¹

1180 3454 1320 3498 Bafilicas
1332 3459 1447 3490 noviter
1457 3454 1610 3495 institutas
1622 3481 1633 3498 ‚
1660 3466 1716 3489 non
1725 3462 1830 3499 petitis
1842 3467 1880 3490 ex
1891 3465 1969 3488 wore
1975 3462 2057 3494 prae-
2076 3437 2192 3480 Ep¹st29·

1575 3507 1604 3541 F
1628 3506 1649 3540 f
1691 3513 1715 3544 a,
1908 3509 2009 3545 ceptio-

2104 1634 2163 1669 L.3·
2175 1633 2260 1672 Epist.

2106 1684 2147 1702 lt.
