<?xml version="1.0" encoding="UTF-8"?>
<!DOCTYPE html PUBLIC "-//W3C//DTD XHTML 1.0 Transitional//EN"
    "http://www.w3.org/TR/xhtml1/DTD/xhtml1-transitional.dtd">
<html xmlns="http://www.w3.org/1999/xhtml" xml:lang="en" lang="en">
 <head>
  <title>
</title>
<meta http-equiv="Content-Type" content="text/html;charset=utf-8" />
  <meta name='ocr-system' content='tesseract 3.04.00' />
  <meta name='ocr-capabilities' content='ocr_page ocr_carea ocr_par ocr_line ocrx_word'/>
</head>
<body>
  <div class='ocr_page' id='page_1' title='image "./operaomniastudio03lupuuoft/operaomniastudio03lupuuoft_0348.png"; bbox 0 0 2340 3762; ppageno 0'>
   <div class='ocr_carea' id='block_1_1' title="bbox 82 702 242 743">
    <p class='ocr_par' dir='ltr' id='par_1_1' title="bbox 82 702 242 743">
     <span class='ocr_line' id='line_1_1' title="bbox 82 702 242 743; baseline 0 -8"><span class='ocrx_word' id='word_1_1' title='bbox 82 702 171 743; x_wconf 74' lang='lat' dir='ltr'><em>Epist·</em></span> <span class='ocrx_word' id='word_1_2' title='bbox 197 711 242 738; x_wconf 79' lang='lat'><em>70·</em></span> 
     </span>
    </p>
   </div>
   <div class='ocr_carea' id='block_1_2' title="bbox 258 2190 1165 2234">
    <p class='ocr_par' dir='ltr' id='par_1_2' title="bbox 258 2190 1165 2234">
     <span class='ocr_line' id='line_1_2' title="bbox 258 2190 1165 2234; baseline 0 -9"><span class='ocrx_word' id='word_1_3' title='bbox 258 2200 393 2226; x_wconf 70' lang='lat' dir='ltr'><em>&#39;tumax</em></span> <span class='ocrx_word' id='word_1_4' title='bbox 410 2190 591 2223; x_wconf 87' lang='lat' dir='ltr'><em>Canonum</em></span> <span class='ocrx_word' id='word_1_5' title='bbox 612 2199 822 2234; x_wconf 87' lang='lat' dir='ltr'><em>contemptor</em></span> <span class='ocrx_word' id='word_1_6' title='bbox 833 2191 964 2227; x_wconf 77' lang='lat' dir='ltr'><em>cessavit</em></span> <span class='ocrx_word' id='word_1_7' title='bbox 977 2217 985 2224; x_wconf 92' lang='lat'>.</span> <span class='ocrx_word' id='word_1_8' title='bbox 1017 2192 1060 2226; x_wconf 90' lang='lat' dir='ltr'><em>Et</em></span> <span class='ocrx_word' id='word_1_9' title='bbox 1085 2190 1165 2225; x_wconf 88' lang='lat' dir='ltr'><em>hinc</em></span> 
     </span>
    </p>
   </div>
   <div class='ocr_carea' id='block_1_3' title="bbox 332 164 426 207">
    <p class='ocr_par' dir='ltr' id='par_1_3' title="bbox 332 164 426 207">
     <span class='ocr_line' id='line_1_3' title="bbox 332 164 426 207; baseline -0.011 0"><span class='ocrx_word' id='word_1_10' title='bbox 332 164 426 207; x_wconf 82' lang='lat'><em>330</em></span> 
     </span>
    </p>
   </div>
   <div class='ocr_carea' id='block_1_4' title="bbox 257 232 1169 2185">
    <p class='ocr_par' dir='ltr' id='par_1_4' title="bbox 257 232 1166 1530">
     <span class='ocr_line' id='line_1_4' title="bbox 260 232 1144 279; baseline -0.003 -12"><span class='ocrx_word' id='word_1_11' title='bbox 260 233 550 273; x_wconf 69' lang='lat' dir='ltr'><em>condemnationem,</em></span> <span class='ocrx_word' id='word_1_12' title='bbox 565 232 640 276; x_wconf 79' lang='lat' dir='ltr'><em>ficut</em></span> <span class='ocrx_word' id='word_1_13' title='bbox 651 235 746 269; x_wconf 79' lang='lat' dir='ltr'><em>voluit</em></span> <span class='ocrx_word' id='word_1_14' title='bbox 758 234 820 279; x_wconf 84' lang='lat' dir='ltr'><em>ipse</em></span> <span class='ocrx_word' id='word_1_15' title='bbox 831 259 842 274; x_wconf 90' lang='lat'>,</span> <span class='ocrx_word' id='word_1_16' title='bbox 861 234 925 274; x_wconf 82' lang='lat' dir='ltr'><em>sine</em></span> <span class='ocrx_word' id='word_1_17' title='bbox 935 233 1144 273; x_wconf 83' lang='lat' dir='ltr'><em>impedimento</em></span> 
     </span>
     <span class='ocr_line' id='line_1_5' title="bbox 258 280 1166 320; baseline -0.001 -5"><span class='ocrx_word' id='word_1_18' title='bbox 258 284 344 317; x_wconf 71' lang='lat' dir='ltr'><em>dixit</em></span> <span class='ocrx_word' id='word_1_19' title='bbox 354 309 362 316; x_wconf 88' lang='lat'><strong>.</strong></span> <span class='ocrx_word' id='word_1_20' title='bbox 391 283 436 318; x_wconf 86' lang='lat' dir='ltr'><em>Et</em></span> <span class='ocrx_word' id='word_1_21' title='bbox 455 285 492 318; x_wconf 88' lang='lat' dir='ltr'><em>in</em></span> <span class='ocrx_word' id='word_1_22' title='bbox 502 284 619 320; x_wconf 83' lang='lat' dir='ltr'><em>litteris</em></span> <span class='ocrx_word' id='word_1_23' title='bbox 630 285 672 319; x_wconf 81' lang='lat' dir='ltr'><em>ad</em></span> <span class='ocrx_word' id='word_1_24' title='bbox 684 295 799 319; x_wconf 83' lang='lat' dir='ltr'><em>omnes</em></span> <span class='ocrx_word' id='word_1_25' title='bbox 809 281 868 315; x_wconf 91' lang='lat' dir='ltr'><em>sub</em></span> <span class='ocrx_word' id='word_1_26' title='bbox 878 281 962 314; x_wconf 90' lang='lat' dir='ltr'><em>coelo</em></span> <span class='ocrx_word' id='word_1_27' title='bbox 985 280 1141 314; x_wconf 86' lang='lat' dir='ltr'><em>Ecclesias</em></span> <span class='ocrx_word' id='word_1_28' title='bbox 1162 291 1166 301; x_wconf 79' lang='lat'><strong><em>¹</em></strong></span> 
     </span>
     <span class='ocr_line' id='line_1_6' title="bbox 259 331 1138 379; baseline -0.006 -11"><span class='ocrx_word' id='word_1_29' title='bbox 259 334 329 379; x_wconf 87' lang='lat' dir='ltr'><em>ipse</em></span> <span class='ocrx_word' id='word_1_30' title='bbox 348 333 509 370; x_wconf 79' lang='lat' dir='ltr'>Pontifex</span> <span class='ocrx_word' id='word_1_31' title='bbox 529 334 708 369; x_wconf 80' lang='lat' dir='ltr'><em>Nicolaus:</em></span> <span class='ocrx_word' id='word_1_32' title='bbox 729 337 808 375; x_wconf 26' lang='lat' dir='ltr'><em>*Non</em></span> <span class='ocrx_word' id='word_1_33' title='bbox 832 331 880 362; x_wconf 78' lang='grc' dir='ltr'><em>ὶιᾶ</em></span> <span class='ocrx_word' id='word_1_34' title='bbox 886 331 1010 371; x_wconf 84' lang='lat' dir='ltr'><em>pridem</em></span> <span class='ocrx_word' id='word_1_35' title='bbox 1035 331 1079 364; x_wconf 84' lang='lat' dir='ltr'><em>ad</em></span> <span class='ocrx_word' id='word_1_36' title='bbox 1087 342 1138 363; x_wconf 90' lang='lat' dir='ltr'><em>nos</em></span> 
     </span>
     <span class='ocr_line' id='line_1_7' title="bbox 260 380 1141 425; baseline -0.007 -6"><span class='ocrx_word' id='word_1_37' title='bbox 260 393 347 420; x_wconf 77' lang='lat' dir='ltr'><em>venit</em></span> <span class='ocrx_word' id='word_1_38' title='bbox 361 387 524 419; x_wconf 82' lang='lat' dir='ltr'><em>Palatinus</em></span> <span class='ocrx_word' id='word_1_39' title='bbox 534 382 709 425; x_wconf 80' lang='lat' dir='ltr'><em>spatharius</em></span> <span class='ocrx_word' id='word_1_40' title='bbox 721 390 787 412; x_wconf 85' lang='lat' dir='ltr'><em>eum</em></span> <span class='ocrx_word' id='word_1_41' title='bbox 802 383 997 421; x_wconf 86' lang='lat' dir='ltr'><em>Imperatoris</em></span> <span class='ocrx_word' id='word_1_42' title='bbox 1026 380 1141 424; x_wconf 84' lang='lat' dir='ltr'><em>Episto-</em></span> 
     </span>
     <span class='ocr_line' id='line_1_8' title="bbox 259 430 1143 480; baseline -0.002 -13"><span class='ocrx_word' id='word_1_43' title='bbox 259 436 293 468; x_wconf 81' lang='lat' dir='ltr'><em>la</em></span> <span class='ocrx_word' id='word_1_44' title='bbox 304 460 316 477; x_wconf 89' lang='lat'>‚</span> <span class='ocrx_word' id='word_1_45' title='bbox 341 443 394 478; x_wconf 86' lang='lat' dir='ltr'><em>qui</em></span> <span class='ocrx_word' id='word_1_46' title='bbox 396 436 583 480; x_wconf 81' lang='lat' dir='ltr'><em>gloriabatur</em></span> <span class='ocrx_word' id='word_1_47' title='bbox 592 430 631 462; x_wconf 77' lang='lat' dir='ltr'><em>ab</em></span> <span class='ocrx_word' id='word_1_48' title='bbox 641 434 822 471; x_wconf 81' lang='lat' dir='ltr'><em>Imperatore</em></span> <span class='ocrx_word' id='word_1_49' title='bbox 833 431 977 470; x_wconf 63' lang='lat' dir='ltr'><em>synodum</em></span> <span class='ocrx_word' id='word_1_50' title='bbox 986 432 1143 472; x_wconf 80' lang='lat' dir='ltr'><em>adornari,</em></span> 
     </span>
     <span class='ocr_line' id='line_1_9' title="bbox 261 482 1146 528; baseline -0.005 -8"><span class='ocrx_word' id='word_1_51' title='bbox 261 489 294 519; x_wconf 70' lang='lat' dir='ltr'><em>eo</em></span> <span class='ocrx_word' id='word_1_52' title='bbox 303 488 385 528; x_wconf 79' lang='lat' dir='ltr'><em>quod</em></span> <span class='ocrx_word' id='word_1_53' title='bbox 392 498 444 520; x_wconf 87' lang='lat' dir='ltr'><em>nos</em></span> <span class='ocrx_word' id='word_1_54' title='bbox 450 483 569 525; x_wconf 62' lang='lat' dir='ltr'><em>fadum</em></span> <span class='ocrx_word' id='word_1_55' title='bbox 589 484 707 523; x_wconf 84' lang='lat' dir='ltr'><em>Ignatio</em></span> <span class='ocrx_word' id='word_1_56' title='bbox 726 482 871 521; x_wconf 77' lang='lat' dir='ltr'><em>injuriam</em></span> <span class='ocrx_word' id='word_1_57' title='bbox 891 484 1068 516; x_wconf 82' lang='lat' dir='ltr'><em>noluerimus</em></span> <span class='ocrx_word' id='word_1_58' title='bbox 1091 493 1146 527; x_wconf 85' lang='lat' dir='ltr'><em>ap·</em></span> 
     </span>
     <span class='ocr_line' id='line_1_10' title="bbox 257 527 1145 579; baseline -0.001 -10"><span class='ocrx_word' id='word_1_59' title='bbox 257 536 402 579; x_wconf 81' lang='lat' dir='ltr'><em>probare.</em></span> <span class='ocrx_word' id='word_1_60' title='bbox 429 534 507 566; x_wconf 85' lang='lat' dir='ltr'>Fuit</span> <span class='ocrx_word' id='word_1_61' title='bbox 519 531 547 563; x_wconf 79' lang='lat' dir='ltr'><em>is</em></span> <span class='ocrx_word' id='word_1_62' title='bbox 557 527 709 564; x_wconf 87' lang='lat' dir='ltr'><em>Michael</em></span> <span class='ocrx_word' id='word_1_63' title='bbox 720 529 1048 576; x_wconf 75' lang='lat' dir='ltr'><em>Proto—Spatharius&#39;‚</em></span> <span class='ocrx_word' id='word_1_64' title='bbox 1075 545 1145 577; x_wconf 83' lang='lat' dir='ltr'><em>pro-</em></span> 
     </span>
     <span class='ocr_line' id='line_1_11' title="bbox 260 579 1146 627; baseline -0.001 -8"><span class='ocrx_word' id='word_1_65' title='bbox 260 594 369 620; x_wconf 84' lang='lat' dir='ltr'><em>tervus</em></span> <span class='ocrx_word' id='word_1_66' title='bbox 394 584 428 615; x_wconf 83' lang='lat'>&amp;</span> <span class='ocrx_word' id='word_1_67' title='bbox 445 579 589 614; x_wconf 85' lang='lat' dir='ltr'><em>insolens</em></span> <span class='ocrx_word' id='word_1_68' title='bbox 611 579 841 616; x_wconf 84' lang='lat' dir='ltr'>decumbentis</span> <span class='ocrx_word' id='word_1_69' title='bbox 863 593 905 616; x_wconf 83' lang='lat' dir='ltr'><em>ex</em></span> <span class='ocrx_word' id='word_1_70' title='bbox 914 583 1006 627; x_wconf 85' lang='lat' dir='ltr'><em>gravi</em></span> <span class='ocrx_word' id='word_1_71' title='bbox 1027 584 1146 618; x_wconf 92' lang='lat' dir='ltr'><em>morbo</em></span> 
     </span>
     <span class='ocr_line' id='line_1_12' title="bbox 262 629 1146 677; baseline 0.002 -11"><span class='ocrx_word' id='word_1_72' title='bbox 262 630 607 670; x_wconf 70' lang='lat' dir='ltr'><em>Pontificisafflistor‚</em></span> <span class='ocrx_word' id='word_1_73' title='bbox 635 629 677 665; x_wconf 89' lang='lat' dir='ltr'><em>de</em></span> <span class='ocrx_word' id='word_1_74' title='bbox 687 642 756 675; x_wconf 88' lang='lat' dir='ltr'><em>quo</em></span> <span class='ocrx_word' id='word_1_75' title='bbox 767 631 834 675; x_wconf 86' lang='lat' dir='ltr'><em>ipse</em></span> <span class='ocrx_word' id='word_1_76' title='bbox 842 632 949 677; x_wconf 87' lang='lat' dir='ltr'><em>pergit</em></span> <span class='ocrx_word' id='word_1_77' title='bbox 970 631 1007 665; x_wconf 86' lang='lat' dir='ltr'><em>in</em></span> <span class='ocrx_word' id='word_1_78' title='bbox 1029 633 1146 668; x_wconf 87' lang='lat' dir='ltr'><em>litteris</em></span> 
     </span>
     <span class='ocr_line' id='line_1_13' title="bbox 262 680 1145 725; baseline 0.001 -9"><span class='ocrx_word' id='word_1_79' title='bbox 262 683 303 718; x_wconf 79' lang='lat' dir='ltr'><em>ad</em></span> <span class='ocrx_word' id='word_1_80' title='bbox 315 681 497 725; x_wconf 84' lang='lat' dir='ltr'><em>Episcopos</em></span> <span class='ocrx_word' id='word_1_81' title='bbox 508 680 700 716; x_wconf 80' lang='lat' dir='ltr'><em>Gallicanos</em></span> <span class='ocrx_word' id='word_1_82' title='bbox 713 693 721 712; x_wconf 75' lang='lat' dir='ltr'><strong><em>z</em></strong></span> <span class='ocrx_word' id='word_1_83' title='bbox 747 681 877 725; x_wconf 69' lang='lat' dir='ltr'><em>Reverso</em></span> <span class='ocrx_word' id='word_1_84' title='bbox 887 684 1145 720; x_wconf 70' lang='lat' dir='ltr'><em>Leoneeisecretis</em></span> 
     </span>
     <span class='ocr_line' id='line_1_14' title="bbox 263 730 1146 777; baseline 0 -10"><span class='ocrx_word' id='word_1_85' title='bbox 263 731 544 774; x_wconf 79' lang='lat' dir='ltr'><em>constantinopolim</em></span> <span class='ocrx_word' id='word_1_86' title='bbox 565 756 577 773; x_wconf 91' lang='lat'>,</span> <span class='ocrx_word' id='word_1_87' title='bbox 613 730 745 765; x_wconf 84' lang='lat' dir='ltr'><em>Michael</em></span> <span class='ocrx_word' id='word_1_88' title='bbox 767 736 937 775; x_wconf 81' lang='lat' dir='ltr'><em>Imperator</em></span> <span class='ocrx_word' id='word_1_89' title='bbox 969 740 1146 777; x_wconf 83' lang='lat' dir='ltr'><em>comperiens</em></span> 
     </span>
     <span class='ocr_line' id='line_1_15' title="bbox 257 782 1148 828; baseline 0.001 -10"><span class='ocrx_word' id='word_1_90' title='bbox 257 792 316 828; x_wconf 84' lang='lat' dir='ltr'><em>per</em></span> <span class='ocrx_word' id='word_1_91' title='bbox 326 782 491 827; x_wconf 75' lang='lat' dir='ltr'><em>Epistulam</em></span> <span class='ocrx_word' id='word_1_92' title='bbox 513 782 660 823; x_wconf 79' lang='lat' dir='ltr'><em>nostram,</em></span> <span class='ocrx_word' id='word_1_93' title='bbox 686 793 778 824; x_wconf 82' lang='lat' dir='ltr'><em>quam</em></span> <span class='ocrx_word' id='word_1_94' title='bbox 794 791 850 825; x_wconf 89' lang='lat' dir='ltr'><em>per</em></span> <span class='ocrx_word' id='word_1_95' title='bbox 870 783 968 828; x_wconf 78' lang='lat' dir='ltr'><em>ipsum</em></span> <span class='ocrx_word' id='word_1_96' title='bbox 987 783 1148 828; x_wconf 79' lang='lat' dir='ltr'><em>transmiſs-</em></span> 
     </span>
     <span class='ocr_line' id='line_1_16' title="bbox 261 831 1148 877; baseline 0 -9"><span class='ocrx_word' id='word_1_97' title='bbox 261 846 328 868; x_wconf 83' lang='lat' dir='ltr'><em>mus</em></span> <span class='ocrx_word' id='word_1_98' title='bbox 339 858 352 875; x_wconf 93' lang='lat'>,</span> <span class='ocrx_word' id='word_1_99' title='bbox 376 835 458 876; x_wconf 80' lang='lat' dir='ltr'><em>quod</em></span> <span class='ocrx_word' id='word_1_100' title='bbox 467 844 520 868; x_wconf 79' lang='lat' dir='ltr'><em>nec</em></span> <span class='ocrx_word' id='word_1_101' title='bbox 529 831 729 876; x_wconf 80' lang='lat' dir='ltr'><em>depofitionem</em></span> <span class='ocrx_word' id='word_1_102' title='bbox 738 836 853 877; x_wconf 80' lang='lat' dir='ltr'><em>Ignatii</em></span> <span class='ocrx_word' id='word_1_103' title='bbox 877 845 929 868; x_wconf 89' lang='lat' dir='ltr'><em>nec</em></span> <span class='ocrx_word' id='word_1_104' title='bbox 935 841 1148 877; x_wconf 77' lang='lat' dir='ltr'><em>promotionem</em></span> 
     </span>
     <span class='ocr_line' id='line_1_17' title="bbox 263 883 1149 930; baseline 0 -12"><span class='ocrx_word' id='word_1_105' title='bbox 263 883 591 929; x_wconf 71' lang='lat' dir='ltr'><em>Photiisuscepiffemus</em></span> <span class='ocrx_word' id='word_1_106' title='bbox 604 908 616 924; x_wconf 91' lang='lat'><strong>,</strong></span> <span class='ocrx_word' id='word_1_107' title='bbox 642 894 710 916; x_wconf 73' lang='lat' dir='ltr'><em>mox</em></span> <span class='ocrx_word' id='word_1_108' title='bbox 724 885 886 926; x_wconf 85' lang='lat' dir='ltr'><em>quemdam</em></span> <span class='ocrx_word' id='word_1_109' title='bbox 895 888 1043 929; x_wconf 82' lang='lat' dir='ltr'><em>Legatum</em></span> <span class='ocrx_word' id='word_1_110' title='bbox 1058 885 1149 930; x_wconf 87' lang='lat' dir='ltr'><em>suum</em></span> 
     </span>
     <span class='ocr_line' id='line_1_18' title="bbox 264 933 1148 978; baseline 0 -8"><span class='ocrx_word' id='word_1_111' title='bbox 264 936 439 970; x_wconf 75' lang='lat' dir='ltr'><em>Michaelem</em></span> <span class='ocrx_word' id='word_1_112' title='bbox 460 933 775 976; x_wconf 80' lang='lat' dir='ltr'><em>Proto-spatharium</em></span> <span class='ocrx_word' id='word_1_113' title='bbox 795 945 859 968; x_wconf 89' lang='lat' dir='ltr'><em>cum</em></span> <span class='ocrx_word' id='word_1_114' title='bbox 874 935 1007 978; x_wconf 80' lang='lat' dir='ltr'><em>Epistola</em></span> <span class='ocrx_word' id='word_1_115' title='bbox 1025 939 1148 978; x_wconf 80' lang='lat' dir='ltr'><em>injuriis</em></span> 
     </span>
     <span class='ocr_line' id='line_1_19' title="bbox 261 983 1152 1032; baseline 0 -13"><span class='ocrx_word' id='word_1_116' title='bbox 261 987 356 1030; x_wconf 81' lang='lat' dir='ltr'><em>plena</em></span> <span class='ocrx_word' id='word_1_117' title='bbox 366 987 411 1018; x_wconf 86' lang='lat' dir='ltr'><em>ad</em></span> <span class='ocrx_word' id='word_1_118' title='bbox 420 996 474 1018; x_wconf 83' lang='lat' dir='ltr'><em>nos</em></span> <span class='ocrx_word' id='word_1_119' title='bbox 486 985 598 1017; x_wconf 82' lang='lat' dir='ltr'><em>direxit</em></span> <span class='ocrx_word' id='word_1_120' title='bbox 611 1007 626 1026; x_wconf 86' lang='lat'>,</span> <span class='ocrx_word' id='word_1_121' title='bbox 649 984 684 1018; x_wconf 62' lang='lat'><em>(5</em></span> <span class='ocrx_word' id='word_1_122' title='bbox 695 992 739 1032; x_wconf 20' lang='lat' dir='ltr'><em>*ut</em></span> <span class='ocrx_word' id='word_1_123' title='bbox 749 983 936 1028; x_wconf 67' lang='lat' dir='ltr'><em>sententiam</em></span> <span class='ocrx_word' id='word_1_124' title='bbox 954 986 1081 1028; x_wconf 87' lang='lat' dir='ltr'><em>nostram</em></span> <span class='ocrx_word' id='word_1_125' title='bbox 1107 988 1152 1019; x_wconf 87' lang='lat' dir='ltr'><em>ad</em></span> 
     </span>
     <span class='ocr_line' id='line_1_20' title="bbox 265 1034 1148 1079; baseline -0.001 -10"><span class='ocrx_word' id='word_1_126' title='bbox 265 1035 354 1079; x_wconf 81' lang='lat' dir='ltr'><em>ipsius</em></span> <span class='ocrx_word' id='word_1_127' title='bbox 375 1044 478 1069; x_wconf 83' lang='lat' dir='ltr'><em>votum</em></span> <span class='ocrx_word' id='word_1_128' title='bbox 496 1042 743 1069; x_wconf 80' lang='lat' dir='ltr'><em>commutaremus</em></span> <span class='ocrx_word' id='word_1_129' title='bbox 765 1058 777 1075; x_wconf 91' lang='lat'><strong>,</strong></span> <span class='ocrx_word' id='word_1_130' title='bbox 803 1034 992 1071; x_wconf 79' lang='lat' dir='ltr'><em>vehementer</em></span> <span class='ocrx_word' id='word_1_131' title='bbox 1012 1036 1148 1069; x_wconf 83' lang='lat' dir='ltr'><em>hortatus</em></span> 
     </span>
     <span class='ocr_line' id='line_1_21' title="bbox 266 1085 1150 1128; baseline 0.001 -9"><span class='ocrx_word' id='word_1_132' title='bbox 266 1086 321 1127; x_wconf 81' lang='lat' dir='ltr'><em>est.</em></span> <span class='ocrx_word' id='word_1_133' title='bbox 354 1089 395 1119; x_wconf 80' lang='lat' dir='ltr'><em>At</em></span> <span class='ocrx_word' id='word_1_134' title='bbox 417 1097 472 1119; x_wconf 87' lang='lat' dir='ltr'><em>nos</em></span> <span class='ocrx_word' id='word_1_135' title='bbox 493 1086 627 1128; x_wconf 80' lang='lat' dir='ltr'><em>injurias</em></span> <span class='ocrx_word' id='word_1_136' title='bbox 646 1085 768 1126; x_wconf 84' lang='lat' dir='ltr'><em>quidem</em></span> <span class='ocrx_word' id='word_1_137' title='bbox 783 1085 899 1123; x_wconf 73' lang='lat' dir='ltr'><em>nostras</em></span> <span class='ocrx_word' id='word_1_138' title='bbox 919 1097 977 1119; x_wconf 86' lang='lat' dir='ltr'><em>non</em></span> <span class='ocrx_word' id='word_1_139' title='bbox 985 1095 1124 1120; x_wconf 80' lang='lat' dir='ltr'><em>curantes</em></span> <span class='ocrx_word' id='word_1_140' title='bbox 1139 1110 1150 1126; x_wconf 89' lang='lat'>‚</span> 
     </span>
     <span class='ocr_line' id='line_1_22' title="bbox 267 1133 1152 1179; baseline -0.002 -8"><span class='ocrx_word' id='word_1_141' title='bbox 267 1138 336 1171; x_wconf 74' lang='lat' dir='ltr'><em>licet</em></span> <span class='ocrx_word' id='word_1_142' title='bbox 346 1141 423 1170; x_wconf 78' lang='lat' dir='ltr'><em>circa</em></span> <span class='ocrx_word' id='word_1_143' title='bbox 434 1133 569 1176; x_wconf 77' lang='lat' dir='ltr'><em>Ecclefiae</em></span> <span class='ocrx_word' id='word_1_144' title='bbox 580 1135 713 1175; x_wconf 68' lang='lat' dir='ltr'><em>injurias</em></span> <span class='ocrx_word' id='word_1_145' title='bbox 733 1145 791 1167; x_wconf 89' lang='lat' dir='ltr'><em>non</em></span> <span class='ocrx_word' id='word_1_146' title='bbox 811 1135 996 1178; x_wconf 81' lang='lat' dir='ltr'><em>tacuissemus</em></span> <span class='ocrx_word' id='word_1_147' title='bbox 1007 1158 1018 1175; x_wconf 89' lang='lat'><strong>,</strong></span> <span class='ocrx_word' id='word_1_148' title='bbox 1040 1134 1152 1179; x_wconf 58' lang='grc' dir='ltr'><em>[αἱρῇ-</em></span> 
     </span>
     <span class='ocr_line' id='line_1_23' title="bbox 267 1182 1153 1228; baseline 0.002 -10"><span class='ocrx_word' id='word_1_149' title='bbox 267 1198 336 1220; x_wconf 84' lang='lat' dir='ltr'><em>mus</em></span> <span class='ocrx_word' id='word_1_150' title='bbox 358 1185 524 1228; x_wconf 75' lang='lat' dir='ltr'><em>Eptstoiam</em></span> <span class='ocrx_word' id='word_1_151' title='bbox 546 1182 673 1223; x_wconf 85' lang='lat' dir='ltr'><em>nostram</em></span> <span class='ocrx_word' id='word_1_152' title='bbox 694 1206 706 1222; x_wconf 95' lang='lat'>,</span> <span class='ocrx_word' id='word_1_153' title='bbox 731 1183 767 1216; x_wconf 64' lang='grc' dir='ltr'><em>ό·</em></span> <span class='ocrx_word' id='word_1_154' title='bbox 787 1182 843 1217; x_wconf 81' lang='lat' dir='ltr'><em>bac</em></span> <span class='ocrx_word' id='word_1_155' title='bbox 863 1186 1022 1219; x_wconf 66' lang='lat' dir='ltr'><em>indiffione</em></span> <span class='ocrx_word' id='word_1_156' title='bbox 1042 1195 1153 1228; x_wconf 88' lang='lat' dir='ltr'><em>quarta</em></span> 
     </span>
     <span class='ocr_line' id='line_1_24' title="bbox 267 1233 1149 1277; baseline -0.006 -7"><span class='ocrx_word' id='word_1_157' title='bbox 267 1239 383 1271; x_wconf 86' lang='lat' dir='ltr'><em>decima</em></span> <span class='ocrx_word' id='word_1_158' title='bbox 389 1233 536 1277; x_wconf 65' lang='lat' dir='ltr'><em>praedielo</em></span> <span class='ocrx_word' id='word_1_159' title='bbox 546 1236 726 1275; x_wconf 85' lang='lat' dir='ltr'><em>Imperatori</em></span> <span class='ocrx_word' id='word_1_160' title='bbox 729 1241 789 1274; x_wconf 87' lang='lat' dir='ltr'><em>per</em></span> <span class='ocrx_word' id='word_1_161' title='bbox 793 1235 866 1274; x_wconf 86' lang='lat' dir='ltr'><em>jam</em></span> <span class='ocrx_word' id='word_1_162' title='bbox 888 1242 1072 1270; x_wconf 77' lang='lat' dir='ltr'><em>nominatum</em></span> <span class='ocrx_word' id='word_1_163' title='bbox 1090 1240 1149 1270; x_wconf 80' lang='grc' dir='ltr'><em>Μί-</em></span> 
     </span>
     <span class='ocr_line' id='line_1_25' title="bbox 267 1282 1152 1328; baseline 0.001 -9"><span class='ocrx_word' id='word_1_164' title='bbox 267 1287 397 1321; x_wconf 86' lang='lat' dir='ltr'><em>chaelem</em></span> <span class='ocrx_word' id='word_1_165' title='bbox 410 1286 508 1318; x_wconf 85' lang='lat' dir='ltr'><em>Proto·</em></span> <span class='ocrx_word' id='word_1_166' title='bbox 513 1282 710 1326; x_wconf 79' lang='lat' dir='ltr'><em>spatharium</em></span> <span class='ocrx_word' id='word_1_167' title='bbox 720 1286 868 1327; x_wconf 81' lang='lat' dir='ltr'><em>Legatum</em></span> <span class='ocrx_word' id='word_1_168' title='bbox 871 1283 960 1328; x_wconf 87' lang='lat' dir='ltr'><em>suum</em></span> <span class='ocrx_word' id='word_1_169' title='bbox 972 1288 1152 1328; x_wconf 72' lang='lat' dir='ltr'><em>direximus,</em></span> 
     </span>
     <span class='ocr_line' id='line_1_26' title="bbox 268 1332 1155 1378; baseline 0.002 -8"><span class='ocrx_word' id='word_1_170' title='bbox 268 1347 333 1370; x_wconf 85' lang='lat' dir='ltr'><em>tam</em></span> <span class='ocrx_word' id='word_1_171' title='bbox 354 1334 493 1370; x_wconf 80' lang='lat' dir='ltr'><em>videlicet</em></span> <span class='ocrx_word' id='word_1_172' title='bbox 515 1336 535 1368; x_wconf 76' lang='grc' dir='ltr'><em>ἃ</em></span> <span class='ocrx_word' id='word_1_173' title='bbox 557 1332 653 1374; x_wconf 89' lang='lat' dir='ltr'><em>nostra</em></span> <span class='ocrx_word' id='word_1_174' title='bbox 663 1333 790 1375; x_wconf 77' lang='lat' dir='ltr'><em>Ecclesia</em></span> <span class='ocrx_word' id='word_1_175' title='bbox 803 1333 907 1378; x_wconf 64' lang='lat' dir='ltr'><em>falsas</em></span> <span class='ocrx_word' id='word_1_176' title='bbox 924 1337 1101 1378; x_wconf 69' lang='lat' dir='ltr'><em>objefflones</em></span> <span class='ocrx_word' id='word_1_177' title='bbox 1113 1350 1155 1372; x_wconf 86' lang='lat' dir='ltr'><em>re·</em></span> 
     </span>
     <span class='ocr_line' id='line_1_27' title="bbox 264 1381 1157 1432; baseline 0 -11"><span class='ocrx_word' id='word_1_178' title='bbox 264 1389 377 1430; x_wconf 87' lang='lat' dir='ltr'><em>pellere</em></span> <span class='ocrx_word' id='word_1_179' title='bbox 388 1391 540 1430; x_wconf 82' lang='lat' dir='ltr'><em>cupientes</em></span> <span class='ocrx_word' id='word_1_180' title='bbox 550 1407 562 1424; x_wconf 93' lang='lat'>,</span> <span class='ocrx_word' id='word_1_181' title='bbox 587 1381 680 1428; x_wconf 71' lang='lat' dir='ltr'><em>quam</em></span> <span class='ocrx_word' id='word_1_182' title='bbox 700 1383 798 1428; x_wconf 77' lang='lat' dir='ltr'><em>ipficm</em></span> <span class='ocrx_word' id='word_1_183' title='bbox 812 1389 1024 1427; x_wconf 86' lang='lat' dir='ltr'><em>Imperatorem</em></span> <span class='ocrx_word' id='word_1_184' title='bbox 1035 1399 1098 1421; x_wconf 85' lang='lat' dir='ltr'><em>cum</em></span> <span class='ocrx_word' id='word_1_185' title='bbox 1113 1387 1157 1432; x_wconf 88' lang='lat' dir='ltr'><em>se·</em></span> 
     </span>
     <span class='ocr_line' id='line_1_28' title="bbox 269 1435 1157 1480; baseline 0.002 -10"><span class='ocrx_word' id='word_1_186' title='bbox 269 1437 413 1480; x_wconf 80' lang='lat' dir='ltr'><em>quacibus</em></span> <span class='ocrx_word' id='word_1_187' title='bbox 419 1435 483 1480; x_wconf 76' lang='lat' dir='ltr'><em>suls</em></span> <span class='ocrx_word' id='word_1_188' title='bbox 490 1435 579 1479; x_wconf 87' lang='lat' dir='ltr'><em>super</em></span> <span class='ocrx_word' id='word_1_189' title='bbox 594 1435 646 1468; x_wconf 82' lang='lat' dir='ltr'><em>hoc</em></span> <span class='ocrx_word' id='word_1_190' title='bbox 654 1440 765 1479; x_wconf 82' lang='lat' dir='ltr'><em>negotio</em></span> <span class='ocrx_word' id='word_1_191' title='bbox 776 1436 822 1469; x_wconf 85' lang='lat' dir='ltr'><em>ad</em></span> <span class='ocrx_word' id='word_1_192' title='bbox 829 1436 940 1472; x_wconf 62' lang='lat' dir='ltr'><em>rectum</em></span> <span class='ocrx_word' id='word_1_193' title='bbox 954 1437 1082 1480; x_wconf 80' lang='lat' dir='ltr'><em>justitiae</em></span> <span class='ocrx_word' id='word_1_194' title='bbox 1095 1447 1157 1472; x_wconf 83' lang='lat' dir='ltr'><em>tra·</em></span> 
     </span>
     <span class='ocr_line' id='line_1_29' title="bbox 270 1484 756 1530; baseline -0.006 -8"><span class='ocrx_word' id='word_1_195' title='bbox 270 1493 373 1522; x_wconf 86' lang='lat' dir='ltr'><em>mitem</em></span> <span class='ocrx_word' id='word_1_196' title='bbox 380 1487 545 1530; x_wconf 77' lang='lat' dir='ltr'><em>perducere</em></span> <span class='ocrx_word' id='word_1_197' title='bbox 555 1484 731 1520; x_wconf 78' lang='lat' dir='ltr'><em>anhelantes</em></span> <span class='ocrx_word' id='word_1_198' title='bbox 747 1510 756 1519; x_wconf 87' lang='lat'><strong>.</strong></span> 
     </span>
    </p>

    <p class='ocr_par' dir='ltr' id='par_1_5' title="bbox 268 1536 1169 2185">
     <span class='ocr_line' id='line_1_30' title="bbox 321 1536 1161 1587; baseline 0.004 -16"><span class='ocrx_word' id='word_1_199' title='bbox 321 1537 418 1573; x_wconf 83' lang='lat' dir='ltr'><em>Faeda</em></span> <span class='ocrx_word' id='word_1_200' title='bbox 429 1536 513 1574; x_wconf 86' lang='lat' dir='ltr'><em>ista,</em></span> <span class='ocrx_word' id='word_1_201' title='bbox 538 1536 682 1571; x_wconf 86' lang='lat' dir='ltr'><em>Domini</em></span> <span class='ocrx_word' id='word_1_202' title='bbox 705 1536 979 1583; x_wconf 67' lang='lat' dir='ltr'><em>octingentefimo</em></span> <span class='ocrx_word' id='word_1_203' title='bbox 1002 1540 1161 1587; x_wconf 80' lang='lat' dir='ltr'><em>sexagess-</em></span> 
     </span>
     <span class='ocr_line' id='line_1_31' title="bbox 271 1584 1164 1634; baseline 0.002 -11"><span class='ocrx_word' id='word_1_204' title='bbox 271 1599 330 1623; x_wconf 87' lang='lat' dir='ltr'><em>mo</em></span> <span class='ocrx_word' id='word_1_205' title='bbox 341 1586 441 1622; x_wconf 85' lang='lat' dir='ltr'><em>tertio</em></span> <span class='ocrx_word' id='word_1_206' title='bbox 451 1597 542 1620; x_wconf 86' lang='lat' dir='ltr'><em>anno</em></span> <span class='ocrx_word' id='word_1_207' title='bbox 557 1585 632 1619; x_wconf 74' lang='lat' dir='ltr'><em>data</em></span> <span class='ocrx_word' id='word_1_208' title='bbox 645 1607 657 1625; x_wconf 90' lang='lat'><strong>,</strong></span> <span class='ocrx_word' id='word_1_209' title='bbox 683 1584 879 1621; x_wconf 77' lang='lat' dir='ltr'><em>Eusebianis</em></span> <span class='ocrx_word' id='word_1_210' title='bbox 905 1598 1003 1634; x_wconf 84' lang='lat' dir='ltr'><em>atque</em></span> <span class='ocrx_word' id='word_1_211' title='bbox 1026 1590 1164 1625; x_wconf 80' lang='lat' dir='ltr'><em>Acacia-</em></span> 
     </span>
     <span class='ocr_line' id='line_1_32' title="bbox 268 1634 1159 1675; baseline 0.001 -2"><span class='ocrx_word' id='word_1_212' title='bbox 268 1640 323 1673; x_wconf 80' lang='lat' dir='ltr'><em>nis</em></span> <span class='ocrx_word' id='word_1_213' title='bbox 334 1638 368 1672; x_wconf 89' lang='lat' dir='ltr'><em>in</em></span> <span class='ocrx_word' id='word_1_214' title='bbox 382 1637 636 1672; x_wconf 62' lang='lat' dir='ltr'><em>Romanamc</em></span> <span class='ocrx_word' id='word_1_215' title='bbox 646 1634 783 1671; x_wconf 73' lang='lat' dir='ltr'><em>oninem</em></span> <span class='ocrx_word' id='word_1_216' title='bbox 797 1635 954 1673; x_wconf 82' lang='lat' dir='ltr'><em>Latinam</em></span> <span class='ocrx_word' id='word_1_217' title='bbox 977 1639 1159 1675; x_wconf 77' lang='lat' dir='ltr'><em>Ecclefiam</em></span> 
     </span>
     <span class='ocr_line' id='line_1_33' title="bbox 268 1687 1160 1732; baseline 0.002 -9"><span class='ocrx_word' id='word_1_218' title='bbox 268 1688 560 1723; x_wconf 80' lang='lat' dir='ltr'><em>criminationibus</em></span> <span class='ocrx_word' id='word_1_219' title='bbox 569 1687 788 1732; x_wconf 74' lang='lat' dir='ltr'><em>undequaque</em></span> <span class='ocrx_word' id='word_1_220' title='bbox 810 1687 992 1730; x_wconf 79' lang='lat' dir='ltr'><em>pleniffima</em></span> <span class='ocrx_word' id='word_1_221' title='bbox 1005 1714 1018 1730; x_wconf 90' lang='lat'>‚</span> <span class='ocrx_word' id='word_1_222' title='bbox 1043 1691 1078 1725; x_wconf 73' lang='grc' dir='ltr'><em>ὅ(</em></span> <span class='ocrx_word' id='word_1_223' title='bbox 1090 1701 1160 1725; x_wconf 85' lang='lat' dir='ltr'><em>uon</em></span> 
     </span>
     <span class='ocr_line' id='line_1_34' title="bbox 269 1738 1161 1785; baseline -0.001 -11"><span class='ocrx_word' id='word_1_224' title='bbox 269 1748 458 1774; x_wconf 73' lang='lat' dir='ltr'><em>atramento</em></span> <span class='ocrx_word' id='word_1_225' title='bbox 471 1762 483 1778; x_wconf 89' lang='lat'><strong>,</strong></span> <span class='ocrx_word' id='word_1_226' title='bbox 509 1738 563 1773; x_wconf 88' lang='lat' dir='ltr'><em>sed</em></span> <span class='ocrx_word' id='word_1_227' title='bbox 575 1739 689 1774; x_wconf 75' lang='lat' dir='ltr'><em>rabido</em></span> <span class='ocrx_word' id='word_1_228' title='bbox 700 1738 775 1775; x_wconf 79' lang='lat' dir='ltr'><em>felle</em></span> <span class='ocrx_word' id='word_1_229' title='bbox 784 1748 913 1773; x_wconf 82' lang='lat' dir='ltr'><em>exarata</em></span> <span class='ocrx_word' id='word_1_230' title='bbox 936 1739 1080 1785; x_wconf 84' lang='lat' dir='ltr'><em>Augusti</em></span> <span class='ocrx_word' id='word_1_231' title='bbox 1095 1740 1161 1775; x_wconf 92' lang='lat' dir='ltr'><em>Mi-</em></span> 
     </span>
     <span class='ocr_line' id='line_1_35' title="bbox 271 1787 1162 1833; baseline 0 -9"><span class='ocrx_word' id='word_1_232' title='bbox 271 1788 396 1824; x_wconf 82' lang='lat' dir='ltr'><em>chaelis</em></span> <span class='ocrx_word' id='word_1_233' title='bbox 408 1787 556 1832; x_wconf 87' lang='lat' dir='ltr'><em>Epistola</em></span> <span class='ocrx_word' id='word_1_234' title='bbox 569 1787 677 1832; x_wconf 83' lang='lat' dir='ltr'><em>periit,</em></span> <span class='ocrx_word' id='word_1_235' title='bbox 703 1798 759 1823; x_wconf 87' lang='lat' dir='ltr'><em>aut</em></span> <span class='ocrx_word' id='word_1_236' title='bbox 770 1789 848 1823; x_wconf 85' lang='lat' dir='ltr'><em>latet</em></span> <span class='ocrx_word' id='word_1_237' title='bbox 860 1813 871 1830; x_wconf 88' lang='lat'><strong>,</strong></span> <span class='ocrx_word' id='word_1_238' title='bbox 896 1789 965 1832; x_wconf 81' lang='lat' dir='ltr'><em>ejus</em></span> <span class='ocrx_word' id='word_1_239' title='bbox 975 1801 1085 1825; x_wconf 85' lang='lat' dir='ltr'><em>tamen</em></span> <span class='ocrx_word' id='word_1_240' title='bbox 1095 1791 1162 1833; x_wconf 81' lang='lat' dir='ltr'><em>pal-</em></span> 
     </span>
     <span class='ocr_line' id='line_1_36' title="bbox 268 1837 1159 1884; baseline -0.003 -9"><span class='ocrx_word' id='word_1_241' title='bbox 268 1840 376 1875; x_wconf 82' lang='lat' dir='ltr'><em>maria</em></span> <span class='ocrx_word' id='word_1_242' title='bbox 388 1838 494 1882; x_wconf 81' lang='lat' dir='ltr'><em>capita</em></span> <span class='ocrx_word' id='word_1_243' title='bbox 511 1849 552 1872; x_wconf 84' lang='lat' dir='ltr'><em>ex</em></span> <span class='ocrx_word' id='word_1_244' title='bbox 576 1837 774 1882; x_wconf 82' lang='lat' dir='ltr'><em>Apostolico</em></span> <span class='ocrx_word' id='word_1_245' title='bbox 795 1839 877 1873; x_wconf 83' lang='lat' dir='ltr'><em>anni</em></span> <span class='ocrx_word' id='word_1_246' title='bbox 897 1840 1159 1884; x_wconf 71' lang='lat' dir='ltr'><em>ostingentefimi</em></span> 
     </span>
     <span class='ocr_line' id='line_1_37' title="bbox 270 1887 1160 1935; baseline -0.002 -10"><span class='ocrx_word' id='word_1_247' title='bbox 270 1889 463 1935; x_wconf 78' lang='lat' dir='ltr'><em>sexagefimi</em></span> <span class='ocrx_word' id='word_1_248' title='bbox 501 1889 610 1933; x_wconf 88' lang='lat' dir='ltr'><em>quinti</em></span> <span class='ocrx_word' id='word_1_249' title='bbox 635 1887 808 1933; x_wconf 87' lang='lat' dir='ltr'><em>Responso</em></span> <span class='ocrx_word' id='word_1_250' title='bbox 837 1888 967 1924; x_wconf 80' lang='lat' dir='ltr'><em>abunde</em></span> <span class='ocrx_word' id='word_1_251' title='bbox 987 1890 1160 1924; x_wconf 81' lang='lat' dir='ltr'><em>novimus.</em></span> 
     </span>
     <span class='ocr_line' id='line_1_38' title="bbox 271 1938 1160 1982; baseline 0 -8"><span class='ocrx_word' id='word_1_252' title='bbox 271 1938 493 1975; x_wconf 76' lang='lat' dir='ltr'><em>EratPhot-ii</em></span> <span class='ocrx_word' id='word_1_253' title='bbox 514 1949 616 1982; x_wconf 86' lang='lat' dir='ltr'><em>opus,</em></span> <span class='ocrx_word' id='word_1_254' title='bbox 643 1949 685 1972; x_wconf 85' lang='lat' dir='ltr'><em>ex</em></span> <span class='ocrx_word' id='word_1_255' title='bbox 705 1949 786 1973; x_wconf 88' lang='lat' dir='ltr'><em>tunc</em></span> <span class='ocrx_word' id='word_1_256' title='bbox 795 1940 856 1973; x_wconf 79' lang='lat' dir='ltr'><em>otii</em></span> <span class='ocrx_word' id='word_1_257' title='bbox 879 1950 935 1982; x_wconf 87' lang='lat' dir='ltr'><em>per</em></span> <span class='ocrx_word' id='word_1_258' title='bbox 945 1940 1160 1981; x_wconf 82' lang='lat' dir='ltr'><em>temulentam</em></span> 
     </span>
     <span class='ocr_line' id='line_1_39' title="bbox 271 1988 1162 2033; baseline 0 -9"><span class='ocrx_word' id='word_1_259' title='bbox 271 1989 364 2024; x_wconf 81' lang='lat' dir='ltr'><em>stulti</em></span> <span class='ocrx_word' id='word_1_260' title='bbox 375 1988 542 2032; x_wconf 83' lang='lat' dir='ltr'><em>Principis</em></span> <span class='ocrx_word' id='word_1_261' title='bbox 553 1988 702 2033; x_wconf 85' lang='lat' dir='ltr'><em>linguam</em></span> <span class='ocrx_word' id='word_1_262' title='bbox 714 1989 805 2023; x_wconf 90' lang='lat' dir='ltr'><em>suam</em></span> <span class='ocrx_word' id='word_1_263' title='bbox 817 1989 850 2022; x_wconf 92' lang='lat' dir='ltr'><em>in</em></span> <span class='ocrx_word' id='word_1_264' title='bbox 861 1989 1017 2024; x_wconf 67' lang='lat' dir='ltr'><em>Sannum</em></span> <span class='ocrx_word' id='word_1_265' title='bbox 1027 1989 1162 2024; x_wconf 82' lang='lat' dir='ltr'><em>Petrum</em></span> 
     </span>
     <span class='ocr_line' id='line_1_40' title="bbox 271 2036 1162 2084; baseline -0.001 -9"><span class='ocrx_word' id='word_1_266' title='bbox 271 2039 513 2084; x_wconf 79' lang='lat' dir='ltr'><em>Apostolorum</em></span> <span class='ocrx_word' id='word_1_267' title='bbox 525 2036 714 2083; x_wconf 84' lang='lat' dir='ltr'><em>Principem</em></span> <span class='ocrx_word' id='word_1_268' title='bbox 723 2036 925 2074; x_wconf 86' lang='lat' dir='ltr'><em>schismatica</em></span> <span class='ocrx_word' id='word_1_269' title='bbox 947 2051 1075 2075; x_wconf 86' lang='lat' dir='ltr'><em>venena</em></span> <span class='ocrx_word' id='word_1_270' title='bbox 1096 2039 1162 2074; x_wconf 87' lang='lat' dir='ltr'><em>des-</em></span> 
     </span>
     <span class='ocr_line' id='line_1_41' title="bbox 273 2089 1169 2134; baseline 0.001 -10"><span class='ocrx_word' id='word_1_271' title='bbox 273 2099 412 2134; x_wconf 73' lang='lat' dir='ltr'><em>pumare</em></span> <span class='ocrx_word' id='word_1_272' title='bbox 422 2115 430 2122; x_wconf 94' lang='lat'><em>.</em></span> <span class='ocrx_word' id='word_1_273' title='bbox 460 2089 522 2123; x_wconf 87' lang='lat' dir='ltr'><em>Sed</em></span> <span class='ocrx_word' id='word_1_274' title='bbox 537 2099 644 2132; x_wconf 87' lang='lat' dir='ltr'><em>neque</em></span> <span class='ocrx_word' id='word_1_275' title='bbox 655 2089 886 2134; x_wconf 83' lang='lat' dir='ltr'><em>Episcopalem</em></span> <span class='ocrx_word' id='word_1_276' title='bbox 905 2089 1063 2125; x_wconf 87' lang='lat' dir='ltr'><em>thronum</em></span> <span class='ocrx_word' id='word_1_277' title='bbox 1074 2090 1169 2125; x_wconf 73' lang='lat' dir='ltr'><em>ceffit</em></span> 
     </span>
     <span class='ocr_line' id='line_1_42' title="bbox 275 2138 1166 2185; baseline -0.001 -9"><span class='ocrx_word' id='word_1_278' title='bbox 275 2141 436 2185; x_wconf 76' lang='lat' dir='ltr'><em>ignatio,</em></span> <span class='ocrx_word' id='word_1_279' title='bbox 461 2139 562 2184; x_wconf 75' lang='lat' dir='ltr'><em>longe</em></span> <span class='ocrx_word' id='word_1_280' title='bbox 587 2138 698 2173; x_wconf 77' lang='lat' dir='ltr'><em>minus</em></span> <span class='ocrx_word' id='word_1_281' title='bbox 720 2139 739 2172; x_wconf 73' lang='grc' dir='ltr'><em>ὲ.</em></span> <span class='ocrx_word' id='word_1_282' title='bbox 765 2141 856 2174; x_wconf 84' lang='lat' dir='ltr'><em>sacro</em></span> <span class='ocrx_word' id='word_1_283' title='bbox 877 2140 1059 2176; x_wconf 82' lang='lat' dir='ltr'><em>ministerio</em></span> <span class='ocrx_word' id='word_1_284' title='bbox 1087 2152 1166 2175; x_wconf 87' lang='lat' dir='ltr'><em>con-</em></span> 
     </span>
    </p>
   </div>
   <div class='ocr_carea' id='block_1_5' title="bbox 273 2238 1178 3138">
    <p class='ocr_par' dir='ltr' id='par_1_6' title="bbox 273 2238 1178 3138">
     <span class='ocr_line' id='line_1_43' title="bbox 273 2238 1166 2286; baseline 0.001 -12"><span class='ocrx_word' id='word_1_285' title='bbox 273 2240 413 2286; x_wconf 76' lang='lat' dir='ltr'><em>sacratur</em></span> <span class='ocrx_word' id='word_1_286' title='bbox 440 2238 589 2274; x_wconf 80' lang='lat' dir='ltr'><em>fidelium</em></span> <span class='ocrx_word' id='word_1_287' title='bbox 618 2241 765 2284; x_wconf 83' lang='lat' dir='ltr'><em>catalogus</em></span> <span class='ocrx_word' id='word_1_288' title='bbox 789 2264 801 2281; x_wconf 87' lang='lat'>,</span> <span class='ocrx_word' id='word_1_289' title='bbox 834 2241 945 2286; x_wconf 82' lang='lat' dir='ltr'><em>inquit</em></span> <span class='ocrx_word' id='word_1_290' title='bbox 977 2241 1166 2276; x_wconf 77' lang='lat' dir='ltr'><em>Anastasius</em></span> 
     </span>
     <span class='ocr_line' id='line_1_44' title="bbox 277 2289 1166 2334; baseline -0.003 -8"><span class='ocrx_word' id='word_1_291' title='bbox 277 2289 468 2326; x_wconf 84' lang='lat' dir='ltr'><em>Cardinalis</em></span> <span class='ocrx_word' id='word_1_292' title='bbox 481 2312 491 2330; x_wconf 91' lang='lat'><strong>,</strong></span> <span class='ocrx_word' id='word_1_293' title='bbox 516 2295 614 2334; x_wconf 85' lang='lat' dir='ltr'><em>magis</em></span> <span class='ocrx_word' id='word_1_294' title='bbox 626 2290 833 2333; x_wconf 83' lang='lat' dir='ltr'><em>inflammatus</em></span> <span class='ocrx_word' id='word_1_295' title='bbox 845 2290 884 2331; x_wconf 83' lang='lat' dir='ltr'><em>est</em></span> <span class='ocrx_word' id='word_1_296' title='bbox 893 2316 905 2333; x_wconf 88' lang='lat'>‚</span> <span class='ocrx_word' id='word_1_297' title='bbox 936 2293 972 2326; x_wconf 68' lang='lat'><em>(5</em></span> <span class='ocrx_word' id='word_1_298' title='bbox 993 2295 1013 2325; x_wconf 77' lang='grc' dir='ltr'><em>ἃ</em></span> <span class='ocrx_word' id='word_1_299' title='bbox 1029 2290 1128 2325; x_wconf 74' lang='lat' dir='ltr'><em>Photis·</em></span> <span class='ocrx_word' id='word_1_300' title='bbox 1132 2290 1166 2334; x_wconf 86' lang='lat' dir='ltr'><em>se</em></span> 
     </span>
     <span class='ocr_line' id='line_1_45' title="bbox 277 2339 1169 2386; baseline -0.002 -10"><span class='ocrx_word' id='word_1_301' title='bbox 277 2346 476 2376; x_wconf 83' lang='lat' dir='ltr'><em>communione</em></span> <span class='ocrx_word' id='word_1_302' title='bbox 487 2345 670 2374; x_wconf 83' lang='lat' dir='ltr'><em>catervatim</em></span> <span class='ocrx_word' id='word_1_303' title='bbox 687 2339 873 2383; x_wconf 88' lang='lat' dir='ltr'><em>separavit,</em></span> <span class='ocrx_word' id='word_1_304' title='bbox 900 2341 1067 2386; x_wconf 78' lang='lat' dir='ltr'><em>horrescens</em></span> <span class='ocrx_word' id='word_1_305' title='bbox 1087 2342 1169 2385; x_wconf 84' lang='lat' dir='ltr'><em>quod</em></span> 
     </span>
     <span class='ocr_line' id='line_1_46' title="bbox 280 2389 1168 2436; baseline -0.002 -9"><span class='ocrx_word' id='word_1_306' title='bbox 280 2404 332 2427; x_wconf 84' lang='lat' dir='ltr'><em>nec</em></span> <span class='ocrx_word' id='word_1_307' title='bbox 354 2393 374 2424; x_wconf 82' lang='grc' dir='ltr'><em>ἃ</em></span> <span class='ocrx_word' id='word_1_308' title='bbox 395 2400 485 2425; x_wconf 83' lang='lat' dir='ltr'><em>tanta</em></span> <span class='ocrx_word' id='word_1_309' title='bbox 500 2389 569 2434; x_wconf 86' lang='lat' dir='ltr'><em>sede</em></span> <span class='ocrx_word' id='word_1_310' title='bbox 576 2389 732 2434; x_wconf 87' lang='lat' dir='ltr'><em>perculsus</em></span> <span class='ocrx_word' id='word_1_311' title='bbox 751 2397 857 2435; x_wconf 81' lang='lat' dir='ltr'><em>corrigi</em></span> <span class='ocrx_word' id='word_1_312' title='bbox 875 2390 1066 2436; x_wconf 81' lang='lat' dir='ltr'><em>consenserit.</em></span> <span class='ocrx_word' id='word_1_313' title='bbox 1092 2391 1168 2426; x_wconf 88' lang='lat' dir='ltr'><em>Per-</em></span> 
     </span>
     <span class='ocr_line' id='line_1_47' title="bbox 279 2441 1168 2487; baseline 0 -11"><span class='ocrx_word' id='word_1_314' title='bbox 279 2445 366 2486; x_wconf 75' lang='lat' dir='ltr'><em>rexit</em></span> <span class='ocrx_word' id='word_1_315' title='bbox 387 2451 565 2484; x_wconf 87' lang='lat' dir='ltr'><em>tyrannum</em></span> <span class='ocrx_word' id='word_1_316' title='bbox 588 2452 685 2486; x_wconf 84' lang='lat' dir='ltr'><em>agere</em></span> <span class='ocrx_word' id='word_1_317' title='bbox 708 2466 718 2484; x_wconf 96' lang='lat'>‚</span> <span class='ocrx_word' id='word_1_318' title='bbox 743 2442 777 2476; x_wconf 91' lang='lat'><strong>&amp;</strong></span> <span class='ocrx_word' id='word_1_319' title='bbox 801 2442 1003 2477; x_wconf 83' lang='lat' dir='ltr'><em>miserandos</em></span> <span class='ocrx_word' id='word_1_320' title='bbox 1026 2441 1168 2487; x_wconf 87' lang='lat' dir='ltr'><em>populos</em></span> 
     </span>
     <span class='ocr_line' id='line_1_48' title="bbox 281 2490 1166 2536; baseline 0.001 -11"><span class='ocrx_word' id='word_1_321' title='bbox 281 2492 452 2536; x_wconf 77' lang='lat' dir='ltr'><em>exquisitis</em></span> <span class='ocrx_word' id='word_1_322' title='bbox 464 2492 640 2525; x_wconf 80' lang='lat' dir='ltr'><em>tormentis</em></span> <span class='ocrx_word' id='word_1_323' title='bbox 650 2490 691 2525; x_wconf 83' lang='lat' dir='ltr'><em>ad</em></span> <span class='ocrx_word' id='word_1_324' title='bbox 703 2493 792 2526; x_wconf 87' lang='lat' dir='ltr'><em>suam</em></span> <span class='ocrx_word' id='word_1_325' title='bbox 811 2492 1000 2527; x_wconf 85' lang='lat' dir='ltr'><em>damnatam</em></span> <span class='ocrx_word' id='word_1_326' title='bbox 1024 2504 1166 2528; x_wconf 88' lang='lat' dir='ltr'><em>commu·</em></span> 
     </span>
     <span class='ocr_line' id='line_1_49' title="bbox 284 2542 1167 2588; baseline -0.002 -11"><span class='ocrx_word' id='word_1_327' title='bbox 284 2542 425 2577; x_wconf 79' lang='lat' dir='ltr'><em>nionem</em></span> <span class='ocrx_word' id='word_1_328' title='bbox 436 2542 640 2584; x_wconf 85' lang='lat' dir='ltr'><em>compulsare</em></span> <span class='ocrx_word' id='word_1_329' title='bbox 652 2566 660 2573; x_wconf 85' lang='lat'><strong>.</strong></span> <span class='ocrx_word' id='word_1_330' title='bbox 688 2542 897 2588; x_wconf 78' lang='lat' dir='ltr'><em>Quapropter</em></span> <span class='ocrx_word' id='word_1_331' title='bbox 917 2542 1022 2578; x_wconf 91' lang='lat' dir='ltr'><em>hocce</em></span> <span class='ocrx_word' id='word_1_332' title='bbox 1033 2543 1167 2587; x_wconf 86' lang='lat' dir='ltr'><em>periculi</em></span> 
     </span>
     <span class='ocr_line' id='line_1_50' title="bbox 284 2588 1170 2634; baseline -0.001 -7"><span class='ocrx_word' id='word_1_333' title='bbox 284 2593 319 2627; x_wconf 88' lang='lat'>&amp;</span> <span class='ocrx_word' id='word_1_334' title='bbox 345 2592 450 2626; x_wconf 58' lang='lat' dir='ltr'><em>lucius</em></span> <span class='ocrx_word' id='word_1_335' title='bbox 478 2590 697 2634; x_wconf 80' lang='lat' dir='ltr'><em>pleniffimurn</em></span> <span class='ocrx_word' id='word_1_336' title='bbox 723 2588 913 2627; x_wconf 82' lang='lat' dir='ltr'><em>scandalum</em></span> <span class='ocrx_word' id='word_1_337' title='bbox 936 2593 1032 2628; x_wconf 85' lang='lat' dir='ltr'><em>finire</em></span> <span class='ocrx_word' id='word_1_338' title='bbox 1057 2593 1170 2627; x_wconf 88' lang='lat' dir='ltr'><em>volens</em></span> 
     </span>
     <span class='ocr_line' id='line_1_51' title="bbox 285 2640 1171 2689; baseline 0.001 -13"><span class='ocrx_word' id='word_1_339' title='bbox 285 2641 433 2687; x_wconf 86' lang='lat' dir='ltr'><em>optimus</em></span> <span class='ocrx_word' id='word_1_340' title='bbox 444 2640 603 2675; x_wconf 82' lang='lat' dir='ltr'><em>Pontifex</em></span> <span class='ocrx_word' id='word_1_341' title='bbox 615 2665 625 2680; x_wconf 93' lang='lat'>‚</span> <span class='ocrx_word' id='word_1_342' title='bbox 653 2642 826 2676; x_wconf 84' lang='lat' dir='ltr'><em>Donatum</em></span> <span class='ocrx_word' id='word_1_343' title='bbox 837 2643 1021 2678; x_wconf 86' lang='lat' dir='ltr'><em>Ostiensem</em></span> <span class='ocrx_word' id='word_1_344' title='bbox 1036 2643 1171 2689; x_wconf 84' lang='lat' dir='ltr'><em>Episco-</em></span> 
     </span>
     <span class='ocr_line' id='line_1_52' title="bbox 287 2690 1172 2736; baseline -0.001 -9"><span class='ocrx_word' id='word_1_345' title='bbox 287 2704 389 2736; x_wconf 84' lang='lat' dir='ltr'><em>pum,</em></span> <span class='ocrx_word' id='word_1_346' title='bbox 417 2690 567 2725; x_wconf 88' lang='lat' dir='ltr'><em>Leonem</em></span> <span class='ocrx_word' id='word_1_347' title='bbox 590 2701 628 2724; x_wconf 84' lang='lat' dir='ltr'><em>ac</em></span> <span class='ocrx_word' id='word_1_348' title='bbox 648 2690 817 2726; x_wconf 88' lang='lat' dir='ltr'><em>Marinum</em></span> <span class='ocrx_word' id='word_1_349' title='bbox 840 2692 1002 2728; x_wconf 84' lang='lat' dir='ltr'><em>Romanae</em></span> <span class='ocrx_word' id='word_1_350' title='bbox 1022 2693 1172 2728; x_wconf 80' lang='lat' dir='ltr'><em>Ecclefiae</em></span> 
     </span>
     <span class='ocr_line' id='line_1_53' title="bbox 287 2741 1171 2785; baseline 0.001 -8"><span class='ocrx_word' id='word_1_351' title='bbox 287 2742 521 2785; x_wconf 85' lang='lat' dir='ltr'><em>Presbyterum</em></span> <span class='ocrx_word' id='word_1_352' title='bbox 561 2751 600 2775; x_wconf 82' lang='lat' dir='ltr'><em>ac</em></span> <span class='ocrx_word' id='word_1_353' title='bbox 626 2741 819 2776; x_wconf 86' lang='lat' dir='ltr'><em>Diaconum</em></span> <span class='ocrx_word' id='word_1_354' title='bbox 854 2741 1045 2778; x_wconf 83' lang='lat' dir='ltr'><em>Cardinales</em></span> <span class='ocrx_word' id='word_1_355' title='bbox 1081 2754 1171 2778; x_wconf 88' lang='lat' dir='ltr'><em>anno</em></span> 
     </span>
     <span class='ocr_line' id='line_1_54' title="bbox 288 2791 1173 2839; baseline 0.001 -12"><span class='ocrx_word' id='word_1_356' title='bbox 288 2792 562 2837; x_wconf 67' lang='lat' dir='ltr'><em>ostingentefimo</em></span> <span class='ocrx_word' id='word_1_357' title='bbox 580 2792 780 2836; x_wconf 84' lang='lat' dir='ltr'><em>sexagefimo</em></span> <span class='ocrx_word' id='word_1_358' title='bbox 801 2793 893 2827; x_wconf 84' lang='lat' dir='ltr'><em>sexto</em></span> <span class='ocrx_word' id='word_1_359' title='bbox 928 2794 1051 2839; x_wconf 81' lang='lat' dir='ltr'><em>legavit</em></span> <span class='ocrx_word' id='word_1_360' title='bbox 1081 2791 1173 2827; x_wconf 84' lang='lat' dir='ltr'><em>Con-</em></span> 
     </span>
     <span class='ocr_line' id='line_1_55' title="bbox 290 2841 1171 2888; baseline 0 -12"><span class='ocrx_word' id='word_1_361' title='bbox 290 2841 545 2887; x_wconf 84' lang='lat' dir='ltr'><em>stantinopolim</em></span> <span class='ocrx_word' id='word_1_362' title='bbox 556 2866 568 2882; x_wconf 91' lang='lat'>‚</span> <span class='ocrx_word' id='word_1_363' title='bbox 593 2853 632 2876; x_wconf 84' lang='lat' dir='ltr'><em>ac</em></span> <span class='ocrx_word' id='word_1_364' title='bbox 642 2841 803 2877; x_wconf 87' lang='lat' dir='ltr'><em>Michaeli</em></span> <span class='ocrx_word' id='word_1_365' title='bbox 817 2841 969 2888; x_wconf 82' lang='lat' dir='ltr'><em>Augusto</em></span> <span class='ocrx_word' id='word_1_366' title='bbox 984 2855 1171 2879; x_wconf 87' lang='lat' dir='ltr'><em>excommu-</em></span> 
     </span>
     <span class='ocr_line' id='line_1_56' title="bbox 292 2892 1174 2937; baseline -0.002 -9"><span class='ocrx_word' id='word_1_367' title='bbox 292 2893 495 2930; x_wconf 84' lang='lat' dir='ltr'><em>nicationem</em></span> <span class='ocrx_word' id='word_1_368' title='bbox 522 2903 560 2926; x_wconf 83' lang='lat' dir='ltr'><em>ac</em></span> <span class='ocrx_word' id='word_1_369' title='bbox 579 2892 668 2926; x_wconf 79' lang='lat' dir='ltr'>faedae</span> <span class='ocrx_word' id='word_1_370' title='bbox 691 2893 844 2936; x_wconf 79' lang='lat' dir='ltr'><em>Epistolae</em></span> <span class='ocrx_word' id='word_1_371' title='bbox 856 2893 1022 2937; x_wconf 77' lang='lat' dir='ltr'><em>publicam</em></span> <span class='ocrx_word' id='word_1_372' title='bbox 1033 2893 1174 2928; x_wconf 86' lang='lat' dir='ltr'><em>exustio-</em></span> 
     </span>
     <span class='ocr_line' id='line_1_57' title="bbox 294 2942 1175 2987; baseline -0.005 -8"><span class='ocrx_word' id='word_1_373' title='bbox 294 2957 370 2980; x_wconf 85' lang='lat' dir='ltr'><em>nem</em></span> <span class='ocrx_word' id='word_1_374' title='bbox 403 2944 566 2982; x_wconf 86' lang='lat' dir='ltr'><em>minatus,</em></span> <span class='ocrx_word' id='word_1_375' title='bbox 591 2942 758 2987; x_wconf 83' lang='lat' dir='ltr'><em>Ignatium</em></span> <span class='ocrx_word' id='word_1_376' title='bbox 783 2944 817 2978; x_wconf 88' lang='lat'>&amp;</span> <span class='ocrx_word' id='word_1_377' title='bbox 837 2942 1020 2984; x_wconf 86' lang='lat' dir='ltr'><em>Photium,</em></span> <span class='ocrx_word' id='word_1_378' title='bbox 1047 2943 1175 2987; x_wconf 70' lang='lat' dir='ltr'><em>unaque</em></span> 
     </span>
     <span class='ocr_line' id='line_1_58' title="bbox 297 2993 1177 3037; baseline -0.003 -8"><span class='ocrx_word' id='word_1_379' title='bbox 297 3006 409 3030; x_wconf 84' lang='lat' dir='ltr'><em>eorum</em></span> <span class='ocrx_word' id='word_1_380' title='bbox 421 2995 564 3028; x_wconf 85' lang='lat' dir='ltr'><em>fautores</em></span> <span class='ocrx_word' id='word_1_381' title='bbox 588 3005 627 3028; x_wconf 82' lang='lat' dir='ltr'><em>ac</em></span> <span class='ocrx_word' id='word_1_382' title='bbox 637 3004 743 3028; x_wconf 89' lang='lat' dir='ltr'><em>rerum</em></span> <span class='ocrx_word' id='word_1_383' title='bbox 757 2994 981 3037; x_wconf 66' lang='lat' dir='ltr'><em>praeteritarum</em></span> <span class='ocrx_word' id='word_1_384' title='bbox 993 2994 1087 3028; x_wconf 87' lang='lat' dir='ltr'><em>testes</em></span> <span class='ocrx_word' id='word_1_385' title='bbox 1100 2993 1177 3037; x_wconf 84' lang='lat' dir='ltr'><em>Epi-</em></span> 
     </span>
     <span class='ocr_line' id='line_1_59' title="bbox 298 3043 1178 3088; baseline -0.001 -10"><span class='ocrx_word' id='word_1_386' title='bbox 298 3046 413 3088; x_wconf 84' lang='lat' dir='ltr'><em>scopos</em></span> <span class='ocrx_word' id='word_1_387' title='bbox 439 3045 471 3079; x_wconf 75' lang='grc' dir='ltr'><em>δε</em></span> <span class='ocrx_word' id='word_1_388' title='bbox 483 3043 632 3078; x_wconf 87' lang='lat' dir='ltr'><em>Clericos</em></span> <span class='ocrx_word' id='word_1_389' title='bbox 644 3068 655 3084; x_wconf 92' lang='lat'><strong>,</strong></span> <span class='ocrx_word' id='word_1_390' title='bbox 683 3045 792 3078; x_wconf 69' lang='lat' dir='ltr'><em>coram</em></span> <span class='ocrx_word' id='word_1_391' title='bbox 804 3044 987 3080; x_wconf 87' lang='lat' dir='ltr'><em>audiendos</em></span> <span class='ocrx_word' id='word_1_392' title='bbox 1013 3044 1046 3079; x_wconf 89' lang='lat'>&amp;</span> <span class='ocrx_word' id='word_1_393' title='bbox 1064 3044 1178 3079; x_wconf 87' lang='lat' dir='ltr'><em>defini-</em></span> 
     </span>
     <span class='ocr_line' id='line_1_60' title="bbox 299 3093 942 3138; baseline -0.003 -9"><span class='ocrx_word' id='word_1_394' title='bbox 299 3093 366 3129; x_wconf 75' lang='lat' dir='ltr'><em>tive</em></span> <span class='ocrx_word' id='word_1_395' title='bbox 376 3093 566 3138; x_wconf 77' lang='lat' dir='ltr'><em>judicandos</em></span> <span class='ocrx_word' id='word_1_396' title='bbox 578 3117 590 3134; x_wconf 83' lang='lat'>‚</span> <span class='ocrx_word' id='word_1_397' title='bbox 615 3094 762 3129; x_wconf 87' lang='lat' dir='ltr'><em>Romam</em></span> <span class='ocrx_word' id='word_1_398' title='bbox 773 3094 942 3130; x_wconf 75' lang='lat' dir='ltr'><em>evocavit.</em></span> 
     </span>
    </p>
   </div>
   <div class='ocr_carea' id='block_1_6' title="bbox 1166 1296 1215 3536">
    <p class='ocr_par' dir='ltr' id='par_1_7' title="bbox 1166 1296 1215 3536">
     <span class='ocr_line' id='line_1_61' title="bbox 1166 1296 1188 2156; baseline 6.773 -119"><span class='ocrx_word' id='word_1_399' title='bbox 1166 1296 1188 2156; x_wconf 95' lang='lat' dir='ltr'><em>  </em></span> 
     </span>
     <span class='ocr_line' id='line_1_62' title="bbox 1173 2156 1215 3059; baseline 0 0"><span class='ocrx_word' id='word_1_400' title='bbox 1173 2156 1215 3059; x_wconf 95' lang='lat' dir='ltr'><em>    </em></span> 
     </span>
     <span class='ocr_line' id='line_1_63' title="bbox 1183 3059 1215 3536; baseline 0 226"><span class='ocrx_word' id='word_1_401' title='bbox 1183 3059 1215 3536; x_wconf 95' lang='lat' dir='ltr'><em> </em></span> 
     </span>
    </p>
   </div>
   <div class='ocr_carea' id='block_1_7' title="bbox 850 151 1489 196">
    <p class='ocr_par' dir='ltr' id='par_1_8' title="bbox 850 151 1489 196">
     <span class='ocr_line' id='line_1_64' title="bbox 850 151 1489 196; baseline -0.006 0"><span class='ocrx_word' id='word_1_402' title='bbox 850 151 1489 196; x_wconf 35' lang='lat' dir='ltr'><em>Dissonare-two</em></span> 
     </span>
    </p>
   </div>
   <div class='ocr_carea' id='block_1_8' title="bbox 1355 274 1998 356">
    <p class='ocr_par' dir='ltr' id='par_1_9' title="bbox 1355 274 1998 356">
     <span class='ocr_line' id='line_1_65' title="bbox 1355 274 1998 356; baseline 0.006 -4"><span class='ocrx_word' id='word_1_403' title='bbox 1355 274 1704 354; x_wconf 66' lang='lat' dir='ltr'>CAPUT</span> <span class='ocrx_word' id='word_1_404' title='bbox 1788 291 1998 356; x_wconf 59' lang='lat'>1114&#39;</span> 
     </span>
    </p>
   </div>
   <div class='ocr_carea' id='block_1_9' title="bbox 1209 438 2107 651">
    <p class='ocr_par' dir='ltr' id='par_1_10' title="bbox 1209 438 2107 651">
     <span class='ocr_line' id='line_1_66' title="bbox 1209 438 2107 512; baseline 0.009 -23"><span class='ocrx_word' id='word_1_405' title='bbox 1209 444 1427 512; x_wconf 82' lang='lat' dir='ltr'><em>Exponitur</em></span> <span class='ocrx_word' id='word_1_406' title='bbox 1459 443 1714 511; x_wconf 65' lang='lat' dir='ltr'><em>Dulgarorum</em></span> <span class='ocrx_word' id='word_1_407' title='bbox 1755 446 1808 495; x_wconf 84' lang='lat' dir='ltr'><em>ad</em></span> <span class='ocrx_word' id='word_1_408' title='bbox 1833 438 2107 503; x_wconf 45' lang='lat' dir='ltr'><em>Christianam</em></span> 
     </span>
     <span class='ocr_line' id='line_1_67' title="bbox 1268 512 2096 585; baseline 0.006 -24"><span class='ocrx_word' id='word_1_409' title='bbox 1268 512 1391 580; x_wconf 81' lang='lat' dir='ltr'><em>fidem</em></span> <span class='ocrx_word' id='word_1_410' title='bbox 1403 516 1611 580; x_wconf 77' lang='lat' dir='ltr'><em>converfi0,</em></span> <span class='ocrx_word' id='word_1_411' title='bbox 1645 535 1693 563; x_wconf 83' lang='lat' dir='ltr'><em>ac</em></span> <span class='ocrx_word' id='word_1_412' title='bbox 1703 515 1869 585; x_wconf 66' lang='lat' dir='ltr'><em>recursus</em></span> <span class='ocrx_word' id='word_1_413' title='bbox 1880 516 1933 564; x_wconf 79' lang='lat' dir='ltr'><em>ad</em></span> <span class='ocrx_word' id='word_1_414' title='bbox 1943 523 2026 578; x_wconf 68' lang='lat' dir='ltr'><em>Ro-</em></span> <span class='ocrx_word' id='word_1_415' title='bbox 2087 537 2096 549; x_wconf 59' lang='lat'>³</span> 
     </span>
     <span class='ocr_line' id='line_1_68' title="bbox 1350 586 1957 651; baseline 0.005 -18"><span class='ocrx_word' id='word_1_416' title='bbox 1350 603 1508 634; x_wconf 67' lang='lat' dir='ltr'><em>manain</em></span> <span class='ocrx_word' id='word_1_417' title='bbox 1532 586 1741 651; x_wconf 76' lang='lat' dir='ltr'><em>Ecclefiam</em></span> <span class='ocrx_word' id='word_1_418' title='bbox 1765 611 1777 634; x_wconf 88' lang='grc'><em>.·</em></span> <span class='ocrx_word' id='word_1_419' title='bbox 1819 587 1957 638; x_wconf 77' lang='lat' dir='ltr'><em>Altera</em></span> 
     </span>
    </p>
   </div>
   <div class='ocr_carea' id='block_1_10' title="bbox 1503 654 1808 722">
    <p class='ocr_par' dir='ltr' id='par_1_11' title="bbox 1503 654 1808 722">
     <span class='ocr_line' id='line_1_69' title="bbox 1503 654 1808 722; baseline 0.007 -18"><span class='ocrx_word' id='word_1_420' title='bbox 1503 654 1620 722; x_wconf 54' lang='lat' dir='ltr'><em>caiisa</em></span> <span class='ocrx_word' id='word_1_421' title='bbox 1658 656 1808 722; x_wconf 75' lang='lat' dir='ltr'><em>&#39;furoris</em></span> 
     </span>
    </p>
   </div>
   <div class='ocr_carea' id='block_1_11' title="bbox 1560 723 1749 776">
    <p class='ocr_par' dir='ltr' id='par_1_12' title="bbox 1560 723 1749 776">
     <span class='ocr_line' id='line_1_70' title="bbox 1560 723 1749 776; baseline 0.005 -2"><span class='ocrx_word' id='word_1_422' title='bbox 1560 723 1749 776; x_wconf 80' lang='lat' dir='ltr'><em>Photiam&#39;.</em></span> 
     </span>
    </p>
   </div>
   <div class='ocr_carea' id='block_1_12' title="bbox 1181 885 2281 3522">
    <p class='ocr_par' dir='ltr' id='par_1_13' title="bbox 1181 885 2248 1035">
     <span class='ocr_line' id='line_1_71' title="bbox 1181 885 2248 935; baseline 0.006 -16"><span class='ocrx_word' id='word_1_423' title='bbox 1181 906 1183 910; x_wconf 37' lang='grc' dir='ltr'><strong><em>ι</em></strong></span> <span class='ocrx_word' id='word_1_424' title='bbox 1290 889 1376 919; x_wconf 81' lang='lat' dir='ltr'><em>Ram</em></span> <span class='ocrx_word' id='word_1_425' title='bbox 1386 885 1492 927; x_wconf 85' lang='lat' dir='ltr'><em>Istrum</em></span> <span class='ocrx_word' id='word_1_426' title='bbox 1511 888 1619 922; x_wconf 73' lang='lat' dir='ltr'><em>versus</em></span> <span class='ocrx_word' id='word_1_427' title='bbox 1631 891 1871 931; x_wconf 78' lang='lat' dir='ltr'><em>septemtrionem</em></span> <span class='ocrx_word' id='word_1_428' title='bbox 1880 915 1891 932; x_wconf 91' lang='lat'><strong><em>,</em></strong></span> <span class='ocrx_word' id='word_1_429' title='bbox 1915 891 2025 935; x_wconf 78' lang='lat' dir='ltr'><em>iuquit</em></span> <span class='ocrx_word' id='word_1_430' title='bbox 2037 888 2100 925; x_wconf 80' lang='lat' dir='ltr'><em>Ni·</em></span> <span class='ocrx_word' id='word_1_431' title='bbox 2114 888 2176 920; x_wconf 68' lang='lat'><em>1⁴²*</em></span> <span class='ocrx_word' id='word_1_432' title='bbox 2191 894 2248 922; x_wconf 70' lang='grc'>(3·5·</span> 
     </span>
     <span class='ocr_line' id='line_1_72' title="bbox 1312 935 2100 984; baseline 0.006 -14"><span class='ocrx_word' id='word_1_433' title='bbox 1312 935 1473 980; x_wconf 79' lang='lat' dir='ltr'><em>cephorus</em></span> <span class='ocrx_word' id='word_1_434' title='bbox 1486 937 1672 984; x_wconf 75' lang='lat' dir='ltr'><em>Gregora3‚</em></span> <span class='ocrx_word' id='word_1_435' title='bbox 1697 941 1779 974; x_wconf 77' lang='lat' dir='ltr'><em>locus·</em></span> <span class='ocrx_word' id='word_1_436' title='bbox 1787 941 1849 982; x_wconf 87' lang='lat' dir='ltr'><em>est,</em></span> <span class='ocrx_word' id='word_1_437' title='bbox 1877 952 1965 984; x_wconf 91' lang='lat' dir='ltr'><em>quem</em></span> <span class='ocrx_word' id='word_1_438' title='bbox 1991 941 2100 981; x_wconf 74' lang='lat' dir='ltr'><em>fluvius</em></span> 
     </span>
     <span class='ocr_line' id='line_1_73' title="bbox 1313 989 2098 1035; baseline 0.009 -17"><span class='ocrx_word' id='word_1_439' title='bbox 1313 997 1370 1019; x_wconf 88' lang='lat' dir='ltr'><em>non</em></span> <span class='ocrx_word' id='word_1_440' title='bbox 1379 992 1505 1030; x_wconf 75' lang='lat' dir='ltr'><em>exiguas</em></span> <span class='ocrx_word' id='word_1_441' title='bbox 1518 1013 1529 1029; x_wconf 90' lang='lat'>,</span> <span class='ocrx_word' id='word_1_442' title='bbox 1552 989 1591 1022; x_wconf 86' lang='lat' dir='ltr'><em>ab</em></span> <span class='ocrx_word' id='word_1_443' title='bbox 1610 991 1712 1023; x_wconf 83' lang='lat' dir='ltr'><em>incolis</em></span> <span class='ocrx_word' id='word_1_444' title='bbox 1733 993 1833 1035; x_wconf 86' lang='lat' dir='ltr'><em>Bulga</em></span> <span class='ocrx_word' id='word_1_445' title='bbox 1857 991 1958 1024; x_wconf 72' lang='lat' dir='ltr'><em>die‘lus</em></span> <span class='ocrx_word' id='word_1_446' title='bbox 1970 1015 1981 1031; x_wconf 92' lang='lat'>‚</span> <span class='ocrx_word' id='word_1_447' title='bbox 2006 997 2098 1025; x_wconf 86' lang='lat' dir='ltr'><em>inter-</em></span> 
     </span>
    </p>

    <p class='ocr_par' dir='ltr' id='par_1_14' title="bbox 1210 1034 2100 1082">
     <span class='ocr_line' id='line_1_74' title="bbox 1210 1034 2100 1082; baseline 0.009 -15"><span class='ocrx_word' id='word_1_448' title='bbox 1210 1034 1300 1076; x_wconf 84' lang='lat' dir='ltr'><em>fluit,</em></span> <span class='ocrx_word' id='word_1_449' title='bbox 1326 1037 1407 1070; x_wconf 73' lang='lat' dir='ltr'><em>unde</em></span> <span class='ocrx_word' id='word_1_450' title='bbox 1432 1039 1467 1071; x_wconf 67' lang='grc' dir='ltr'><em>ὀ·</em></span> <span class='ocrx_word' id='word_1_451' title='bbox 1488 1037 1747 1082; x_wconf 82' lang='lat' dir='ltr'><em>ipfiBulgarorum</em></span> <span class='ocrx_word' id='word_1_452' title='bbox 1774 1052 1877 1074; x_wconf 84' lang='lat' dir='ltr'><em>nomen</em></span> <span class='ocrx_word' id='word_1_453' title='bbox 1891 1042 2100 1080; x_wconf 79' lang='lat' dir='ltr'><em>obtinuerunt,</em></span> 
     </span>
    </p>

    <p class='ocr_par' dir='ltr' id='par_1_15' title="bbox 1214 1084 2103 1132">
     <span class='ocr_line' id='line_1_75' title="bbox 1214 1084 2103 1132; baseline 0.007 -16"><span class='ocrx_word' id='word_1_454' title='bbox 1214 1084 1279 1117; x_wconf 73' lang='lat' dir='ltr'><em>cum</em></span> <span class='ocrx_word' id='word_1_455' title='bbox 1297 1086 1318 1117; x_wconf 74' lang='lat' dir='ltr'><em>it</em></span> <span class='ocrx_word' id='word_1_456' title='bbox 1335 1091 1437 1127; x_wconf 84' lang='lat' dir='ltr'><em>prima</em></span> <span class='ocrx_word' id='word_1_457' title='bbox 1456 1092 1566 1130; x_wconf 75' lang='lat' dir='ltr'><em>origine</em></span> <span class='ocrx_word' id='word_1_458' title='bbox 1587 1088 1699 1127; x_wconf 72' lang='lat' dir='ltr'><em>schytae</em></span> <span class='ocrx_word' id='word_1_459' title='bbox 1713 1091 1799 1132; x_wconf 82' lang='lat' dir='ltr'><em>effent</em></span> <span class='ocrx_word' id='word_1_460' title='bbox 1817 1114 1823 1121; x_wconf 92' lang='lat'>.</span> <span class='ocrx_word' id='word_1_461' title='bbox 1847 1091 1982 1123; x_wconf 82' lang='lat' dir='ltr'><em>Tandem</em></span> <span class='ocrx_word' id='word_1_462' title='bbox 1992 1091 2103 1131; x_wconf 67' lang='lat' dir='ltr'><em>patrici</em></span> 
     </span>
    </p>

    <p class='ocr_par' dir='ltr' id='par_1_16' title="bbox 1215 1136 2102 1182">
     <span class='ocr_line' id='line_1_76' title="bbox 1215 1136 2102 1182; baseline 0.006 -15"><span class='ocrx_word' id='word_1_463' title='bbox 1215 1145 1280 1167; x_wconf 85' lang='lat' dir='ltr'><em>cum</em></span> <span class='ocrx_word' id='word_1_464' title='bbox 1289 1136 1432 1169; x_wconf 75' lang='lat' dir='ltr'><em>uxoribus</em></span> <span class='ocrx_word' id='word_1_465' title='bbox 1458 1137 1603 1171; x_wconf 74' lang='lat' dir='ltr'><em>&amp;liberis</em></span> <span class='ocrx_word' id='word_1_466' title='bbox 1612 1139 1738 1180; x_wconf 56' lang='lat' dir='ltr'><em>relidit,</em></span> <span class='ocrx_word' id='word_1_467' title='bbox 1764 1151 1825 1182; x_wconf 87' lang='lat' dir='ltr'><em>qua</em></span> <span class='ocrx_word' id='word_1_468' title='bbox 1844 1139 2013 1182; x_wconf 80' lang='lat' dir='ltr'><em>tempestate</em></span> <span class='ocrx_word' id='word_1_469' title='bbox 2033 1136 2102 1172; x_wconf 50' lang='lat' dir='ltr'><em>Iso?</em></span> 
     </span>
    </p>

    <p class='ocr_par' dir='ltr' id='par_1_17' title="bbox 1216 1185 2281 2627">
     <span class='ocr_line' id='line_1_77' title="bbox 1218 1185 2104 1232; baseline 0.007 -14"><span class='ocrx_word' id='word_1_470' title='bbox 1218 1185 1362 1225; x_wconf 73' lang='lat' dir='ltr'><em>nociastiae</em></span> <span class='ocrx_word' id='word_1_471' title='bbox 1372 1186 1491 1221; x_wconf 83' lang='lat' dir='ltr'><em>morbus</em></span> <span class='ocrx_word' id='word_1_472' title='bbox 1497 1193 1566 1230; x_wconf 88' lang='lat' dir='ltr'><em>pios</em></span> <span class='ocrx_word' id='word_1_473' title='bbox 1586 1188 1770 1232; x_wconf 82' lang='lat' dir='ltr'><em>infestabat,</em></span> <span class='ocrx_word' id='word_1_474' title='bbox 1796 1190 2003 1226; x_wconf 71' lang='lat' dir='ltr'><em>innumerabili</em></span> <span class='ocrx_word' id='word_1_475' title='bbox 2030 1186 2104 1224; x_wconf 49' lang='lat' dir='ltr'><em>mals</em></span> 
     </span>
     <span class='ocr_line' id='line_1_78' title="bbox 1216 1236 2106 1283; baseline 0.007 -14"><span class='ocrx_word' id='word_1_476' title='bbox 1216 1236 1346 1270; x_wconf 74' lang='lat' dir='ltr'><em>titudine</em></span> <span class='ocrx_word' id='word_1_477' title='bbox 1355 1236 1461 1278; x_wconf 73' lang='lat' dir='ltr'><em>Ist&#39;rum</em></span> <span class='ocrx_word' id='word_1_478' title='bbox 1470 1240 1628 1280; x_wconf 82' lang='lat' dir='ltr'><em>trajiciunt</em></span> <span class='ocrx_word' id='word_1_479' title='bbox 1638 1263 1649 1280; x_wconf 86' lang='lat'>‚</span> <span class='ocrx_word' id='word_1_480' title='bbox 1675 1241 1877 1283; x_wconf 74' lang='lat' dir='ltr'><em>&amp;utramque</em></span> <span class='ocrx_word' id='word_1_481' title='bbox 1888 1239 2018 1282; x_wconf 76' lang='lat' dir='ltr'><em>Maefiam</em></span> <span class='ocrx_word' id='word_1_482' title='bbox 2030 1240 2106 1283; x_wconf 56' lang='grc' dir='ltr'><em>ρον·ἓ</em></span> 
     </span>
     <span class='ocr_line' id='line_1_79' title="bbox 1217 1285 2103 1335; baseline 0.005 -15"><span class='ocrx_word' id='word_1_483' title='bbox 1217 1292 1346 1330; x_wconf 83' lang='lat' dir='ltr'><em>vagati,</em></span> <span class='ocrx_word' id='word_1_484' title='bbox 1371 1287 1504 1322; x_wconf 72' lang='lat' dir='ltr'><em>&amp;obvia</em></span> <span class='ocrx_word' id='word_1_485' title='bbox 1512 1300 1634 1332; x_wconf 67' lang='lat' dir='ltr'><em>quaeque</em></span> <span class='ocrx_word' id='word_1_486' title='bbox 1651 1292 1789 1334; x_wconf 85' lang='lat' dir='ltr'><em>populati</em></span> <span class='ocrx_word' id='word_1_487' title='bbox 1813 1302 1848 1324; x_wconf 88' lang='lat' dir='ltr'><em>ac</em></span> <span class='ocrx_word' id='word_1_488' title='bbox 1871 1292 2033 1333; x_wconf 64' lang='lat' dir='ltr'><em>pudori,</em></span> <span class='ocrx_word' id='word_1_489' title='bbox 2055 1285 2103 1335; x_wconf 54' lang='lat'><em>³10⁶}</em></span> 
     </span>
     <span class='ocr_line' id='line_1_80' title="bbox 1219 1336 2129 1386; baseline 0.004 -16"><span class='ocrx_word' id='word_1_490' title='bbox 1219 1336 1367 1378; x_wconf 78' lang='lat' dir='ltr'><em>castarum</em></span> <span class='ocrx_word' id='word_1_491' title='bbox 1387 1347 1440 1372; x_wconf 86' lang='lat' dir='ltr'><em>aut</em></span> <span class='ocrx_word' id='word_1_492' title='bbox 1442 1337 1576 1383; x_wconf 79' lang='lat' dir='ltr'><em>fulguris</em></span> <span class='ocrx_word' id='word_1_493' title='bbox 1586 1340 1680 1381; x_wconf 78' lang='lat' dir='ltr'><em>instar</em></span> <span class='ocrx_word' id='word_1_494' title='bbox 1690 1342 1895 1376; x_wconf 79' lang='lat' dir='ltr'><em>Macedoniam</em></span> <span class='ocrx_word' id='word_1_495' title='bbox 1906 1342 1970 1376; x_wconf 71' lang='lat' dir='ltr'><em>ciem</em></span> <span class='ocrx_word' id='word_1_496' title='bbox 1990 1342 2107 1386; x_wconf 60' lang='lat' dir='ltr'><em>alterio?</em></span> <span class='ocrx_word' id='word_1_497' title='bbox 2126 1361 2129 1369; x_wconf 79' lang='lat'>›</span> 
     </span>
     <span class='ocr_line' id='line_1_81' title="bbox 1221 1388 2107 1436; baseline 0.006 -16"><span class='ocrx_word' id='word_1_498' title='bbox 1221 1391 1248 1420; x_wconf 84' lang='lat' dir='ltr'><em>ri</em></span> <span class='ocrx_word' id='word_1_499' title='bbox 1269 1388 1370 1428; x_wconf 73' lang='lat' dir='ltr'><em>Illyria</em></span> <span class='ocrx_word' id='word_1_500' title='bbox 1393 1397 1555 1435; x_wconf 77' lang='lat' dir='ltr'><em>occupant,</em></span> <span class='ocrx_word' id='word_1_501' title='bbox 1581 1393 1634 1425; x_wconf 84' lang='lat' dir='ltr'><em>loci</em></span> <span class='ocrx_word' id='word_1_502' title='bbox 1653 1392 1790 1427; x_wconf 83' lang='lat' dir='ltr'><em>ubertate</em></span> <span class='ocrx_word' id='word_1_503' title='bbox 1810 1391 1916 1427; x_wconf 62' lang='lat' dir='ltr'><em>illem.</em></span> <span class='ocrx_word' id='word_1_504' title='bbox 1943 1395 1985 1427; x_wconf 72' lang='lat' dir='ltr'><em>Ac</em></span> <span class='ocrx_word' id='word_1_505' title='bbox 2008 1391 2107 1436; x_wconf 55' lang='lat' dir='ltr'><em>Regia</em></span> 
     </span>
     <span class='ocr_line' id='line_1_82' title="bbox 1222 1432 2124 1489; baseline 0.008 -20"><span class='ocrx_word' id='word_1_506' title='bbox 1222 1435 1347 1480; x_wconf 87' lang='lat' dir='ltr'><em>ipsorum</em></span> <span class='ocrx_word' id='word_1_507' title='bbox 1353 1437 1445 1481; x_wconf 60' lang='lat' dir='ltr'><em>seder</em></span> <span class='ocrx_word' id='word_1_508' title='bbox 1453 1441 1588 1483; x_wconf 83' lang='lat' dir='ltr'><em>deinceps</em></span> <span class='ocrx_word' id='word_1_509' title='bbox 1599 1443 1671 1476; x_wconf 88' lang='lat' dir='ltr'><em>urbs</em></span> <span class='ocrx_word' id='word_1_510' title='bbox 1690 1454 1727 1477; x_wconf 89' lang='lat' dir='ltr'><em>ea</em></span> <span class='ocrx_word' id='word_1_511' title='bbox 1737 1444 1789 1489; x_wconf 69' lang='lat' dir='ltr'><em>ff</em></span> <span class='ocrx_word' id='word_1_512' title='bbox 1802 1449 1888 1486; x_wconf 84' lang='lat' dir='ltr'><em>coepie</em></span> <span class='ocrx_word' id='word_1_513' title='bbox 1899 1468 1910 1485; x_wconf 93' lang='lat'><strong>,</strong></span> <span class='ocrx_word' id='word_1_514' title='bbox 1935 1453 2025 1486; x_wconf 86' lang='lat' dir='ltr'><em>quam</em></span> <span class='ocrx_word' id='word_1_515' title='bbox 2037 1432 2108 1485; x_wconf 54' lang='lat' dir='ltr'><em>J?</em></span> <span class='ocrx_word' id='word_1_516' title='bbox 2122 1452 2124 1454; x_wconf 83' lang='grc'><strong>’</strong></span> 
     </span>
     <span class='ocr_line' id='line_1_83' title="bbox 1217 1486 2108 1536; baseline 0.009 -17"><span class='ocrx_word' id='word_1_517' title='bbox 1217 1486 1367 1528; x_wconf 82' lang='lat' dir='ltr'><em>stinianus</em></span> <span class='ocrx_word' id='word_1_518' title='bbox 1379 1492 1544 1531; x_wconf 76' lang='lat' dir='ltr'><em>Imperator</em></span> <span class='ocrx_word' id='word_1_519' title='bbox 1564 1490 1864 1536; x_wconf 69' lang='lat' dir='ltr'><em>Archi-Episcopatus</em></span> <span class='ocrx_word' id='word_1_520' title='bbox 1887 1493 1995 1527; x_wconf 84' lang='lat' dir='ltr'><em>honore</em></span> <span class='ocrx_word' id='word_1_521' title='bbox 2005 1516 2018 1534; x_wconf 92' lang='lat'>,</span> <span class='ocrx_word' id='word_1_522' title='bbox 2038 1494 2108 1535; x_wconf 56' lang='lat' dir='ltr'><em>pest*</em></span> 
     </span>
     <span class='ocr_line' id='line_1_84' title="bbox 1223 1537 2108 1588; baseline 0.003 -16"><span class='ocrx_word' id='word_1_523' title='bbox 1223 1539 1818 1586; x_wconf 33' lang='lat' dir='ltr'><em>maequejustinianaevnomine·ornavit·.</em></span> <span class='ocrx_word' id='word_1_524' title='bbox 1842 1541 1909 1584; x_wconf 79' lang='lat' dir='ltr'><em>Post</em></span> <span class='ocrx_word' id='word_1_525' title='bbox 1932 1537 2108 1588; x_wconf 54' lang='lat' dir='ltr'><em>appellatio?</em></span> 
     </span>
     <span class='ocr_line' id='line_1_85' title="bbox 1225 1586 2109 1634; baseline 0.003 -13"><span class='ocrx_word' id='word_1_526' title='bbox 1225 1601 1261 1622; x_wconf 89' lang='lat' dir='ltr'><em>ne</em></span> <span class='ocrx_word' id='word_1_527' title='bbox 1266 1593 1367 1632; x_wconf 64' lang='lat' dir='ltr'><em>geneis</em></span> <span class='ocrx_word' id='word_1_528' title='bbox 1375 1590 1454 1622; x_wconf 73' lang='lat' dir='ltr'><em>iilius</em></span> <span class='ocrx_word' id='word_1_529' title='bbox 1465 1592 1593 1634; x_wconf 83' lang='lat' dir='ltr'><em>vulgata</em></span> <span class='ocrx_word' id='word_1_530' title='bbox 1601 1615 1612 1632; x_wconf 91' lang='lat'>,</span> <span class='ocrx_word' id='word_1_531' title='bbox 1637 1594 1713 1626; x_wconf 85' lang='lat' dir='ltr'><em>locus</em></span> <span class='ocrx_word' id='word_1_532' title='bbox 1724 1593 1773 1627; x_wconf 86' lang='lat' dir='ltr'><em>ille</em></span> <span class='ocrx_word' id='word_1_533' title='bbox 1786 1594 1934 1634; x_wconf 76' lang='lat' dir='ltr'><em>Bulgarist</em></span> <span class='ocrx_word' id='word_1_534' title='bbox 1949 1591 2046 1624; x_wconf 64' lang='lat' dir='ltr'><em>amus</em></span> <span class='ocrx_word' id='word_1_535' title='bbox 2055 1586 2109 1630; x_wconf 55' lang='grc' dir='ltr'><em>ὥς</em></span> 
     </span>
     <span class='ocr_line' id='line_1_86' title="bbox 1223 1636 2110 1686; baseline 0.002 -15"><span class='ocrx_word' id='word_1_536' title='bbox 1223 1639 1257 1671; x_wconf 65' lang='lat' dir='ltr'><em>&lt;u</em></span> <span class='ocrx_word' id='word_1_537' title='bbox 1270 1639 1426 1682; x_wconf 82' lang='lat' dir='ltr'><em>Bulgariae</em></span> <span class='ocrx_word' id='word_1_538' title='bbox 1439 1636 1610 1682; x_wconf 79' lang='lat' dir='ltr'><em>Metropolis</em></span> <span class='ocrx_word' id='word_1_539' title='bbox 1626 1649 1734 1683; x_wconf 77' lang='lat' dir='ltr'><em>prima</em></span> <span class='ocrx_word' id='word_1_540' title='bbox 1742 1645 1775 1686; x_wconf 86' lang='lat' dir='ltr'><em>J</em></span> <span class='ocrx_word' id='word_1_541' title='bbox 1778 1640 1941 1681; x_wconf 80' lang='lat' dir='ltr'><em>ustiniana.</em></span> <span class='ocrx_word' id='word_1_542' title='bbox 1967 1637 2110 1681; x_wconf 60' lang='lat' dir='ltr'><em>Dudutfi</em></span> 
     </span>
     <span class='ocr_line' id='line_1_87' title="bbox 1224 1686 2111 1725; baseline 0.001 -2"><span class='ocrx_word' id='word_1_543' title='bbox 1224 1698 1300 1723; x_wconf 83' lang='lat' dir='ltr'><em>ante</em></span> <span class='ocrx_word' id='word_1_544' title='bbox 1309 1687 1564 1724; x_wconf 79' lang='lat' dir='ltr'><em>Iconoclastiam</em></span> <span class='ocrx_word' id='word_1_545' title='bbox 1589 1701 1627 1724; x_wconf 86' lang='lat' dir='ltr'><em>ac</em></span> <span class='ocrx_word' id='word_1_546' title='bbox 1637 1691 1788 1725; x_wconf 84' lang='lat' dir='ltr'><em>Leonem</em></span> <span class='ocrx_word' id='word_1_547' title='bbox 1804 1691 1947 1725; x_wconf 82' lang='lat' dir='ltr'><em>isaurum</em></span> <span class='ocrx_word' id='word_1_548' title='bbox 1962 1686 2111 1724; x_wconf 79' lang='lat' dir='ltr'><em>fuiffeali</em></span> 
     </span>
     <span class='ocr_line' id='line_1_88' title="bbox 1225 1737 2109 1784; baseline 0 -11"><span class='ocrx_word' id='word_1_549' title='bbox 1225 1739 1289 1773; x_wconf 88' lang='lat' dir='ltr'><em>illis</em></span> <span class='ocrx_word' id='word_1_550' title='bbox 1309 1737 1459 1774; x_wconf 84' lang='lat' dir='ltr'><em>infestata</em></span> <span class='ocrx_word' id='word_1_551' title='bbox 1479 1739 1663 1776; x_wconf 85' lang='lat' dir='ltr'><em>Thraciam</em></span> <span class='ocrx_word' id='word_1_552' title='bbox 1699 1743 1736 1776; x_wconf 79' lang='lat' dir='ltr'><em>ae</em></span> <span class='ocrx_word' id='word_1_553' title='bbox 1759 1740 1930 1784; x_wconf 82' lang='lat' dir='ltr'><em>Illyricum</em></span> <span class='ocrx_word' id='word_1_554' title='bbox 1950 1738 2109 1780; x_wconf 56' lang='lat' dir='ltr'><em>testatum*</em></span> 
     </span>
     <span class='ocr_line' id='line_1_89' title="bbox 1225 1787 2109 1837; baseline -0.003 -13"><span class='ocrx_word' id='word_1_555' title='bbox 1225 1790 1264 1825; x_wconf 88' lang='lat' dir='ltr'><em>de</em></span> <span class='ocrx_word' id='word_1_556' title='bbox 1273 1789 1421 1824; x_wconf 87' lang='lat' dir='ltr'><em>Zenonis</em></span> <span class='ocrx_word' id='word_1_557' title='bbox 1444 1791 1586 1834; x_wconf 86' lang='lat' dir='ltr'><em>Imperio</em></span> <span class='ocrx_word' id='word_1_558' title='bbox 1606 1802 1726 1837; x_wconf 82' lang='lat' dir='ltr'><em>agens,</em></span> <span class='ocrx_word' id='word_1_559' title='bbox 1757 1790 1959 1835; x_wconf 72' lang='lat' dir='ltr'><em>Eutropius:</em></span> <span class='ocrx_word' id='word_1_560' title='bbox 1984 1787 2109 1834; x_wconf 52' lang='lat' dir='ltr'><em>d-Br‘ci?</em></span> 
     </span>
     <span class='ocr_line' id='line_1_90' title="bbox 1220 1836 2109 1886; baseline 0.001 -14"><span class='ocrx_word' id='word_1_561' title='bbox 1220 1845 1305 1883; x_wconf 82' lang='lat' dir='ltr'><em>garis</em></span> <span class='ocrx_word' id='word_1_562' title='bbox 1320 1839 1462 1884; x_wconf 79' lang='lat' dir='ltr'><em>universa</em></span> <span class='ocrx_word' id='word_1_563' title='bbox 1476 1840 1606 1876; x_wconf 83' lang='lat' dir='ltr'><em>Thracia</em></span> <span class='ocrx_word' id='word_1_564' title='bbox 1616 1842 1776 1884; x_wconf 79' lang='lat' dir='ltr'><em>infestatur</em></span> <span class='ocrx_word' id='word_1_565' title='bbox 1787 1866 1795 1875; x_wconf 92' lang='lat'>.</span> <span class='ocrx_word' id='word_1_566' title='bbox 1821 1841 1866 1875; x_wconf 83' lang='lat' dir='ltr'><em>Et</em></span> <span class='ocrx_word' id='word_1_567' title='bbox 1885 1839 1971 1886; x_wconf 84' lang='lat' dir='ltr'><em>apud</em></span> <span class='ocrx_word' id='word_1_568' title='bbox 1985 1836 2109 1878; x_wconf 72' lang='lat' dir='ltr'><em>Canio·</em></span> 
     </span>
     <span class='ocr_line' id='line_1_91' title="bbox 1224 1888 2273 1947; baseline -0.002 -24"><span class='ocrx_word' id='word_1_569' title='bbox 1224 1889 1343 1924; x_wconf 86' lang='lat' dir='ltr'><em>dorum</em></span> <span class='ocrx_word' id='word_1_570' title='bbox 1365 1889 1576 1927; x_wconf 83' lang='lat' dir='ltr'><em>Athalaricus</em></span> <span class='ocrx_word' id='word_1_571' title='bbox 1600 1891 1791 1927; x_wconf 84' lang='lat' dir='ltr'><em>Gothorum</em></span> <span class='ocrx_word' id='word_1_572' title='bbox 1814 1892 1890 1926; x_wconf 84' lang='lat' dir='ltr'><em>Rex</em></span> <span class='ocrx_word' id='word_1_573' title='bbox 1913 1903 1922 1924; x_wconf 74' lang='grc' dir='ltr'><strong><em>ε</em></strong></span> <span class='ocrx_word' id='word_1_574' title='bbox 1960 1888 2110 1933; x_wconf 80' lang='lat' dir='ltr'><em>Bulgores</em></span> <span class='ocrx_word' id='word_1_575' title='bbox 2127 1913 2148 1947; x_wconf 64' lang='grc' dir='ltr'><strong>ι</strong></span> <span class='ocrx_word' id='word_1_576' title='bbox 2195 1915 2216 1944; x_wconf 71' lang='lat' dir='ltr'><em>E</em></span> <span class='ocrx_word' id='word_1_577' title='bbox 2240 1911 2273 1943; x_wconf 64' lang='lat' dir='ltr'><em>3st</em></span> 
     </span>
     <span class='ocr_line' id='line_1_92' title="bbox 1225 1920 2281 1984; baseline -0.002 -10"><span class='ocrx_word' id='word_1_578' title='bbox 1225 1949 1283 1974; x_wconf 85' lang='lat' dir='ltr'><em>toto</em></span> <span class='ocrx_word' id='word_1_579' title='bbox 1303 1939 1371 1974; x_wconf 85' lang='lat' dir='ltr'><em>orbe</em></span> <span class='ocrx_word' id='word_1_580' title='bbox 1382 1941 1545 1974; x_wconf 80' lang='lat' dir='ltr'><em>terribiles.</em></span> <span class='ocrx_word' id='word_1_581' title='bbox 1573 1941 1618 1975; x_wconf 89' lang='lat' dir='ltr'><em>Et</em></span> <span class='ocrx_word' id='word_1_582' title='bbox 1642 1943 1676 1975; x_wconf 84' lang='lat' dir='ltr'><em>in</em></span> <span class='ocrx_word' id='word_1_583' title='bbox 1701 1941 1862 1976; x_wconf 89' lang='lat' dir='ltr'><em>chronico</em></span> <span class='ocrx_word' id='word_1_584' title='bbox 1883 1939 1926 1974; x_wconf 88' lang='lat' dir='ltr'><em>ad</em></span> <span class='ocrx_word' id='word_1_585' title='bbox 1950 1931 2110 1974; x_wconf 77' lang='lat' dir='ltr'><em>Anastafii</em></span> <span class='ocrx_word' id='word_1_586' title='bbox 2129 1920 2188 1984; x_wconf 43' lang='grc' dir='ltr'><em>,ἐξ</em></span> <span class='ocrx_word' id='word_1_587' title='bbox 2218 1921 2238 1952; x_wconf 68' lang='lat' dir='ltr'>P</span> <span class='ocrx_word' id='word_1_588' title='bbox 2272 1933 2281 1942; x_wconf 78' lang='lat'>&#39;</span> 
     </span>
     <span class='ocr_line' id='line_1_93' title="bbox 1229 1988 2161 2035; baseline -0.002 -11"><span class='ocrx_word' id='word_1_589' title='bbox 1229 1990 1400 2035; x_wconf 87' lang='lat' dir='ltr'><em>imperium</em></span> <span class='ocrx_word' id='word_1_590' title='bbox 1427 1990 1596 2025; x_wconf 84' lang='lat' dir='ltr'><em>&amp;Cethaei</em></span> <span class='ocrx_word' id='word_1_591' title='bbox 1616 1990 1834 2026; x_wconf 85' lang='lat' dir='ltr'><em>Consulatum</em></span> <span class='ocrx_word' id='word_1_592' title='bbox 1855 1991 1921 2032; x_wconf 88' lang='lat' dir='ltr'><em>ipse</em></span> <span class='ocrx_word' id='word_1_593' title='bbox 1941 1988 2109 2023; x_wconf 84' lang='lat' dir='ltr'><em>Caffiodo-</em></span> <span class='ocrx_word' id='word_1_594' title='bbox 2158 2032 2161 2035; x_wconf 80' lang='lat'>.</span> 
     </span>
     <span class='ocr_line' id='line_1_94' title="bbox 1230 2038 2108 2082; baseline -0.006 -7"><span class='ocrx_word' id='word_1_595' title='bbox 1230 2051 1302 2075; x_wconf 76' lang='lat' dir='ltr'><em>rus:</em></span> <span class='ocrx_word' id='word_1_596' title='bbox 1327 2044 1446 2074; x_wconf 85' lang='lat' dir='ltr'><em>Virtute</em></span> <span class='ocrx_word' id='word_1_597' title='bbox 1468 2043 1590 2074; x_wconf 80' lang='lat' dir='ltr'><em>Domini</em></span> <span class='ocrx_word' id='word_1_598' title='bbox 1610 2039 1697 2080; x_wconf 82' lang='lat' dir='ltr'><em>nostri</em></span> <span class='ocrx_word' id='word_1_599' title='bbox 1719 2044 1811 2082; x_wconf 83' lang='lat' dir='ltr'><em>Regis</em></span> <span class='ocrx_word' id='word_1_600' title='bbox 1834 2038 2002 2072; x_wconf 79' lang='lat' dir='ltr'><em>Theodorici</em></span> <span class='ocrx_word' id='word_1_601' title='bbox 2017 2038 2108 2071; x_wconf 59' lang='lat' dir='ltr'><em>villis</em></span> 
     </span>
     <span class='ocr_line' id='line_1_95' title="bbox 1230 2085 2112 2135; baseline -0.005 -11"><span class='ocrx_word' id='word_1_602' title='bbox 1230 2089 1412 2133; x_wconf 86' lang='lat' dir='ltr'><em>Bulgaribus</em></span> <span class='ocrx_word' id='word_1_603' title='bbox 1422 2112 1434 2129; x_wconf 86' lang='lat'>,</span> <span class='ocrx_word' id='word_1_604' title='bbox 1460 2091 1604 2127; x_wconf 76' lang='lat' dir='ltr'><em>syrmium</em></span> <span class='ocrx_word' id='word_1_605' title='bbox 1615 2095 1724 2131; x_wconf 86' lang='lat' dir='ltr'><em>recepit</em></span> <span class='ocrx_word' id='word_1_606' title='bbox 1738 2088 1829 2122; x_wconf 85' lang='lat' dir='ltr'><em>Italia</em></span> <span class='ocrx_word' id='word_1_607' title='bbox 1840 2112 1848 2120; x_wconf 88' lang='lat'><strong>.</strong></span> <span class='ocrx_word' id='word_1_608' title='bbox 1874 2085 2059 2135; x_wconf 77' lang='lat' dir='ltr'><em>Qomodo</em></span> <span class='ocrx_word' id='word_1_609' title='bbox 2069 2087 2112 2132; x_wconf 77' lang='lat' dir='ltr'><em>ab</em></span> 
     </span>
     <span class='ocr_line' id='line_1_96' title="bbox 1232 2135 2112 2182; baseline -0.005 -8"><span class='ocrx_word' id='word_1_610' title='bbox 1232 2140 1343 2175; x_wconf 89' lang='lat' dir='ltr'><em>Aristo</em></span> <span class='ocrx_word' id='word_1_611' title='bbox 1369 2138 1612 2180; x_wconf 85' lang='lat' dir='ltr'><em>&amp;Mundone,</em></span> <span class='ocrx_word' id='word_1_612' title='bbox 1639 2139 1798 2175; x_wconf 80' lang='lat' dir='ltr'><em>Romanae</em></span> <span class='ocrx_word' id='word_1_613' title='bbox 1821 2139 1857 2173; x_wconf 87' lang='lat' dir='ltr'><em>in</em></span> <span class='ocrx_word' id='word_1_614' title='bbox 1868 2137 2003 2182; x_wconf 88' lang='lat' dir='ltr'><em>Illyrico</em></span> <span class='ocrx_word' id='word_1_615' title='bbox 2025 2135 2112 2171; x_wconf 88' lang='lat' dir='ltr'><em>mili-</em></span> 
     </span>
     <span class='ocr_line' id='line_1_97' title="bbox 1232 2186 2112 2234; baseline -0.003 -9"><span class='ocrx_word' id='word_1_616' title='bbox 1232 2191 1282 2226; x_wconf 83' lang='lat' dir='ltr'><em>tiae</em></span> <span class='ocrx_word' id='word_1_617' title='bbox 1304 2189 1457 2225; x_wconf 80' lang='lat' dir='ltr'><em>Ducibus</em></span> <span class='ocrx_word' id='word_1_618' title='bbox 1481 2214 1493 2230; x_wconf 92' lang='lat'>,</span> <span class='ocrx_word' id='word_1_619' title='bbox 1519 2189 1641 2223; x_wconf 87' lang='lat' dir='ltr'><em>fuerint</em></span> <span class='ocrx_word' id='word_1_620' title='bbox 1662 2188 1835 2234; x_wconf 86' lang='lat' dir='ltr'><em>compreffi</em></span> <span class='ocrx_word' id='word_1_621' title='bbox 1857 2212 1869 2229; x_wconf 89' lang='lat'><strong>,</strong></span> <span class='ocrx_word' id='word_1_622' title='bbox 1906 2187 2006 2222; x_wconf 81' lang='lat' dir='ltr'><em>habes</em></span> <span class='ocrx_word' id='word_1_623' title='bbox 2023 2186 2112 2231; x_wconf 83' lang='lat' dir='ltr'><em>apud</em></span> 
     </span>
     <span class='ocr_line' id='line_1_98' title="bbox 1234 2236 2115 2275; baseline -0.005 0"><span class='ocrx_word' id='word_1_624' title='bbox 1234 2240 1402 2275; x_wconf 88' lang='lat' dir='ltr'><em>Comitem</em></span> <span class='ocrx_word' id='word_1_625' title='bbox 1414 2238 1646 2274; x_wconf 81' lang='lat' dir='ltr'><em>Marcellinum</em></span> <span class='ocrx_word' id='word_1_626' title='bbox 1658 2265 1666 2273; x_wconf 89' lang='lat'><strong>.</strong></span> <span class='ocrx_word' id='word_1_627' title='bbox 1693 2238 1912 2274; x_wconf 76' lang='lat' dir='ltr'><em>Postmodum</em></span> <span class='ocrx_word' id='word_1_628' title='bbox 1922 2236 1964 2272; x_wconf 84' lang='lat' dir='ltr'><em>ab</em></span> <span class='ocrx_word' id='word_1_629' title='bbox 1975 2237 2115 2272; x_wconf 78' lang='lat' dir='ltr'><em>Hunnis</em></span> 
     </span>
     <span class='ocr_line' id='line_1_99' title="bbox 1233 2286 2114 2335; baseline -0.003 -11"><span class='ocrx_word' id='word_1_630' title='bbox 1233 2290 1407 2326; x_wconf 84' lang='lat' dir='ltr'><em>Pannonia</em></span> <span class='ocrx_word' id='word_1_631' title='bbox 1422 2288 1561 2332; x_wconf 61' lang='lat' dir='ltr'><em>ejetstos,</em></span> <span class='ocrx_word' id='word_1_632' title='bbox 1587 2289 1686 2334; x_wconf 82' lang='lat' dir='ltr'><em>gratis</em></span> <span class='ocrx_word' id='word_1_633' title='bbox 1705 2290 1724 2325; x_wconf 73' lang='grc' dir='ltr'>ὲ</span> <span class='ocrx_word' id='word_1_634' title='bbox 1746 2286 1944 2335; x_wconf 84' lang='lat' dir='ltr'><em>Dagoberto</em></span> <span class='ocrx_word' id='word_1_635' title='bbox 1972 2288 2114 2327; x_wconf 56' lang='lat' dir='ltr'><em>Franco</em></span> 
     </span>
     <span class='ocr_line' id='line_1_100' title="bbox 1234 2338 2113 2386; baseline -0.007 -10"><span class='ocrx_word' id='word_1_636' title='bbox 1234 2352 1301 2376; x_wconf 86' lang='lat' dir='ltr'><em>rum</em></span> <span class='ocrx_word' id='word_1_637' title='bbox 1316 2341 1412 2386; x_wconf 90' lang='lat' dir='ltr'><em>Rege</em></span> <span class='ocrx_word' id='word_1_638' title='bbox 1423 2340 1550 2374; x_wconf 87' lang='lat' dir='ltr'><em>locatos</em></span> <span class='ocrx_word' id='word_1_639' title='bbox 1561 2340 1595 2373; x_wconf 90' lang='lat' dir='ltr'><em>in</em></span> <span class='ocrx_word' id='word_1_640' title='bbox 1609 2340 1746 2375; x_wconf 79' lang='lat' dir='ltr'><em>Bavaria</em></span> <span class='ocrx_word' id='word_1_641' title='bbox 1759 2364 1770 2380; x_wconf 90' lang='lat'><strong>,</strong></span> <span class='ocrx_word' id='word_1_642' title='bbox 1794 2341 1974 2383; x_wconf 74' lang='lat' dir='ltr'><em>omnesque</em></span> <span class='ocrx_word' id='word_1_643' title='bbox 1984 2338 2002 2371; x_wconf 75' lang='grc' dir='ltr'>ὲ</span> <span class='ocrx_word' id='word_1_644' title='bbox 2013 2338 2113 2371; x_wconf 85' lang='lat' dir='ltr'><em>Bava-</em></span> 
     </span>
     <span class='ocr_line' id='line_1_101' title="bbox 1235 2386 2114 2433; baseline -0.005 -9"><span class='ocrx_word' id='word_1_645' title='bbox 1235 2393 1274 2425; x_wconf 83' lang='lat' dir='ltr'><em>ris</em></span> <span class='ocrx_word' id='word_1_646' title='bbox 1289 2392 1380 2426; x_wconf 82' lang='lat' dir='ltr'><em>fuiffe</em></span> <span class='ocrx_word' id='word_1_647' title='bbox 1391 2390 1570 2424; x_wconf 85' lang='lat' dir='ltr'><em>trucidatos</em></span> <span class='ocrx_word' id='word_1_648' title='bbox 1580 2390 1737 2424; x_wconf 83' lang='lat' dir='ltr'><em>testantur</em></span> <span class='ocrx_word' id='word_1_649' title='bbox 1748 2388 1957 2433; x_wconf 81' lang='lat' dir='ltr'><em>Fredegarius</em></span> <span class='ocrx_word' id='word_1_650' title='bbox 1982 2398 2022 2422; x_wconf 81' lang='lat' dir='ltr'><em>ac</em></span> <span class='ocrx_word' id='word_1_651' title='bbox 2031 2386 2114 2430; x_wconf 70' lang='lat' dir='ltr'><em>eius-</em></span> 
     </span>
     <span class='ocr_line' id='line_1_102' title="bbox 1234 2438 2269 2486; baseline -0.004 -10"><span class='ocrx_word' id='word_1_652' title='bbox 1234 2442 1308 2476; x_wconf 87' lang='lat' dir='ltr'><em>dem</em></span> <span class='ocrx_word' id='word_1_653' title='bbox 1319 2441 1424 2486; x_wconf 89' lang='lat' dir='ltr'><em>Regis</em></span> <span class='ocrx_word' id='word_1_654' title='bbox 1434 2441 1502 2474; x_wconf 85' lang='lat' dir='ltr'><em>vita</em></span> <span class='ocrx_word' id='word_1_655' title='bbox 1515 2464 1523 2473; x_wconf 86' lang='lat'><strong>.</strong></span> <span class='ocrx_word' id='word_1_656' title='bbox 1550 2439 1695 2474; x_wconf 76' lang='lat' dir='ltr'><em>Proinde</em></span> <span class='ocrx_word' id='word_1_657' title='bbox 1709 2438 1768 2473; x_wconf 87' lang='lat' dir='ltr'><em>sub</em></span> <span class='ocrx_word' id='word_1_658' title='bbox 1779 2438 1894 2473; x_wconf 91' lang='lat' dir='ltr'><em>Leone</em></span> <span class='ocrx_word' id='word_1_659' title='bbox 1917 2439 2029 2473; x_wconf 86' lang='lat' dir='ltr'><em>Isauro</em></span> <span class='ocrx_word' id='word_1_660' title='bbox 2054 2445 2113 2471; x_wconf 81' lang='lat' dir='ltr'><em>aut</em></span> <span class='ocrx_word' id='word_1_661' title='bbox 2129 2446 2269 2479; x_wconf 59' lang='lat' dir='ltr'><em>Lmen.</em></span> 
     </span>
     <span class='ocr_line' id='line_1_103' title="bbox 1231 2487 2227 2533; baseline -0.006 -8"><span class='ocrx_word' id='word_1_662' title='bbox 1231 2491 1315 2527; x_wconf 76' lang='lat' dir='ltr'><em>certe</em></span> <span class='ocrx_word' id='word_1_663' title='bbox 1326 2491 1396 2525; x_wconf 88' lang='lat' dir='ltr'><em>filio</em></span> <span class='ocrx_word' id='word_1_664' title='bbox 1406 2490 1474 2533; x_wconf 87' lang='lat' dir='ltr'><em>ejus</em></span> <span class='ocrx_word' id='word_1_665' title='bbox 1484 2490 1708 2525; x_wconf 81' lang='lat' dir='ltr'><em>Constantino</em></span> <span class='ocrx_word' id='word_1_666' title='bbox 1729 2488 1907 2524; x_wconf 83' lang='lat' dir='ltr'><em>Caballino</em></span> <span class='ocrx_word' id='word_1_667' title='bbox 1934 2490 1969 2522; x_wconf 91' lang='lat' dir='ltr'><em>in</em></span> <span class='ocrx_word' id='word_1_668' title='bbox 1990 2497 2118 2522; x_wconf 86' lang='lat' dir='ltr'><em>memo·</em></span> <span class='ocrx_word' id='word_1_669' title='bbox 2129 2487 2165 2519; x_wconf 78' lang='lat' dir='ltr'><em>C.</em></span> <span class='ocrx_word' id='word_1_670' title='bbox 2181 2496 2227 2524; x_wconf 85' lang='lat'><em>²9·</em></span> 
     </span>
     <span class='ocr_line' id='line_1_104' title="bbox 1234 2532 2114 2586; baseline -0.007 -10"><span class='ocrx_word' id='word_1_671' title='bbox 1234 2542 1308 2577; x_wconf 78' lang='lat' dir='ltr'><em>ratis</em></span> <span class='ocrx_word' id='word_1_672' title='bbox 1317 2541 1336 2575; x_wconf 73' lang='grc' dir='ltr'>ὲ</span> <span class='ocrx_word' id='word_1_673' title='bbox 1349 2539 1542 2586; x_wconf 82' lang='lat' dir='ltr'><em>Nicephoro</em></span> <span class='ocrx_word' id='word_1_674' title='bbox 1556 2539 1704 2586; x_wconf 85' lang='lat' dir='ltr'><em>Gregora</em></span> <span class='ocrx_word' id='word_1_675' title='bbox 1716 2538 1895 2585; x_wconf 78' lang='lat' dir='ltr'><em>provinciis</em></span> <span class='ocrx_word' id='word_1_676' title='bbox 1915 2539 1978 2574; x_wconf 87' lang='lat' dir='ltr'><em>sese</em></span> <span class='ocrx_word' id='word_1_677' title='bbox 2000 2532 2114 2573; x_wconf 69' lang='lat' dir='ltr'><em>denuo</em></span> 
     </span>
     <span class='ocr_line' id='line_1_105' title="bbox 1234 2594 1414 2627; baseline -0.006 -1"><span class='ocrx_word' id='word_1_678' title='bbox 1234 2594 1414 2627; x_wconf 80' lang='lat' dir='ltr'><em>firmarunt.</em></span> 
     </span>
    </p>

    <p class='ocr_par' dir='ltr' id='par_1_18' title="bbox 1210 2640 2250 3493">
     <span class='ocr_line' id='line_1_106' title="bbox 1251 2640 2116 2687; baseline -0.007 -9"><span class='ocrx_word' id='word_1_679' title='bbox 1251 2663 1255 2666; x_wconf 89' lang='lat'><em>-</em></span> <span class='ocrx_word' id='word_1_680' title='bbox 1269 2644 1301 2678; x_wconf 88' lang='lat' dir='ltr'>A</span> <span class='ocrx_word' id='word_1_681' title='bbox 1313 2642 1509 2687; x_wconf 82' lang='lat' dir='ltr'><em>quibusdam</em></span> <span class='ocrx_word' id='word_1_682' title='bbox 1521 2642 1749 2677; x_wconf 83' lang='lat' dir='ltr'><em>existimantur</em></span> <span class='ocrx_word' id='word_1_683' title='bbox 1760 2642 1853 2677; x_wconf 80' lang='lat' dir='ltr'><em>fuiffe</em></span> <span class='ocrx_word' id='word_1_684' title='bbox 1862 2640 2003 2687; x_wconf 81' lang='lat' dir='ltr'><em>gentiles</em></span> <span class='ocrx_word' id='word_1_685' title='bbox 2013 2640 2116 2682; x_wconf 79' lang='lat' dir='ltr'><em>usque</em></span> 
     </span>
     <span class='ocr_line' id='line_1_107' title="bbox 1231 2690 2115 2738; baseline -0.008 -10"><span class='ocrx_word' id='word_1_686' title='bbox 1231 2694 1271 2728; x_wconf 88' lang='lat' dir='ltr'><em>ad</em></span> <span class='ocrx_word' id='word_1_687' title='bbox 1283 2693 1426 2728; x_wconf 88' lang='lat' dir='ltr'><em>Domini</em></span> <span class='ocrx_word' id='word_1_688' title='bbox 1436 2704 1562 2727; x_wconf 87' lang='lat' dir='ltr'><em>aunum</em></span> <span class='ocrx_word' id='word_1_689' title='bbox 1571 2693 1875 2738; x_wconf 71' lang='lat' dir='ltr'><em>ostingentefimum</em></span> <span class='ocrx_word' id='word_1_690' title='bbox 1885 2690 2115 2735; x_wconf 81' lang='lat' dir='ltr'><em>sexagessmum</em></span> 
     </span>
     <span class='ocr_line' id='line_1_108' title="bbox 1235 2737 2117 2787; baseline -0.009 -9"><span class='ocrx_word' id='word_1_691' title='bbox 1235 2745 1357 2778; x_wconf 77' lang='lat' dir='ltr'><em>sextum</em></span> <span class='ocrx_word' id='word_1_692' title='bbox 1367 2767 1379 2784; x_wconf 88' lang='lat'>‚</span> <span class='ocrx_word' id='word_1_693' title='bbox 1405 2743 1440 2776; x_wconf 90' lang='lat'>&amp;</span> <span class='ocrx_word' id='word_1_694' title='bbox 1454 2743 1581 2787; x_wconf 88' lang='lat' dir='ltr'><em>Regem</em></span> <span class='ocrx_word' id='word_1_695' title='bbox 1592 2742 1792 2784; x_wconf 87' lang='lat' dir='ltr'><em>Michaelem</em></span> <span class='ocrx_word' id='word_1_696' title='bbox 1805 2767 1816 2782; x_wconf 92' lang='lat'>,</span> <span class='ocrx_word' id='word_1_697' title='bbox 1840 2741 1881 2775; x_wconf 90' lang='lat' dir='ltr'><em>de</em></span> <span class='ocrx_word' id='word_1_698' title='bbox 1892 2751 1958 2784; x_wconf 89' lang='lat' dir='ltr'><em>quo</em></span> <span class='ocrx_word' id='word_1_699' title='bbox 1967 2737 2117 2773; x_wconf 74' lang='lat' dir='ltr'><em>Annales</em></span> 
     </span>
     <span class='ocr_line' id='line_1_109' title="bbox 1233 2792 2250 2834; baseline -0.008 -6"><span class='ocrx_word' id='word_1_700' title='bbox 1233 2795 1433 2828; x_wconf 85' lang='lat' dir='ltr'><em>Francorum</em></span> <span class='ocrx_word' id='word_1_701' title='bbox 1448 2792 1648 2827; x_wconf 86' lang='lat' dir='ltr'><em>Bertiniani:</em></span> <span class='ocrx_word' id='word_1_702' title='bbox 1675 2795 1742 2825; x_wconf 80' lang='lat' dir='ltr'><em>Rex</em></span> <span class='ocrx_word' id='word_1_703' title='bbox 1752 2793 1951 2834; x_wconf 86' lang='lat' dir='ltr'><em>Bulgarorum</em></span> <span class='ocrx_word' id='word_1_704' title='bbox 1964 2812 1975 2828; x_wconf 90' lang='lat'>‚</span> <span class='ocrx_word' id='word_1_705' title='bbox 1988 2794 2040 2832; x_wconf 81' lang='lat' dir='ltr'><em>qui</em></span> <span class='ocrx_word' id='word_1_706' title='bbox 2045 2797 2116 2831; x_wconf 67' lang='lat' dir='ltr'><em>pre·</em></span> <span class='ocrx_word' id='word_1_707' title='bbox 2132 2796 2168 2827; x_wconf 71' lang='grc' dir='ltr'><em>Α.</em></span> <span class='ocrx_word' id='word_1_708' title='bbox 2183 2796 2250 2825; x_wconf 79' lang='lat'>866.</span> 
     </span>
     <span class='ocr_line' id='line_1_110' title="bbox 1233 2836 2120 2884; baseline -0.007 -8"><span class='ocrx_word' id='word_1_709' title='bbox 1233 2846 1349 2878; x_wconf 80' lang='lat' dir='ltr'><em>cedente</em></span> <span class='ocrx_word' id='word_1_710' title='bbox 1375 2853 1477 2881; x_wconf 88' lang='lat' dir='ltr'><em>anno,</em></span> <span class='ocrx_word' id='word_1_711' title='bbox 1503 2844 1566 2875; x_wconf 90' lang='lat' dir='ltr'><em>Deo</em></span> <span class='ocrx_word' id='word_1_712' title='bbox 1588 2840 1776 2884; x_wconf 78' lang='lat' dir='ltr'><em>inspirante,</em></span> <span class='ocrx_word' id='word_1_713' title='bbox 1801 2838 1934 2884; x_wconf 66' lang='lat' dir='ltr'><em>&amp;signis</em></span> <span class='ocrx_word' id='word_1_714' title='bbox 1960 2848 2050 2881; x_wconf 85' lang='lat' dir='ltr'><em>atque</em></span> <span class='ocrx_word' id='word_1_715' title='bbox 2069 2836 2120 2879; x_wconf 84' lang='lat' dir='ltr'><em>af-</em></span> 
     </span>
     <span class='ocr_line' id='line_1_111' title="bbox 1210 2888 2117 2936; baseline -0.008 -9"><span class='ocrx_word' id='word_1_716' title='bbox 1210 2932 1212 2935; x_wconf 21' lang='lat'>⁸</span> <span class='ocrx_word' id='word_1_717' title='bbox 1232 2893 1409 2936; x_wconf 74' lang='lat' dir='ltr'><em>flic‘lionibus</em></span> <span class='ocrx_word' id='word_1_718' title='bbox 1422 2897 1456 2925; x_wconf 82' lang='lat' dir='ltr'><em>in</em></span> <span class='ocrx_word' id='word_1_719' title='bbox 1462 2892 1570 2934; x_wconf 75' lang='lat' dir='ltr'><em>populo</em></span> <span class='ocrx_word' id='word_1_720' title='bbox 1582 2896 1665 2936; x_wconf 84' lang='lat' dir='ltr'><em>regni</em></span> <span class='ocrx_word' id='word_1_721' title='bbox 1685 2889 1737 2934; x_wconf 82' lang='lat' dir='ltr'><em>sui</em></span> <span class='ocrx_word' id='word_1_722' title='bbox 1747 2899 1882 2923; x_wconf 84' lang='lat' dir='ltr'><em>monente</em></span> <span class='ocrx_word' id='word_1_723' title='bbox 1892 2912 1903 2928; x_wconf 91' lang='lat'>‚</span> <span class='ocrx_word' id='word_1_724' title='bbox 1929 2888 2117 2928; x_wconf 74' lang='lat' dir='ltr'><em>Christianus</em></span> 
     </span>
     <span class='ocr_line' id='line_1_112' title="bbox 1231 2937 2117 2987; baseline -0.008 -10"><span class='ocrx_word' id='word_1_725' title='bbox 1231 2943 1296 2987; x_wconf 73' lang='lat' dir='ltr'><em>fieri</em></span> <span class='ocrx_word' id='word_1_726' title='bbox 1321 2944 1484 2977; x_wconf 77' lang='lat' dir='ltr'><em>meditatus</em></span> <span class='ocrx_word' id='word_1_727' title='bbox 1499 2940 1603 2983; x_wconf 71' lang='lat' dir='ltr'><em>ficerat</em></span> <span class='ocrx_word' id='word_1_728' title='bbox 1623 2966 1634 2982; x_wconf 91' lang='lat'>‚</span> <span class='ocrx_word' id='word_1_729' title='bbox 1656 2941 1774 2983; x_wconf 87' lang='lat' dir='ltr'><em>sacrum</em></span> <span class='ocrx_word' id='word_1_730' title='bbox 1800 2938 1952 2983; x_wconf 75' lang='lat' dir='ltr'><em>baptisma</em></span> <span class='ocrx_word' id='word_1_731' title='bbox 1971 2937 2117 2983; x_wconf 71' lang='lat' dir='ltr'><em>suscepit.</em></span> 
     </span>
     <span class='ocr_line' id='line_1_113' title="bbox 1239 2987 2121 3036; baseline -0.009 -7"><span class='ocrx_word' id='word_1_732' title='bbox 1239 2995 1280 3029; x_wconf 92' lang='lat' dir='ltr'><em>Et</em></span> <span class='ocrx_word' id='word_1_733' title='bbox 1295 2993 1399 3028; x_wconf 64' lang='lat' dir='ltr'><em>infra:</em></span> <span class='ocrx_word' id='word_1_734' title='bbox 1426 2992 1624 3036; x_wconf 85' lang='lat' dir='ltr'><em>Bulgarorum</em></span> <span class='ocrx_word' id='word_1_735' title='bbox 1642 2994 1708 3024; x_wconf 80' lang='lat' dir='ltr'><em>Rex</em></span> <span class='ocrx_word' id='word_1_736' title='bbox 1715 2988 1904 3033; x_wconf 80' lang='lat' dir='ltr'><em>filiumsuum</em></span> <span class='ocrx_word' id='word_1_737' title='bbox 1930 2990 1965 3023; x_wconf 61' lang='grc' dir='ltr'><em>Θ</em></span> <span class='ocrx_word' id='word_1_738' title='bbox 1979 2989 2082 3031; x_wconf 85' lang='lat' dir='ltr'><em>plures</em></span> <span class='ocrx_word' id='word_1_739' title='bbox 2101 2987 2121 3021; x_wconf 68' lang='grc' dir='ltr'><em>ὃ</em></span> 
     </span>
     <span class='ocr_line' id='line_1_114' title="bbox 1240 3040 2118 3085; baseline -0.009 -6"><span class='ocrx_word' id='word_1_740' title='bbox 1240 3044 1408 3078; x_wconf 85' lang='lat' dir='ltr'><em>Proceribus</em></span> <span class='ocrx_word' id='word_1_741' title='bbox 1420 3044 1516 3085; x_wconf 84' lang='lat' dir='ltr'><em>Regni</em></span> <span class='ocrx_word' id='word_1_742' title='bbox 1522 3040 1570 3085; x_wconf 84' lang='lat' dir='ltr'><em>sui</em></span> <span class='ocrx_word' id='word_1_743' title='bbox 1582 3044 1707 3074; x_wconf 86' lang='lat' dir='ltr'><em>Romam</em></span> <span class='ocrx_word' id='word_1_744' title='bbox 1717 3041 1831 3073; x_wconf 78' lang='lat' dir='ltr'><em>direxit</em></span> <span class='ocrx_word' id='word_1_745' title='bbox 1842 3064 1853 3080; x_wconf 93' lang='lat'>‚</span> <span class='ocrx_word' id='word_1_746' title='bbox 1873 3040 1907 3073; x_wconf 69' lang='lat'><em>(5</em></span> <span class='ocrx_word' id='word_1_747' title='bbox 1917 3051 2005 3072; x_wconf 85' lang='lat' dir='ltr'><em>arma</em></span> <span class='ocrx_word' id='word_1_748' title='bbox 2017 3063 2028 3079; x_wconf 94' lang='lat'>‚</span> <span class='ocrx_word' id='word_1_749' title='bbox 2052 3042 2118 3081; x_wconf 72' lang='lat' dir='ltr'><em>qui·</em></span> 
     </span>
     <span class='ocr_line' id='line_1_115' title="bbox 1238 3085 2118 3134; baseline -0.01 -6"><span class='ocrx_word' id='word_1_750' title='bbox 1238 3095 1292 3128; x_wconf 85' lang='lat' dir='ltr'><em>bus</em></span> <span class='ocrx_word' id='word_1_751' title='bbox 1303 3091 1539 3134; x_wconf 84' lang='lat' dir='ltr'><em>indutusfuerat</em></span> <span class='ocrx_word' id='word_1_752' title='bbox 1550 3115 1561 3131; x_wconf 90' lang='lat'>‚</span> <span class='ocrx_word' id='word_1_753' title='bbox 1586 3094 1708 3134; x_wconf 83' lang='lat' dir='ltr'><em>quando</em></span> <span class='ocrx_word' id='word_1_754' title='bbox 1716 3094 1748 3123; x_wconf 83' lang='lat' dir='ltr'><em>in</em></span> <span class='ocrx_word' id='word_1_755' title='bbox 1761 3089 1871 3130; x_wconf 81' lang='lat' dir='ltr'><em>Christi</em></span> <span class='ocrx_word' id='word_1_756' title='bbox 1882 3095 1998 3124; x_wconf 81' lang='lat' dir='ltr'><em>nomine</em></span> <span class='ocrx_word' id='word_1_757' title='bbox 2007 3089 2045 3122; x_wconf 86' lang='lat' dir='ltr'><em>de</em></span> <span class='ocrx_word' id='word_1_758' title='bbox 2053 3085 2118 3130; x_wconf 75' lang='lat' dir='ltr'><em>ficis</em></span> 
     </span>
     <span class='ocr_line' id='line_1_116' title="bbox 1239 3137 2121 3187; baseline -0.009 -9"><span class='ocrx_word' id='word_1_759' title='bbox 1239 3142 1426 3187; x_wconf 81' lang='lat' dir='ltr'><em>adversariis</em></span> <span class='ocrx_word' id='word_1_760' title='bbox 1441 3140 1645 3183; x_wconf 81' lang='lat' dir='ltr'><em>triumphavit</em></span> <span class='ocrx_word' id='word_1_761' title='bbox 1655 3165 1666 3180; x_wconf 90' lang='lat'>‚</span> <span class='ocrx_word' id='word_1_762' title='bbox 1691 3152 1757 3174; x_wconf 87' lang='lat' dir='ltr'><em>cum</em></span> <span class='ocrx_word' id='word_1_763' title='bbox 1769 3142 1838 3174; x_wconf 89' lang='lat' dir='ltr'><em>aliis</em></span> <span class='ocrx_word' id='word_1_764' title='bbox 1851 3141 1938 3173; x_wconf 86' lang='lat' dir='ltr'><em>donis</em></span> <span class='ocrx_word' id='word_1_765' title='bbox 1948 3137 2053 3173; x_wconf 64' lang='lat' dir='ltr'><em>sanae</em></span> <span class='ocrx_word' id='word_1_766' title='bbox 2066 3138 2121 3171; x_wconf 90' lang='lat' dir='ltr'><em>Pe-</em></span> 
     </span>
     <span class='ocr_line' id='line_1_117' title="bbox 1240 3188 2120 3238; baseline -0.009 -10"><span class='ocrx_word' id='word_1_767' title='bbox 1240 3206 1286 3229; x_wconf 82' lang='lat' dir='ltr'><em>tro</em></span> <span class='ocrx_word' id='word_1_768' title='bbox 1297 3192 1458 3238; x_wconf 85' lang='lat' dir='ltr'><em>transmifit</em></span> <span class='ocrx_word' id='word_1_769' title='bbox 1470 3217 1481 3233; x_wconf 92' lang='lat'>‚</span> <span class='ocrx_word' id='word_1_770' title='bbox 1505 3192 1541 3225; x_wconf 68' lang='grc' dir='ltr'><em>ό*</em></span> <span class='ocrx_word' id='word_1_771' title='bbox 1554 3192 1657 3234; x_wconf 87' lang='lat' dir='ltr'><em>plures</em></span> <span class='ocrx_word' id='word_1_772' title='bbox 1683 3190 1849 3234; x_wconf 62' lang='lat' dir='ltr'><em>quaestiones</em></span> <span class='ocrx_word' id='word_1_773' title='bbox 1866 3190 1904 3223; x_wconf 81' lang='lat' dir='ltr'><em>de</em></span> <span class='ocrx_word' id='word_1_774' title='bbox 1927 3188 1994 3231; x_wconf 80' lang='lat' dir='ltr'><em>fidei</em></span> <span class='ocrx_word' id='word_1_775' title='bbox 2017 3189 2120 3221; x_wconf 77' lang='lat' dir='ltr'><em>sacra-</em></span> 
     </span>
     <span class='ocr_line' id='line_1_118' title="bbox 1242 3239 2120 3288; baseline -0.013 -9"><span class='ocrx_word' id='word_1_776' title='bbox 1242 3250 1348 3279; x_wconf 81' lang='lat' dir='ltr'><em>mentis</em></span> <span class='ocrx_word' id='word_1_777' title='bbox 1358 3242 1534 3288; x_wconf 83' lang='lat' dir='ltr'><em>consulendo</em></span> <span class='ocrx_word' id='word_1_778' title='bbox 1543 3265 1555 3282; x_wconf 85' lang='lat'>,</span> <span class='ocrx_word' id='word_1_779' title='bbox 1581 3245 1616 3273; x_wconf 91' lang='lat' dir='ltr'><em>N</em></span> <span class='ocrx_word' id='word_1_780' title='bbox 1619 3243 1706 3274; x_wconf 84' lang='lat' dir='ltr'><em>icolao</em></span> <span class='ocrx_word' id='word_1_781' title='bbox 1717 3243 1812 3284; x_wconf 77' lang='lat' dir='ltr'><em>Papae</em></span> <span class='ocrx_word' id='word_1_782' title='bbox 1832 3241 1944 3273; x_wconf 75' lang='lat' dir='ltr'><em>direxit</em></span> <span class='ocrx_word' id='word_1_783' title='bbox 1955 3263 1967 3280; x_wconf 90' lang='lat'>,</span> <span class='ocrx_word' id='word_1_784' title='bbox 1993 3240 2028 3273; x_wconf 62' lang='grc' dir='ltr'><strong>θ</strong></span> <span class='ocrx_word' id='word_1_785' title='bbox 2047 3239 2120 3278; x_wconf 85' lang='lat' dir='ltr'><em>Epi-</em></span> 
     </span>
     <span class='ocr_line' id='line_1_119' title="bbox 1238 3284 2119 3338; baseline -0.011 -10"><span class='ocrx_word' id='word_1_786' title='bbox 1238 3294 1338 3338; x_wconf 84' lang='lat' dir='ltr'><em>scopos</em></span> <span class='ocrx_word' id='word_1_787' title='bbox 1363 3304 1452 3337; x_wconf 78' lang='lat' dir='ltr'><em>atque</em></span> <span class='ocrx_word' id='word_1_788' title='bbox 1481 3291 1662 3331; x_wconf 77' lang='lat' dir='ltr'><em>Presbyteros</em></span> <span class='ocrx_word' id='word_1_789' title='bbox 1688 3296 1769 3325; x_wconf 79' lang='lat' dir='ltr'><em>mitti</em></span> <span class='ocrx_word' id='word_1_790' title='bbox 1794 3289 1833 3324; x_wconf 88' lang='lat' dir='ltr'><em>ab</em></span> <span class='ocrx_word' id='word_1_791' title='bbox 1853 3301 1884 3324; x_wconf 92' lang='lat' dir='ltr'><em>eo</em></span> <span class='ocrx_word' id='word_1_792' title='bbox 1889 3288 1946 3331; x_wconf 81' lang='lat' dir='ltr'><em>fibi</em></span> <span class='ocrx_word' id='word_1_793' title='bbox 1966 3284 2096 3330; x_wconf 64' lang='lat' dir='ltr'><em>poposbit</em></span> <span class='ocrx_word' id='word_1_794' title='bbox 2110 3310 2119 3318; x_wconf 89' lang='lat'><em>.</em></span> 
     </span>
     <span class='ocr_line' id='line_1_120' title="bbox 1245 3333 2121 3390; baseline -0.009 -12"><span class='ocrx_word' id='word_1_795' title='bbox 1245 3345 1338 3390; x_wconf 76' lang='lat' dir='ltr'><em>,Quod</em></span> <span class='ocrx_word' id='word_1_796' title='bbox 1359 3344 1545 3380; x_wconf 58' lang='lat' dir='ltr'><em>&amp;obernum</em></span> <span class='ocrx_word' id='word_1_797' title='bbox 1572 3341 1629 3376; x_wconf 82' lang='lat' dir='ltr'><em>Ad</em></span> <span class='ocrx_word' id='word_1_798' title='bbox 1654 3340 1807 3386; x_wconf 80' lang='lat' dir='ltr'><em>eumdem</em></span> <span class='ocrx_word' id='word_1_799' title='bbox 1827 3333 2121 3374; x_wconf 81' lang='lat' dir='ltr'><em>annum-scribunt</em></span> 
     </span>
     <span class='ocr_line' id='line_1_121' title="bbox 1247 3385 2122 3431; baseline -0.014 -1"><span class='ocrx_word' id='word_1_800' title='bbox 1247 3395 1393 3430; x_wconf 84' lang='lat' dir='ltr'><em>Annales</em></span> <span class='ocrx_word' id='word_1_801' title='bbox 1413 3394 1615 3428; x_wconf 89' lang='lat' dir='ltr'><em>Francorum</em></span> <span class='ocrx_word' id='word_1_802' title='bbox 1626 3390 1824 3425; x_wconf 86' lang='lat' dir='ltr'><em>Fuldenses:</em></span> <span class='ocrx_word' id='word_1_803' title='bbox 1850 3391 1955 3431; x_wconf 85' lang='lat' dir='ltr'><em>Legati</em></span> <span class='ocrx_word' id='word_1_804' title='bbox 1977 3385 2122 3428; x_wconf 79' lang='lat' dir='ltr'><em>Buigaro-</em></span> 
     </span>
     <span class='ocr_line' id='line_1_122' title="bbox 1248 3434 2125 3493; baseline -0.016 -11"><span class='ocrx_word' id='word_1_805' title='bbox 1248 3458 1314 3482; x_wconf 88' lang='lat' dir='ltr'><em>rum</em></span> <span class='ocrx_word' id='word_1_806' title='bbox 1324 3442 1519 3489; x_wconf 77' lang='lat' dir='ltr'><em>Ratisponam</em></span> <span class='ocrx_word' id='word_1_807' title='bbox 1528 3444 1572 3478; x_wconf 85' lang='lat' dir='ltr'><em>ad</em></span> <span class='ocrx_word' id='word_1_808' title='bbox 1580 3443 1762 3476; x_wconf 78' lang='lat' dir='ltr'><em>Ludovtcum</em></span> <span class='ocrx_word' id='word_1_809' title='bbox 1771 3439 1972 3474; x_wconf 82' lang='lat' dir='ltr'><em>Francorum</em></span> <span class='ocrx_word' id='word_1_810' title='bbox 1995 3435 2032 3469; x_wconf 89' lang='lat' dir='ltr'><em>in</em></span> <span class='ocrx_word' id='word_1_811' title='bbox 2044 3434 2125 3493; x_wconf 54' lang='lat' dir='ltr'><em>§er-</em></span> 
     </span>
    </p>

    <p class='ocr_par' dir='ltr' id='par_1_19' title="bbox 1966 3495 2077 3522">
     <span class='ocr_line' id='line_1_123' title="bbox 1966 3495 2077 3522; baseline -0.018 0"><span class='ocrx_word' id='word_1_812' title='bbox 1966 3495 2077 3522; x_wconf 76' lang='lat' dir='ltr'><em>mama</em></span> 
     </span>
    </p>
   </div>
   <div class='ocr_carea' id='block_1_13' title="bbox 1199 1335 1230 3012">
    <p class='ocr_par' dir='ltr' id='par_1_20' title="bbox 1199 1335 1230 3012">
     <span class='ocr_line' id='line_1_124' title="bbox 1199 1335 1217 1461; baseline 0 0"><span class='ocrx_word' id='word_1_813' title='bbox 1199 1335 1217 1461; x_wconf 95' lang='lat' dir='ltr'><em>  </em></span> 
     </span>
     <span class='ocr_line' id='line_1_125' title="bbox 1202 1461 1220 1613; baseline 0 -94"><span class='ocrx_word' id='word_1_814' title='bbox 1202 1461 1220 1613; x_wconf 95' lang='lat' dir='ltr'><em>    </em></span> 
     </span>
     <span class='ocr_line' id='line_1_126' title="bbox 1203 1613 1220 1807; baseline 0 0"><span class='ocrx_word' id='word_1_815' title='bbox 1203 1613 1220 1807; x_wconf 95' lang='lat' dir='ltr'><em>   </em></span> 
     </span>
     <span class='ocr_line' id='line_1_127' title="bbox 1203 1811 1222 1946; baseline 0 -35"><span class='ocrx_word' id='word_1_816' title='bbox 1203 1811 1222 1946; x_wconf 95' lang='lat' dir='ltr'><em>  </em></span> 
     </span>
     <span class='ocr_line' id='line_1_128' title="bbox 1203 1946 1225 2104; baseline 0 -46"><span class='ocrx_word' id='word_1_817' title='bbox 1203 1946 1225 2104; x_wconf 95' lang='lat' dir='ltr'><em>   </em></span> 
     </span>
     <span class='ocr_line' id='line_1_129' title="bbox 1207 2104 1226 2208; baseline 0 0"><span class='ocrx_word' id='word_1_818' title='bbox 1207 2104 1226 2208; x_wconf 95' lang='lat' dir='ltr'><em>  </em></span> 
     </span>
     <span class='ocr_line' id='line_1_130' title="bbox 1209 2208 1228 2410; baseline 0 -152"><span class='ocrx_word' id='word_1_819' title='bbox 1209 2208 1228 2410; x_wconf 95' lang='lat' dir='ltr'><em>    </em></span> 
     </span>
     <span class='ocr_line' id='line_1_131' title="bbox 1211 2414 1228 2643; baseline 0 -30"><span class='ocrx_word' id='word_1_820' title='bbox 1211 2414 1228 2643; x_wconf 95' lang='lat' dir='ltr'><em>    </em></span> 
     </span>
     <span class='ocr_line' id='line_1_132' title="bbox 1212 2666 1230 2812; baseline 0 -50"><span class='ocrx_word' id='word_1_821' title='bbox 1212 2666 1230 2812; x_wconf 95' lang='lat' dir='ltr'><em>  </em></span> 
     </span>
     <span class='ocr_line' id='line_1_133' title="bbox 1212 2812 1230 3012; baseline 0 -104"><span class='ocrx_word' id='word_1_822' title='bbox 1212 2812 1230 3012; x_wconf 95' lang='lat' dir='ltr'><em>   </em></span> 
     </span>
    </p>
   </div>
  </div>
 </body>
</html>
