2340 3762
55 281 197 330 ¹Epist-9²..

60 331 88 355 C·
113 334 137 355 1·

58 706 121 783 ξςζ
130 704 215 745 Epist.

57 859 214 901 ‘pist-138.

54 1700 128 1737 ssssl’·
146 1706 191 1737 39·

54 1886 161 1929 Epist.4
167 1897 190 1918 1.

59 2415 144 2456 Epist·
156 2427 166 2446 1
175 2425 218 2448 ιο.

60 2532 130 2570 Cap.
146 2540 171 2567 5.

615 121 1021 179 Scirom't‘sfzr
1055 124 1256 173 Nous
1292 137 1674 174 ittusraarr.
1729 167 1735 172 .

236 208 400 247 malonem
413 208 607 246 elericorum.
636 211 679 246 Et
700 212 734 246 in
747 212 862 247 litteris
884 210 925 245 ad
939 210 1112 245 Rusticum

234 259 574 306 Archi-Episcopum
595 261 845 297 Narbonensem
868 276 879 297 .·
917 263 1013 296 Nulla
1034 266 1113 295 ratio

230 308 301 354 finit
312 334 323 350 ,
349 318 381 344 ut
389 317 469 346 inter
482 310 643 357 Eptsoffpos
654 312 842 354 habeantur,
860 316 981 355 qui-nec
1004 315 1025 345 ἃ
1046 311 1112 345 Cle-

231 364 303 393 orcis
324 358 398 403 sune
418 363 500 396 eled}
521 388 531 403 ,
554 375 606 398 nec
626 364 647 395 ἃ
672 363 809 399 Plebibus
829 367 956 404 expetiti
981 387 990 402 ‚
1018 372 1069 395 nec
1093 363 1114 394 ἃ

231 411 474 446 provincialibus
494 412 654 456 Epifiopis
677 414 742 447 ciam
757 413 978 456 Metropolitum
996 412 1110 454 judicio

230 458 404 503 consecrati.
433 464 478 497 Et
487 462 566 497 hinc
580 462 737 499 Nicaenos
747 463 901 498 Canones
913 462 1049 507 quidam
1066 461 1112 497 ita

230 507 446 557 intelligunt,
471 522 508 546 ut
519 512 559 546 ad
580 514 724 549 civitatis
736 514 870 548 Clerum
896 513 931 548 ἀ
954 512 1112 557 populum

228 559 368 603 electio,
392 560 600 598 confirmatio
617 565 735 608 spectet
754 563 794 597 ad
806 561 1114 606 comprovinciales

230 607 417 654 Episcopo:
440 635 453 651 ,
477 613 652 656 praesertim
689 612 990 656 Metropolitanum
1018 637 1025 645 .
1062 612 1111 646 Ita

230 658 428 705 intelligunt
439 660 473 695 in
487 662 603 697 litteris
613 661 654 698 ad
664 663 848 698 Rudolfum
869 664 1046 697 Senensem
1073 673 1111 696 ac

231 707 428 745 Rainerium
451 711 652 757 Episcopum
679 713 910 748 Florentinum
937 711 1114 756 Gregorius

233 759 389 803 septimus
399 760 564 804 Pontifex,
576 763 609 798 δε
620 763 655 797 in
666 762 782 798 litteris
793 762 835 798 ad
847 761 1063 807 Wulgrinum
1076 772 1113 795 ac

232 807 435 853 Stephanum
459 810 642 846 Parifiensis
653 811 801 849 Ecclefiae
822 811 1113 847 Archi-Diaconos

230 860 367 895 Sanctus
386 861 446 895 Ivo
459 860 666 896 carnutensis
677 886 685 893 .

281 907 440 943 Notanda
458 910 533 943 sunt
556 909 625 943 haec
645 910 754 944 Sansti
775 910 864 944 Petri
891 907 1113 949 Alexandrini

230 955 349 991 verba:
374 959 552 993 elericorum
559 957 713 1004 ficffragiir
739 960 774 994 ό·
783 960 889 1002 populi
899 958 1089 1002 postulatione
1103 983 1110 990 .

226 1005 277 1041 Et
296 1004 363 1041 haec
381 1007 491 1043 Sansti
523 1009 670 1045 Leonis:
699 1013 775 1043 Vota
793 1015 926 1051 civium,
952 1007 1113 1050 testimonia

225 1056 402 1099 populorum
417 1083 427 1101 ,
453 1058 550 1094 clean
561 1061 757 1094 clericorm.
785 1060 921 1094 Etenim
942 1071 1113 1104 nunquam

228 1104 408 1143 decifivum
425 1110 614 1155 suffragium
635 1132 647 1149 ,
673 1109 727 1144 sed
749 1109 857 1145 solum
884 1110 1111 1144 testimonium

229 1167 269 1191 ac
279 1155 508 1200 postulationis
521 1170 636 1195 votum
658 1160 799 1204 populus
822 1161 859 1194 in
885 1159 1041 1204 Episcopi
1064 1160 1112 1194 sui

227 1206 386 1242 electione
405 1208 544 1251 habuit,
569 1209 669 1253 idque
687 1221 725 1244 ex
739 1210 926 1255 Apaestolicae,
953 1210 1062 1254 inquit
1073 1210 1109 1244 in

226 1255 362 1292 laudata
396 1258 438 1294 ad
473 1259 658 1296 Provinciae
696 1260 894 1296 Viennensis
924 1260 1105 1305 Episcopos

225 1305 381 1350 Epistola
408 1308 496 1345 idem
508 1312 643 1347 sanstus
653 1309 747 1352 Leo,
773 1311 961 1345 maantam
985 1322 1113 1351 norma,

226 1366 287 1400 qua
308 1364 483 1403 praecipitur
502 1386 514 1403 ‚
539 1370 574 1396 ut
598 1362 739 1397 Sacerdos
766 1360 899 1403 Ecclefiae
922 1361 1113 1404 praefuturus

226 1407 411 1449 attestatione
432 1411 568 1454 fidelium
592 1417 746 1444 munlatur
768 1422 783 1453 ς
812 1423 880 1444 non
918 1410 1114 1445 obtrudatur

224 1454 363 1500 invitis,
388 1457 442 1493 sed
450 1468 506 1501 per
514 1467 618 1501 pacem
644 1461 679 1493 Θ
697 1460 844 1500 placitam
855 1461 916 1491 Deo
934 1459 1114 1491 concordiam

224 1505 358 1550 consonis
370 1514 500 1542 omnium
504 1508 615 1549 studiis
627 1508 783 1543 ordlnetur
797 1532 805 1541 .
832 1507 970 1542 Etenim
989 1508 1113 1551 septem

223 1554 404 1593 Diaconos
427 1557 612 1593 ordinaturi
638 1557 794 1601 Apostoli
814 1557 1015 1592 admonuere
1050 1557 1114 1601 ple-

225 1605 329 1645 bem,
353 1618 391 1641 ut
403 1606 614 1648 considerarent
624 1612 706 1640 viros
732 1606 799 1640 boni
811 1607 986 1648 testimonii,
1007 1609 1112 1648 plenos

228 1656 345 1697 Spiritu
365 1657 489 1690 sancvo.
517 1658 561 1690 Et
587 1657 622 1690 in
650 1656 735 1691 libro
755 1656 979 1701 Apologetico
1002 1655 1113 1691 scribit

228 1703 459 1741 Tertullianus
482 1719 490 1739 ι
522 1705 686 1749 Praefidcnt
703 1706 826 1748 probati
848 1708 980 1741 seniores
992 1729 1004 1747 ‚
1028 1706 1115 1740 hono-

229 1754 389 1795 remissum
400 1762 588 1799 nonpretio,
609 1754 667 1800 [Μ
688 1756 843 1798 testimonio
853 1757 976 1798 adepti.
1002 1757 1048 1791 Et
1072 1756 1113 1791 ad

229 1805 385 1840 Sannum
395 1806 590 1841 Cornelium
615 1806 817 1841 Pontificem
836 1807 884 1840 ait
903 1807 1036 1840 Sanetus
1048 1806 1114 1849 Cy-

228 1854 360 1899 prIanus
373 1856 612 1900 Episcoporurn
622 1856 793 1890 electiones
803 1857 986 1899 collegarum
1000 1865 1036 1889 ac
1047 1855 1112 1887 Ple-

228 1903 278 1938 bis
290 1904 449 1946 testimonio
474 1907 509 1940 (ν’
514 1908 629 1948 judicio
639 1906 842 1948 comprobari.
869 1905 925 1940 Ad
939 1915 1008 1949 quae
1020 1903 1113 1938 verba

226 1954 311 1989 reste
323 1955 464 2000 Jacobus
480 1954 666 1989 Pamelius:
693 1955 896 2000 Testimonium
920 1955 964 1988 ad
974 1954 1093 1988 Plebem
1103 1979 1114 1996 ,

222 2005 374 2047 iudicium
385 2007 430 2039 ad
437 2007 572 2050 collegas
583 2004 619 2046 est
632 2005 827 2047 referendum.
854 2006 899 2040 Et
914 2004 1115 2050 Apostolicae

229 2055 497 2088 Constitutiones
518 2054 697 2093 mandant,
721 2065 759 2089 ut
785 2055 939 2099 Episcopi
963 2054 1118 2090 ordinan.

229 2103 312 2138 dum
322 2105 341 2138 a
358 2105 387 2138 se
400 2103 580 2148 Collegam
593 2104 716 2150 populo
737 2104 848 2138 sistant
861 2128 871 2144 ‚
896 2114 1050 2149 rogantes
1072 2115 1112 2137 an

230 2153 297 2197 ipse
308 2155 345 2188 sit
356 2178 367 2194 ,
394 2164 493 2198 quem
508 2152 563 2188 fibi
579 2163 695 2197 petunt
707 2155 848 2196 praeeffe,
871 2153 907 2187 δε
927 2165 968 2187 an
984 2153 1034 2188 illi
1046 2165 1114 2196 per-

233 2202 369 2238 hibeant
382 2204 611 2240 testimonium
624 2228 635 2243 ,
661 2202 751 2246 quod
772 2203 894 2249 dignus
915 2204 973 2237 sit.
1002 2204 1114 2249 Qem

230 2265 359 2289 morem
370 2254 483 2289 multis
493 2254 643 2299 depingit
657 2254 692 2288 in
704 2255 795 2288 Affis
809 2254 850 2288 de
863 2253 976 2288 Eradii
999 2254 1113 2288 succes-

230 2305 311 2339 soris
332 2305 378 2338 sui
407 2304 565 2339 elefflone
590 2305 724 2339 Sanetus
749 2302 957 2349 Augustinus
972 2328 979 2336 .
1008 2304 1051 2337 Et
1078 2306 1113 2337 in

231 2353 317 2389 libro
343 2353 385 2388 de
406 2354 622 2389 Sacerdotum
651 2353 814 2399 dignitate
844 2354 956 2388 scribit
982 2353 1115 2388 Sanctus

234 2403 424 2439 Ambrosius
437 2418 448 2439 .-
475 2407 616 2441 Homines
628 2408 660 2437 in
671 2405 858 2438 sacerdotum
869 2404 1114 2439 odinationibus

233 2455 386 2495 clamant,
412 2454 601 2490 DlGNUS
631 2454 741 2487 EST
765 2479 776 2495 ‚
803 2453 979 2497 JUSTus
1006 2453 1113 2488 EST.

235 2505 280 2539 Et
292 2505 375 2547 apud
387 2504 601 2540 Laurentium
614 2504 743 2539 Surium
755 2504 822 2538 vita
834 2505 940 2538 Sancti
956 2503 1113 2547 Eutychii

234 2553 429 2589 Patriarchae
439 2553 823 2598 constantinopolitani:
854 2559 963 2589 Omnes
983 2565 1044 2587 una
1065 2565 1103 2587 vo

234 2616 265 2638 ce
278 2603 505 2646 proclamabant
527 2628 538 2644 ,
565 2604 753 2639 DlGNUS
781 2603 870 2638 EST
889 2628 899 2643 ‚
927 2603 1114 2638 DlGNUS

232 2654 324 2690 EST
345 2680 353 2687 .
396 2653 515 2697 Populi
537 2665 677 2698 namque
700 2652 922 2687 testimonium
939 2678 950 2693 ,
975 2663 1089 2687 votum
1103 2678 1113 2694 ‚

233 2715 273 2739 ac
295 2703 552 2748 postulationem
573 2704 666 2750 fuisse
687 2703 797 2747 passim
809 2702 949 2746 publicis
959 2702 1113 2737 acclama-

233 2753 382 2789 tionibus
403 2753 594 2797 deprompta
616 2778 628 2794 ‚
663 2753 810 2788 lucidum
831 2755 876 2787 est
898 2764 940 2787 ex
965 2753 1113 2796 plurimis

233 2803 407 2846 exemplis.
435 2804 479 2839 Et
491 2802 571 2838 hinc
589 2805 625 2837 in
640 2803 777 2837 laudatis
795 2803 887 2837 Adsis
904 2804 1030 2838 sanstus
1043 2803 1112 2838 Au-

235 2851 385 2898 gustinus
396 2853 670 2893 adclamationem
683 2853 778 2887 istam
793 2863 889 2887 vocat
909 2853 1022 2898 populi
1043 2865 1111 2887 non

235 2901 444 2937 solummodo
463 2903 690 2939 testimonium
711 2927 723 2944 ,
757 2902 812 2938 sed
841 2902 940 2939 etiam
965 2905 1113 2938 Placitum

235 2961 334 2996 atque
344 2950 500 2995 adsensum
507 2979 516 2987 .

286 3002 406 3045 Neque
416 3001 506 3036 obest
518 3003 664 3039 decimus
676 3003 788 3039 tertius
802 3003 921 3037 Canon
932 3004 1114 3039 Laodicen-

234 3052 294 3086 sis.
322 3051 407 3085 Eum
427 3053 566 3096 exponit
577 3053 734 3088 secundus
747 3053 960 3088 Sardicenfis:
987 3055 1112 3087 Clarum

235 3101 273 3143 est
279 3102 398 3144 potuiffe
406 3110 516 3143 paucos
528 3103 640 3145 aliquos
650 3105 778 3138 mercede
801 3105 939 3145 &pretio
960 3113 1111 3146 corruptos

235 3158 270 3185 in
283 3151 407 3194 Ecclqfia
411 3153 587 3194 seditionem
596 3164 711 3187 movere
720 3177 731 3193 ,
744 3162 777 3186 ut
788 3165 825 3195 qu
830 3160 959 3196 emptam
969 3153 1111 3196 postulent

236 3198 347 3236 babere
364 3200 557 3244 Episcopum.
583 3201 687 3236 Tales
708 3203 852 3246 corrupti
874 3204 986 3247 populi
1009 3205 1114 3239 acela·-

235 3252 398 3287 mationes
409 3252 503 3286 fuisse
524 3254 581 3287 suo
594 3253 694 3287 etiam
707 3262 854 3296 ternpore
875 3255 1058 3296 frequentes
1069 3265 1110 3288 te-

234 3300 335 3337 statur
342 3302 503 3347 Origenes
515 3302 549 3336 in
563 3302 713 3347 vigesima
723 3302 862 3337 secunda
872 3302 1010 3338 homilia
1020 3305 1052 3338 su
1058 3316 1112 3347 per

236 3352 426 3397 vigesimum
443 3354 616 3395 septimum
636 3361 732 3395 caput
742 3352 964 3387 Numerorum
976 3378 984 3385 .
1013 3353 1056 3388 Et
1068 3354 1109 3388 de

236 3399 462 3438 cabilonensis
474 3401 628 3447 Episcopi
644 3402 804 3437 ele-stione
826 3401 935 3438 scribit
955 3402 1109 3439 Sidonius

1889 145 1986 194 309

1177 208 1394 253 Apollinaris:
1423 215 1480 245 Hic
1495 217 1554 252 per
1560 210 1699 253 fragores
1718 212 1891 255 paralitico:
1907 217 2050 263 suffragio
2063 215 2125 250 L·4·
2137 208 2223 250 Epist·

1175 269 1354 302 comparatos
1365 265 1508 302 apicianis
1515 259 1665 302 plaufibus
1677 266 1879 308 ingerebatur-3
1907 266 1953 298 hic
1966 275 2049 308 apice
2065 262 2109 291 ²⁶5·

1177 309 1458 352 votivofipotrretur
1469 335 1479 349 ‚
1504 317 1599 344 tacita
1605 311 1742 352 puerone
1756 316 1932 359 promiserat
1953 319 2049 350 Eccle-

1168 360 1281 402 fiastica
1299 359 1365 404 suis
1382 358 1568 403 plausoribus
1589 362 1787 404 praedlafore
1797 388 1804 395 .
1835 364 1875 397 Et
1901 367 2052 401 adversus

1176 412 1378 447 Rainaldum
1391 410 1633 454 Andegavensis
1645 411 1794 447 Ecclefiae
1810 412 1957 448 Ele-Cium
1969 416 2053 451 Gof-

1176 462 1283 495 fredus
1300 458 1424 517 ,libbas
1446 458 1700 521 Vindocinensis
1725 487 1732 494 .
1759 467 1868 497 Omnes
1898 464 2051 507 Episcopi
2070 476 2223 521 [4593sp

1174 510 1208 544 ὅ(
1222 511 1342 545 Clerici
1351 511 1596 543 contradixerunt
1605 511 1688 543 allam
1697 537 1707 552 ,
1731 524 1821 554 quam
1831 513 1959 553 vestram
1966 512 2053 557 futffe
2075 534 2117 553 ῃ..

1174 562 1273 594 dicitis
1297 559 1485 599 clodionem,
1510 561 1808 602 &reprobaverunn
1838 567 1902 597 Nec
1924 570 2056 596 immeri—

1175 613 1222 643 to.
1251 615 1337 644 Nam
1348 611 1408 643 illis
1419 615 1528 643 invitis
1545 634 1556 650 ,
1581 612 1616 644 Θ
1627 620 1684 642 non
1693 613 1863 652 petentibus
1875 638 1886 653 ,
1910 621 2054 652 arreptus

1167 659 1283 701 futsta'a
1303 661 1405 705 wlgo.
1432 663 1478 692 Et
1487 661 1567 702 quod
1573 661 1616 693 tbi
1619 660 1741 701 fac‘lum
1754 661 1791 699 est
1803 688 1813 702 ‚
1839 662 1890 696 hoc
1908 660 2054 706 praesum·

1169 707 1278 752 ptuosa
1304 708 1511 752 &perniciosa
1523 709 1599 751 fecit
1615 708 1721 753 seditio
1743 733 1753 743 .
1778 715 1814 744 ln
1837 714 1890 745 illa
1903 712 2050 755 fiquidem

1174 759 1287 793 afflone
1299 783 1310 800 ,
1336 762 1426 792 immo
1435 761 1519 804 vulgi
1530 758 1741 804 conspiratione
1750 784 1768 801 ,v
1778 772 1867 803 quam
1875 771 1931 803 pro
1943 764 2054 798 eledia-

1174 819 1209 841 ne
1219 815 1365 850 reputatis
1376 833 1386 848 ,
1415 810 1462 842 lex
1474 809 1557 842 velut
1566 815 1646 843 inter
1656 822 1742 843 arma
1745 807 1823 852 filuit
1832 836 1844 852 ‚
1860 823 1920 844 vox
1936 815 2055 846 Divina

1174 858 1264 891 locum
1282 869 1339 891 non
1360 858 1482 891 habuit.
1509 862 1614 892 Totum
1636 860 1678 892 ibi
1688 862 1802 894 levitas
1825 862 1996 895 vindicavit
2018 864 2053 897 θ

1174 913 1298 940 vanitas
1310 921 1321 941 .·
1347 907 1403 940 Ubi
1414 910 1509 941 tha
1519 910 1659 951 quaedam
1671 911 1706 945 ὁ·
1714 912 1822 945 mulier
1828 911 1948 954 publica
1962 937 1973 953 ,
1985 923 2054 955 quae

1172 968 1228 990 vos
1246 958 1409 1001 garruliter
1428 960 1637 1001 acclamabat,
1662 961 1794 1003 amphias
1812 967 1913 1003 potuit
1926 986 1937 1003 ,
1962 973 2056 1005 quam

1173 1007 1276 1041 Plebis
1285 1011 1448 1041 maturitas
1459 1010 1511 1042 vel
1520 1011 1671 1044 clericalis
1684 1010 1817 1052 honestas
1826 1017 1959 1053 potuerit
1969 1037 1977 1045 .
1996 1016 2056 1046 Vos

1173 1058 1261 1102 vulgo
1279 1057 1429 1099 furente,
1455 1059 1490 1093 θ
1506 1056 1612 1102 spreta
1634 1065 1773 1095 canonica
1791 1061 1927 1094 elcc‘lione
1954 1084 1965 1100 ,
1992 1060 2056 1101 estis

1171 1117 1289 1141 creatus
1312 1132 1320 1139 .
1346 1106 1452 1143 Addit
1478 1107 1497 1142 a
1524 1107 1650 1152 populo
1675 1108 1853 1152 petendum
1880 1109 2051 1144 dumtaxat

1174 1157 1394 1202 Episcopum,
1417 1157 1436 1193 a
1449 1157 1526 1193 solis
1538 1158 1709 1203 Episcopis
1729 1158 1914 1195 &Clericis
1936 1159 2057 1205 eligen-

1172 1208 1271 1243 dum.
1297 1208 1402 1244 Hisce
1420 1208 1548 1250 furiosis
1573 1232 1585 1249 ,
1610 1207 1792 1248 seditiosis,
1816 1221 1854 1243 ac
1873 1210 1981 1253 pretio
2007 1208 2058 1244 vel

1173 1258 1240 1294 alio
1256 1256 1405 1293 humano
1416 1259 1470 1294 die
1480 1258 1597 1303 emptis
1607 1258 1896 1295 vociferationibus
1906 1261 2054 1303 frequen-

1174 1317 1223 1343 ter
1246 1307 1400 1344 homines
1420 1308 1580 1354 indignos
1608 1308 1650 1344 ad
1662 1309 1899 1354 Episcopatum
1919 1309 2058 1354 postula-2

1173 1358 1249 1400 bat,
1274 1359 1415 1404 eligebat
1425 1382 1436 1398 ,
1446 1357 1551 1394 immo
1560 1360 1596 1394 &
1608 1359 1753 1403 rapiebat
1764 1369 1861 1402 atque
1874 1359 2060 1394 intrudebat

1173 1409 1335 1452 populus,
1361 1407 1498 1451 ideoque
1521 1408 1596 1443 istas
1616 1409 1830 1449 insolentias,
1857 1419 1926 1444 non
1947 1408 2060 1443 mode-

1172 1457 1254 1490 stam
1281 1456 1538 1499 postulationem
1559 1456 1680 1491 merito
1706 1456 1878 1492 damnavit
1900 1482 1912 1498 ‚
1937 1459 1972 1492 δε
1997 1469 2059 1502 pro

1173 1505 1254 1540 veris
1264 1505 1482 1540 eleffionibus
1491 1505 1603 1541 haberi
1615 1506 1719 1542 vetuit
1733 1507 1944 1543 Laodicenfis
1951 1509 2059 1552 Syno·

1172 1555 1234 1589 dus
1245 1580 1256 1596 ,
1283 1555 1373 1599 quod
1396 1556 1431 1589 in
1445 1566 1512 1590 tam
1523 1557 1625 1591 arduo
1653 1568 1691 1591 ac
1704 1558 1835 1591 Divino
1848 1557 1986 1602 negotio
2000 1556 2059 1591 do·

1172 1606 1295 1638 cendus
1306 1606 1343 1639 sit
1363 1605 1398 1638 &
1407 1605 1577 1640 ducendus
1589 1606 1720 1639 &clero
1746 1604 1887 1650 populus
1899 1630 1910 1646 ‚
1937 1618 2004 1642 nou
2015 1607 2061 1640 se-

1173 1652 1339 1698 quendus.
1368 1654 1494 1691 Eadem
1510 1653 1552 1688 de
1563 1656 1660 1689 causa
1681 1656 1841 1699 populum
1862 1655 1994 1700 penitus
2017 1655 2060 1691 ab

1174 1704 1234 1738 illo
1257 1703 1414 1747 proscribi
1433 1713 1526 1747 optat
1549 1705 1583 1738 in
1596 1704 1813 1739 Orationibus
1834 1705 1875 1740 de
1889 1717 1967 1749 pace
1982 1707 2058 1740 San-

1173 1755 1241 1787 stus
1252 1753 1433 1798 Gregorius
1443 1750 1675 1788 Nazianzenus
1686 1778 1699 1795 ‚
1717 1753 1914 1797 tandemque
1927 1756 2057 1799 proscri-

1175 1803 1232 1845 psit
1242 1802 1351 1835 noster
1361 1801 1483 1835 Canon
1498 1826 1507 1834 .

1225 1851 1385 1885 Attamen
1401 1861 1504 1893 neque
1513 1850 1597 1895 apud
1609 1853 1739 1888 Graecos
1752 1878 1763 1895 ‚
1784 1864 1889 1899 neque
1900 1855 1985 1899 apud
1997 1866 2059 1892 nos

1174 1900 1313 1936 Latinos
1326 1901 1420 1944 plene
1431 1902 1580 1936 obtinuit
1593 1929 1602 1936 .
1630 1906 1749 1948 Liquet
1773 1916 1815 1940 ex
1828 1905 1967 1940 adducto
1978 1905 2060 1940 Gof-

1174 1950 1255 1984 fredi
1277 1950 1532 1984 Vindocinenfis
1554 1953 1746 1988 testimonio
1761 1978 1772 1994 ,
1798 1956 1935 1999 aliisque
1959 1950 2059 2001 longe

1174 2000 1324 2044 plurimis
1363 2000 1521 2034 Decretis
1557 2001 1789 2038 Ecclefiasticis
1817 2016 1854 2039 ac
1880 2007 2056 2048 exemplis.

1175 2050 1263 2084 Nam
1285 2048 1465 2084 Hedenulfi
1489 2050 1644 2096 Episcopi
1663 2053 1886 2089 Laudunensis
1907 2055 2057 2091 electioni

1175 2101 1278 2135 adeffe
1298 2099 1411 2135 Caroli
1434 2101 1576 2146 Augusti
1587 2103 1749 2147 Legatum
1775 2104 1892 2139 diserte
1916 2106 2057 2149 permisit

1174 2149 1331 2185 Pontifex
1356 2151 1498 2194 Ioannes
1518 2153 1667 2187 ostavus.
1696 2153 1738 2186 Et
1760 2153 1905 2198 legitime
1930 2156 2056 2199 permis·

1176 2202 1246 2235 sum
1263 2200 1435 2235 censuitin
1445 2201 1582 2236 addusta
1596 2204 1636 2238 ad
1656 2203 1839 2248 Hugonem
1856 2205 2057 2249 Lugdunen-

1176 2252 1256 2285 sium
1271 2250 1450 2286 Primatem
1462 2252 1610 2295 Epistola
1622 2255 1755 2289 Sandius
1772 2254 1831 2287 Ivo
1844 2255 2055 2291 Carnutensis

1179 2301 1380 2344 Episcopus,
1407 2300 1495 2344 quod
1522 2302 1594 2337 Rex
1614 2303 1652 2337 fit
1673 2314 1768 2347 caput
1790 2305 1893 2338 totius
1917 2305 2054 2349 populi:

1176 2349 1316 2386 Addidit
1332 2351 1366 2387 id
1389 2351 1429 2385 ab
1444 2350 1586 2386 Urbano
1608 2352 1747 2388 secundo
1764 2353 1927 2389 Pontifice
1939 2381 1949 2396 ,
1976 2355 2055 2390 Gre-

1175 2401 1397 2446 goriiseptimi
1412 2412 1467 2444 pro
1479 2404 1645 2437 canonicis
1665 2404 1834 2439 adversum
1847 2403 1944 2439 laicas
1966 2407 2056 2440 inve-

1176 2452 1301 2485 stituras
1319 2449 1529 2486 electionibus
1540 2451 1679 2487 Decreta
1696 2466 1797 2496 nuper
1815 2457 2031 2489 confirmante
2042 2479 2054 2496 ,

1175 2512 1243 2535 non
1259 2500 1441 2545 prohiberi.
1469 2501 1621 2536 Credidit
1645 2515 1698 2546 per
1721 2505 1867 2538 nostrum
1878 2504 2053 2539 Canonem

1175 2563 1212 2585 ac
1234 2552 1382 2585 laudatos
1406 2551 1586 2587 Pontifices
1606 2551 1647 2587 ab
1671 2553 1822 2597 Episcopi
1844 2555 2054 2598 promotione

1176 2601 1332 2645 proscribi
1356 2602 1458 2635 solam
1479 2602 1631 2643 turbam,
1658 2615 1725 2637 non
1750 2605 1871 2638 avitam
1892 2617 1929 2638 ac
1947 2606 2054 2648 legiti-

1176 2663 1262 2686 mam
1276 2651 1531 2695 postulationem
1543 2675 1553 2690 ,
1572 2653 1724 2696 deinceps
1738 2666 1805 2687 non
1817 2655 1834 2687 a
1846 2665 1921 2688 toro
1939 2653 2050 2697 populi

1173 2712 1327 2745 corpore,
1353 2701 1515 2737 sedasolo
1529 2703 1654 2746 capite,
1680 2704 1832 2738 Domino
1847 2704 1959 2747 Rege,
1985 2704 2049 2738 sine

1175 2752 1288 2795 quavis
1313 2751 1348 2784 in
1367 2753 1562 2786 canonicam
1583 2755 1772 2787 electionem
1795 2752 1911 2796 injuria
1931 2752 2053 2787 facien-

1175 2802 1270 2835 dam.
1302 2801 1342 2834 Et
1355 2801 1461 2836 revera
1469 2801 1588 2836 Canon
1602 2802 1710 2840 noster
1720 2803 1822 2836 laicos
1844 2804 1884 2836 ad
1896 2803 2048 2838 electioni

1173 2851 1415 2894 cooperandum
1437 2852 1578 2896 gratiose
1598 2853 1639 2888 ab
1654 2852 1854 2886 Elestoribus
1876 2852 2048 2897 Episcopis

1173 2901 1303 2936 admitti
1326 2901 1429 2944 palam
1442 2903 1619 2946 permittit.
1647 2901 1878 2936 NihilominUs
1901 2901 2048 2946 Regium

1175 2950 1278 2986 hocce
1288 2950 1401 2997 jugum
1415 2963 1565 2986 excutere
1577 2952 1700 2995 semper
1708 2962 1827 2986 conata
1839 2952 1881 2985 efl
1899 2952 2049 2989 Romana

1177 3001 1319 3036 Ecclesia
1343 3026 1351 3035 .
1379 3003 1538 3037 Excutere
1562 3001 1660 3045 coepit
1688 3000 1838 3036 calixtus
1872 3001 2050 3044 secundus,

1173 3051 1322 3086 Henrico
1334 3054 1452 3095 quinto
1463 3052 1654 3094 Imperatori
1667 3052 1763 3086 laicas
1774 3053 1975 3087 investituras
1985 3054 2049 3088 efe-

1173 3102 1325 3142 stucans,
1349 3113 1387 3136 ac
1410 3103 1445 3135 in
1457 3101 1532 3135 solis
1554 3101 1706 3146 litigiosis
1725 3103 1814 3137 Cleri
1838 3103 2048 3137 electionibus

1173 3152 1364 3195 permittens
1389 3150 1564 3186 decifivum
1575 3152 1786 3197 suffragium,
1812 3154 1865 3187 seu
1877 3153 2048 3197 Episcopa-

2076 2222 2206 2262 Epist-60.

1173 3212 1224 3235 tus
1233 3199 1445 3235 donationem
1459 3226 1466 3233 .
1494 3201 1594 3248 Qod
1607 3202 1710 3245 ipsum
1724 3202 1883 3247 Capuano
1899 3202 2047 3247 Principi
2066 3212 2221 3253 &pista-u:

1172 3250 1295 3285 dudum
1306 3250 1401 3284 antea
1422 3254 1617 3286 concesserat
1630 3251 1928 3295 Joannesostavus.
1956 3253 2045 3288 Dure

1172 3300 1257 3336 istud
1270 3301 1460 3346 impugnare
1469 3303 1567 3345 coepit
1578 3303 1746 3347 Eugenius
1755 3303 1867 3340 tertius
1878 3328 1889 3344 ,
1915 3315 1952 3337 ac
1962 3303 2045 3336 circa

1173 3350 1357 3385 Innocentii
1370 3351 1457 3385 tertii
1480 3360 1623 3396 tempora
1637 3353 1762 3388 videtur
1783 3354 1896 3390 multis
1905 3354 1938 3385 in
1963 3351 2046 3386 locis

1174 3401 1266 3437 fuisse
1280 3400 1376 3446 plene
1394 3401 1582 3439 excussum:
1608 3404 1732 3446 Tunc,
1756 3404 1886 3448 inquam
1899 3424 1910 3441 ‚
1934 3401 2045 3436 omnis

1893 3449 1995 3485 laicus
