2340 3762
73 567 210 610 cap-7³.

678 118 746 150 DE
780 106 1014 149 ocTA'vA
1047 104 1291 152 SYNODO
1325 104 1656 156 Geneann.

252 192 435 233 redditum,
461 190 687 234 imperitorum
705 191 798 236 gregi
819 189 1006 234 persuadere
1033 203 1132 227 cona·

252 253 308 279 tus
318 243 457 277 Phorius
468 241 574 275 emisit
587 239 675 278 hunc
687 240 860 279 Cauonem
874 265 886 281 ,
910 241 1041 284 ejusque
1066 253 1134 285 pra-

252 304 333 327 vum
356 293 390 327 δε
402 293 420 326 a
431 292 585 327 Romana
596 291 738 327 Ecclefia
750 291 980 329 alieniffimum
1005 293 1133 330 sensum

253 343 377 377 curavit
398 342 442 380 ab
452 342 606 387 Eugenio
635 342 668 375 ἀ
682 341 789 381 Paulo
801 341 993 387 Episcopis,
1017 353 1054 376 ac
1077 341 1135 376 Pe-

250 402 304 427 tro
314 391 508 434 Presbytero
533 390 726 433 cardinali,
753 390 887 441 Joannis
896 391 1001 430 οὲὶανί
1029 391 1136 437 Εεὲαν

250 442 294 477 tis
314 467 326 486 ,
352 436 544 485 approbari.
571 439 732 480 Eumdem
753 441 938 483 ArseniuS,
963 440 1134 479 Photianae

250 491 351 536 partis
360 490 542 529 monachus
553 490 727 526 Canonem
738 491 863 537 redegit
874 492 909 525 in
922 490 1007 526 hanc
1028 492 1136 536 Syno-

249 542 352 589 pfim:
380 546 454 576 Non
466 549 578 584 oportet
598 540 774 586 Episcopum
794 543 946 579 attonderi
959 566 973 588 ,
997 552 1033 576 ac
1054 543 1135 580 dein-

248 602 318 636 ceps
326 598 361 629 in
378 590 559 635 Episcopatu
568 604 688 632 manere
699 617 707 626 .

280 637 282 639 ¹
299 643 355 678 De
364 643 463 676 tertio
474 641 587 682 photii
599 642 740 683 Canone
751 641 851 678 habet
861 643 1005 686 superius
1022 641 1132 677 lauda·

243 700 283 729 *ta
294 691 514 727 Admonitio:
542 693 686 734 Postremo
697 700 854 731 recitatum
878 693 916 734 est
929 692 1133 733 Constantino·

243 742 413 787 politanum
424 744 604 785 symbolum,
631 746 666 778 6·
687 755 723 778 ne
742 746 818 788 quid
828 743 866 782 ab
888 745 987 787 aliquo
1007 744 1131 778 addere-

245 801 299 827 tur
321 817 333 834 ,
358 793 541 834 constitutum
559 820 568 827 .
596 793 716 838 ,Quibus
737 795 837 832 verbis
865 799 986 828 innuere
1009 793 1131 827 videtur

246 841 373 876 Phottus
383 844 468 876 illam
478 845 661 882 additionem
672 844 924 888 Symbolofadam
937 844 989 886 effi
1001 845 1131 884 spiritus

245 892 349 928 SanHi
359 893 674 936 dfiltoproreffionem,
699 905 791 934 quam
799 898 890 929 etiam
910 892 1019 934 palam
1040 896 1073 924 in
1096 901 1132 923 ea

242 942 354 979 synodo
364 945 540 987 impugnare
552 950 609 974 non
621 939 658 983 est
668 940 755 985 aufics
770 966 777 974 .
807 941 850 975 Et
862 941 897 975 in
908 940 993 979 libro
1005 940 1046 975 de
1058 941 1131 974 0610

243 988 451 1035 generalibus
469 990 613 1030 synodis
635 990 738 1027 Nilus
766 988 987 1028 schismaticus
1008 989 1133 1028 Metro-

242 1039 350 1083 polita
360 1037 573 1075 Rhodiorum
585 1053 597 1078 ‚-
625 1038 784 1084 Episcopu
792 1048 851 1083 pro
863 1046 1005 1078 communi
1033 1040 1132 1074 Eccle-

237 1087 352 1132 fiarum
375 1091 530 1122 concordia
552 1095 737 1136 congregans
759 1114 771 1132 ‚
804 1090 973 1131 ‚Presbyteri
1005 1088 1131 1140 senioris

243 1140 348 1175 Romae
368 1141 587 1177 conclamarunt
610 1152 624 1182 ;
654 1143 793 1178 Decorum
813 1140 852 1182 est
872 1139 952 1175 nibil
970 1145 1131 1181 innovari,

236 1186 298 1236 sed
306 1197 436 1227 veterem
447 1189 646 1232 definitionem
658 1215 670 1232 ,
694 1193 730 1226 <ir
741 1200 801 1228 toto
810 1191 878 1227 orbe
887 1191 1069 1228 obtinentem
1094 1202 1129 1229 ac

239 1238 420 1274 celebratam
440 1243 497 1286 legi
521 1242 557 1279 6,·
580 1239 744 1282 confirmari
769 1267 777 1274 .
824 1241 909 1286 Legi
929 1238 1131 1285 Ephefinum

240 1287 420 1324 Canonem
431 1289 472 1325 de
483 1300 553 1325 non
562 1288 715 1329 addendo
748 1290 790 1329 ad
811 1291 1007 1336 Symbolum
1021 1316 1028 1322 .
1055 1290 1132 1326 Per-

239 1337 293 1382 git
307 1338 425 1374 Nilus:
453 1339 554 1380 Postea
565 1344 672 1384 Legati
682 1345 786 1375 Romae
810 1352 844 1374 ac
856 1349 918 1375 tota
939 1342 1070 1379 synodus
1083 1352 1130 1375 ac-

235 1388 406 1423 clamavit:
432 1391 466 1427 si
483 1395 553 1434 quis
574 1391 645 1424 edat
667 1391 756 1425 allud
773 1390 956 1433 symbolum,
983 1398 1036 1424 aut
1053 1390 1129 1424 hanc

239 1436 442 1481 definitionem
472 1450 674 1481 commoveat,
700 1440 755 1478 vel
775 1441 925 1482 adjiciat,
950 1439 1131 1477 detrabat-ve

238 1489 405 1530 quidquam
424 1488 491 1521 bute
518 1488 602 1530 sacro
618 1488 780 1530 saumque
800 1489 926 1527 symbolo
950 1511 961 1527 ,
987 1489 1130 1531 quomodo

239 1534 346 1570 ledum
356 1536 395 1578 est
408 1561 418 1576 ‚
450 1534 658 1578 anathemaſse
671 1562 678 1568 .
707 1536 884 1582 Subjungit
906 1537 1005 1572 Nilus
1030 1537 1129 1580 Joan·

239 1583 294 1618 nis
304 1586 410 1622 ostavi
423 1585 598 1620 Pontificis
612 1585 653 1620 ad
665 1584 826 1621 Photium
850 1586 973 1619 litteras
989 1609 1001 1626 ‚
1031 1586 1129 1630 hujus

240 1632 393 1670 Canonis
404 1635 680 1676 confirmatum,
706 1633 725 1672 e
736 1633 853 1678 quibus
865 1634 956 1679 supra
979 1633 1127 1675 adductis

243 1682 393 1724 quaedam
415 1692 525 1726 repeto
542 1696 550 1715 z
581 1684 786 1731 significamus
798 1687 989 1720 Reverentia·
999 1685 1105 1725 vestrae
1115 1710 1127 1729 ‚

239 1741 277 1765 ut
287 1732 324 1766 de
342 1731 394 1766 boc
402 1735 525 1767 articulo
536 1758 546 1774 ,
571 1734 606 1767 ob
617 1745 705 1776 quem
720 1739 798 1769 inter
809 1733 952 1776 Ecclesia:
973 1738 1031 1768 Dei
1039 1733 1125 1779 stan,

240 1781 346 1817 dalum
356 1792 491 1816 exortum
502 1782 539 1824 eft
550 1806 561 1825 ,
586 1784 633 1817 ita
650 1785 689 1817 de
702 1783 785 1819 nobis
799 1782 972 1828 persuasum
991 1783 1104 1819 habeas
1113 1810 1125 1829 ‚

239 1832 321 1873 quod
341 1843 398 1865 non
417 1834 502 1868 modo
527 1844 584 1866 non
606 1833 733 1870 dicimus
754 1833 806 1867 boc
826 1833 1087 1868 additamentum
1113 1856 1125 1873 ,

235 1877 295 1923 sed
319 1882 409 1916 &eos
426 1907 437 1922 ‚
466 1887 517 1924 qui
522 1883 657 1926 primum
667 1882 732 1925 aufi
731 1881 804 1926 fimt
810 1881 869 1926 sua
884 1887 1052 1916 temerttate
1072 1880 1124 1916 hoc

233 1927 341 1972 facere
352 1953 363 1970 ‚
388 1930 610 1975 transsreffoees
620 1935 799 1967 Divinarum
810 1933 1022 1968 mandatorum
1032 1929 1120 1975 cense-

236 1989 328 2018 mus,
353 1980 461 2014 &cum
466 1982 499 2025 J
501 1980 563 2011 uda
588 1981 773 2014 collocamus.

290 2027 473 2070 Epistolam
511 2025 598 2059 hanc
625 2029 689 2060 effe
714 2029 894 2071 cujuspiam
934 2029 1122 2072 posterioris

241 2074 386 2111 Graeculi
407 2076 603 2120 figmentum
627 2086 726 2110 nemo
741 2087 809 2110 non
834 2076 941 2111 videt.
968 2079 1122 2122 Figmen-

237 2133 311 2160 tum
323 2126 454 2169 penitus
467 2123 608 2161 mendax
620 2150 628 2158 .
655 2125 791 2160 Etenim
804 2125 957 2163 Romana
968 2128 1030 2163 isto
1041 2139 1120 2163 tem-

238 2186 317 2219 pore
341 2175 485 2209 Ecclefia
509 2186 614 2219 neque
636 2175 775 2211 addebat
797 2176 960 2221 Symbolo
980 2202 991 2217 ‚
1016 2189 1121 2223 neque

236 2225 344 2268 ipsum
359 2225 399 2259 ad
421 2224 590 2259 Missarum
607 2225 755 2260 solennia
779 2226 954 2268 cantabat,
978 2227 1120 2273 ideoque

240 2274 327 2308 inter
341 2275 441 2318 ipsam
468 2276 501 2310 ὃ(
515 2275 690 2310 Ecclesiam
713 2276 1119 2320 Constantinopolitanam

239 2325 330 2358 nulla
341 2325 403 2359 effe
415 2335 539 2367 poterat
551 2325 685 2368 desuper
711 2326 884 2360 contentio
898 2352 905 2360 .
932 2326 1001 2361 Soli
1025 2328 1120 2362 adde-

238 2373 321 2409 bant
346 2375 482 2415 Franci,
509 2375 627 2409 Graecis
652 2385 782 2419 propter
805 2375 999 2410 Occidentis
1021 2377 1118 2421 impe·

238 2424 324 2457 rium
336 2424 466 2467 peffime
474 2424 579 2459 exosi.
612 2425 705 2459 Hinc
717 2436 774 2460 eos
783 2435 950 2468 tamquam
961 2427 979 2460 a
993 2427 1118 2471 Joanne

238 2471 403 2507 Pontifice
427 2474 461 2508 δε
489 2474 640 2509 Romana
664 2474 805 2510 Ecclesia
828 2474 1118 2513 anathematizatos

237 2523 272 2557 ὃ(
285 2522 325 2556 ad
338 2521 451 2565 Judam
466 2524 606 2566 abjeilos
626 2524 770 2559 mendax
795 2525 830 2559 &
849 2537 958 2570 nugax
979 2526 1118 2569 epistolae

237 2574 399 2606 confictor
421 2574 600 2616 proscindit
622 2600 629 2608 .
668 2575 791 2609 Verum
814 2573 955 2610 Photius
974 2577 1117 2612 Francos

238 2633 410 2667 nunquam
429 2624 588 2663 offendit,
616 2623 669 2659 sed
693 2625 787 2659 omni
808 2625 891 2659 dolo
913 2625 1037 2660 studuit
1058 2626 1115 2661 fibi

237 2672 383 2716 adligare
397 2698 405 2705 .
433 2673 567 2708 Etenim
578 2674 752 2710 Ludovico
769 2673 922 2720 Augusto
934 2699 946 2716 ,
971 2676 992 2709 fi
1014 2676 1115 2711 Nico·

237 2721 328 2755 laum
340 2721 538 2758 Pontificem
553 2725 662 2759 Roma
674 2736 712 2758 ac
722 2723 817 2758 Italia
827 2725 956 2769 ejiceret
966 2749 978 2765 ,
999 2726 1115 2760 Orien·

236 2771 304 2804 tale
328 2772 502 2815 spopondit
530 2773 724 2817 Imperium,
749 2774 779 2808 ei
791 2783 946 2819 tanquam
960 2774 1113 2821 legitimo

235 2819 430 2856 Occidentis
453 2823 641 2866 Imperatori
664 2824 849 2859 faustiffima
872 2824 1064 2860 acclamavit
1077 2827 1110 2860 in

237 2869 377 2911 Synodo
401 2871 591 2917 imaginaria
614 2897 625 2913 ‚
650 2873 683 2907 δε
704 2872 910 2908 Gallicanam
932 2875 1109 2910 Ecclesiam

236 2917 297 2952 fibi
318 2919 466 2954 adversus
489 2920 631 2956 eundem
644 2922 843 2957 Pontificem
868 2924 903 2958 ὃ(
924 2923 1109 2959 Romanam

234 2968 354 3002 Sedem
387 2971 567 3005 consentire
578 2972 745 3007 blateravit
758 2996 769 3013 ,
794 2972 937 3017 adeoque
954 2972 1012 3008 fibi
1034 2986 1111 3009 con-

234 3018 402 3052 tentiones
410 3018 473 3053 esse
485 3031 555 3055 non
567 3032 641 3055 cum
652 3022 779 3056 Latinis
793 3023 919 3057 cunctis
930 3047 941 3064 ,
968 3023 1022 3059 sed
1032 3036 1106 3059 cum

233 3067 312 3101 solis
338 3066 448 3109 Italis,
475 3071 641 3114 praesertim
664 3073 844 3107 Romanis.
871 3072 1013 3108 Hincde
1023 3074 1106 3110 fasto

233 3126 290 3159 per
301 3118 441 3152 Francos
451 3119 601 3162 Symboli
618 3120 841 3158 additamento
864 3134 1032 3167 nunquam
1052 3137 1105 3159 au-

232 3166 283 3199 sus
293 3167 357 3201 fuit
383 3168 432 3202 vel
444 3171 583 3204 mutire.
613 3170 655 3204 Et
666 3171 734 3215 ejus
744 3172 910 3208 adversum
936 3174 1105 3210 Romanos

231 3216 394 3252 calumnia
410 3219 472 3252 fuit
483 3219 523 3253 de
534 3220 600 3253 sola
610 3220 744 3263 Spiritus
765 3222 873 3257 Sancti
885 3223 1083 3266 proceffione
1095 3251 1103 3259 .

232 3264 321 3300 Nam
347 3268 382 3301 ὃς
402 3268 443 3302 ad
457 3268 698 3313 Aquilejensem
712 3272 1025 3316 Archi-Episcopum
1037 3274 1102 3310 edi-

229 3314 280 3350 dit
303 3316 481 3360 Epistolam
507 3323 552 3353 De
574 3318 842 3363 blasphemantibus
860 3324 1004 3364 spiritum
1025 3326 1099 3358 San-

230 3363 310 3399 Hum
334 3369 415 3403 &ex
425 3369 484 3411 filio
489 3371 659 3414 procedere.
686 3371 802 3407 Edidit
823 3372 902 3408 item
929 3371 1101 3418 Amphilo-

1897 128 1963 175 40
1976 128 1998 173 5

1197 187 1271 226 chia
1285 214 1296 230 ,
1322 190 1440 228 librum
1464 194 1642 237 grandem,
1667 198 1757 242 cujus
1779 198 1914 235 titulus:
1940 205 1987 236 De
2005 205 2072 245 spi-

1196 246 1257 275 ritu
1276 240 1385 273 sanan
1402 238 1558 284 disciplina
1576 252 1695 278 ‘arcana
1725 272 1738 288 ,
1761 250 1797 283 ύ·
1828 254 2075 292 quemadmodum

1197 290 1279 333 filius
1289 301 1327 324 ex
1331 287 1391 332 solo
1402 293 1517 332 Patre,
1541 257 1647 330 115⁸&
1658 295 1785 336 spiritus
1809 299 1935 336 Samqus
1954 312 1992 334 ex
2009 301 2076 344 sola

1198 342 1356 383 eademque
1372 339 1460 385 causa
1479 343 1613 383 procedit
1628 366 1641 383 ,
1677 344 1783 378 dicitur
1806 357 1905 384 tamen
1922 350 2052 394 filit-effi
2064 375 2077 392 ‚

1199 398 1354 437 tamquam
1365 396 1416 435 qui
1427 389 1735 436 lllitonsubstantialis
1746 392 1783 438 est
1797 418 1809 435 ,
1833 397 1914 430 (aab
1933 411 1963 435 eo
1983 406 2077 433 mitti-

1200 448 1248 473 tur
1259 464 1266 471 .
1293 437 1391 478 Liber
1411 440 1467 476 ille
1478 440 1597 477 dicitur
1610 441 1849 486 Amphilochia
1864 468 1876 486 ,
1903 457 1970 481 non
1986 448 2077 493 quod

1196 500 1239 523 ex
1251 490 1358 524 Sancti
1372 489 1603 534 Amphilochii
1615 491 1793 528 Iconienfis
1827 493 2077 541 Archiepiscopi

1198 539 1365 575 sententiis
1391 539 1603 584 depromptus
1623 543 1660 576 fit
1678 565 1689 583 ,
1715 543 1769 578 sed
1791 543 1881 590 quod
1904 543 2080 590 Amphilo-

1197 588 1275 624 chio
1300 588 1688 634 Pseudo-Metropolitae
1710 592 1881 640 Cyziceno
1908 618 1920 636 ‚
1945 606 2002 639 per
2021 607 2082 630 no·

1199 639 1295 672 stram
1316 637 1489 682 Synodum
1509 638 1665 676 damnato
1687 664 1700 682 ‚
1727 642 1901 687 inscriptus
1920 645 1975 685 fit,
2000 644 2082 689 ejus-

1196 699 1260 732 que
1269 698 1428 724 trecentas
1452 689 1653 725 &tredecim
1666 692 1859 737 quaestiones
1868 694 1997 729 enodet.
2024 695 2079 729 Ex

1197 750 1265 782 quo
1278 738 1380 783 liquet
1393 750 1461 777 non
1472 741 1557 780 effe,
1584 739 1675 784 quod
1699 740 1800 784 aliqui
1825 755 1969 786 putant,
1995 755 2080 788 opus

1197 787 1427 833 Metrophanis
1449 789 1673 835 Metropolitae
1694 791 1919 837 Smyrnenfis‚
1946 794 2007 830 viri
2030 806 2081 830 or-

1197 837 1338 873 thodoxi
1359 862 1372 880 ‚
1396 839 1432 874 &
1459 838 1633 877 Photianis
1656 839 1698 875 ad
1720 841 1822 885 usque
1839 851 1978 878 mortem
1999 855 2082 880 con-

1194 885 1314 923 stanter
1342 888 1483 923 adverfi.
1512 888 1677 928 Adversus
1707 890 1857 934 symboli
1879 891 2081 928 additamen-

1195 945 1268 974 tum
1279 937 1365 971 nihil
1382 939 1489 983 scripti
1509 938 1651 975 Photius
1663 940 1766 975 emifit
1780 967 1787 976 .
1815 940 1859 977 Et
1881 940 1960 977 hinc
1974 940 2079 977 verius

1194 985 1262 1027 est,
1287 987 1378 1031 quod
1402 989 1513 1023 tertius
1534 988 1628 1033 hujus
1651 991 1779 1033 Synodi
1803 991 1923 1028 Canon
1948 992 1991 1027 de
2013 992 2083 1028 sola

1196 1036 1336 1080 Spiritus
1364 1037 1683 1084 Sanstiproceffione
1695 1039 1864 1082 statuerit,
1890 1042 1925 1075 ἀ
1948 1041 2083 1084 quidem

1194 1085 1310 1124 dolose
1336 1086 1371 1120 &
1395 1097 1451 1130 per
1471 1085 1648 1132 ambages:
1677 1090 1760 1120 Eam
1779 1092 1886 1129 palam
1909 1096 2083 1134 impugnare

1195 1147 1253 1174 non
1262 1135 1301 1178 est
1309 1134 1416 1179 ausus.
1444 1134 1559 1174 Photii
1573 1136 1742 1185 posteritas
1753 1137 1896 1184 primum
1921 1141 2022 1186 coepit
2042 1139 2085 1176 de

1195 1185 1423 1223 additamento
1438 1186 1578 1232 litigare.
1767 1231 1770 1233 -
2101 1231 2106 1237 ¹

1246 1238 1347 1280 Super
1365 1236 1435 1281 ejus
1456 1235 1631 1272 horrendis
1653 1237 1882 1283 iniquitatibus
1899 1239 2023 1275 Divina
2037 1239 2086 1284 iu·

1195 1286 1282 1322 stitia
1294 1298 1363 1322 non
1374 1287 1550 1322 dormivit.
1578 1288 1644 1322 Eas
1655 1288 1721 1332 ipse
1732 1289 1908 1332 complevit
1922 1290 1956 1323 in
1974 1289 2085 1326 Bafilii

1197 1336 1340 1382 Augusti
1365 1337 1472 1373 filium
1491 1337 1646 1373 'Leonem
1668 1339 1844 1382 sapientem
1862 1337 2084 1384 machinans,

1195 1388 1281 1423 acin
1295 1396 1449 1432 nepotem
1462 1389 1557 1424 suum
1572 1399 1710 1426 conatus
1721 1390 1894 1433 imperium
1917 1389 2080 1426 derivare.

1195 1436 1290 1470 Hinc
1301 1437 1440 1480 imperio
1450 1438 1521 1482 post
1556 1438 1663 1473 Patris
1674 1449 1815 1474 mortem
1834 1440 1985 1475 admotus
2008 1439 2081 1475 Leo

1195 1484 1356 1521 Photium
1366 1497 1446 1520 mox
1456 1486 1550 1530 ejecit
1563 1488 1635 1521 sede
1648 1485 1858 1523 Patriarchali
1870 1512 1880 1528 ,
1907 1488 2019 1522 clausit
2044 1499 2080 1525 ut

1193 1534 1407 1579 degradatum
1434 1536 1469 1569 δε
1491 1534 1679 1572 seditiosum
1701 1538 1736 1570 in
1760 1536 1996 1572 Armeniorum
2011 1549 2082 1573 mo·

1192 1583 1332 1622 nasserio
1343 1608 1354 1624 ‚
1381 1584 1508 1622 rursum
1520 1587 1644 1620 curavit
1657 1585 1805 1622 damnari
1823 1587 1840 1620 ὲ
1853 1587 2004 1622 Romana
2019 1588 2082 1623 Ec-

1192 1633 1284 1668 clesia
1297 1659 1309 1675 ,
1334 1632 1504 1670 &throno
1523 1634 1734 1671 patriarchali
1761 1637 1920 1681 imposuit
1946 1636 2081 1681 Stepha-

1192 1694 1273 1718 num
1284 1682 1427 1727 ejusdem
1439 1684 1586 1721 Ecclefiae
1601 1687 1791 1722 Diaconum
1803 1713 1814 1727 ‚
1840 1689 1970 1723 fratrem
1985 1689 2077 1724 suum

1192 1733 1396 1768 Germanum
1408 1760 1415 1768 .
1446 1733 1551 1770 Addit
1576 1735 1704 1781 Synodi
1726 1737 1842 1772 nostrae
1854 1736 2052 1771 Breviarium
2065 1762 2077 1779 ,

1193 1784 1339 1817 Ecclefiae
1361 1784 1743 1826 Constantinopolitanae
1772 1785 1872 1818 valvis
1903 1784 2074 1821 adfixum:

1191 1830 1315 1863 Photius
1340 1833 1549 1875 quadraginta
1571 1838 1701 1875 quinque
1721 1840 1810 1868 annis
1831 1836 1877 1868 ad
1896 1834 2071 1870 hodiernum

1189 1877 1280 1920 usque
1291 1881 1389 1920 diem,
1415 1881 1535 1923 apapa
1546 1890 1647 1923 nempe
1660 1885 1755 1916 Leone
1777 1895 1893 1928 quarto
1915 1883 2004 1927 usque
2031 1888 2077 1920 ad

1188 1925 1357 1969 Formosum
1374 1932 1727 1970 excommunicatusfuit.
1757 1937 1782 1965 Α
1808 1933 1998 1975 Pontificibus
2016 1939 2075 1970 Ro-

1188 1981 1286 2010 manis
1309 1979 1407 2011 Leone
1427 1987 1545 2019 quarto
1568 2003 1580 2019 ,
1606 1980 1766 2014 Beneaielo
1792 1983 1891 2016 tertio
1911 2007 1921 2023 ‚
1948 1987 2073 2019 Nicolao

1187 2026 1295 2070 primo
1315 2050 1326 2067 ,
1354 2027 1483 2061 Adriano
1507 2029 1671 2071 secundo,
1689 2035 1818 2078 Joanne
1840 2034 1955 2069 octavo
1967 2058 1979 2075 ,
2005 2038 2073 2068 Ma-

1186 2081 1250 2109 rino
1272 2077 1399 2121 primo,
1426 2079 1560 2112 Adriano
1583 2080 1702 2120 tertio,
1727 2081 1874 2123 stephano
1895 2085 1987 2119 sexto
2000 2109 2010 2125 ,
2035 2086 2072 2121 (τ

1186 2125 1322 2171 Formoso
1335 2151 1346 2166 ‚
1371 2127 1572 2162 anathematis
1576 2129 1708 2170 fulmine
1710 2131 1778 2173 fuit
1794 2133 1871 2166 mus
1887 2158 1894 2166 .
1923 2135 1975 2168 Ex
2001 2146 2069 2178 quo

1185 2176 1287 2221 liquet
1300 2188 1375 2211 eum
1387 2179 1486 2221 usque
1497 2177 1538 2213 ad
1551 2180 1697 2215 Formofi
1713 2180 1949 2218 Pontificatum
1966 2185 2071 2227 super·

1184 2227 1295 2260 vixiffe
1317 2252 1325 2258 .
1352 2227 1446 2275 Qid
1472 2229 1604 2264 interim
1631 2230 1732 2276 egerit
1752 2256 1763 2272 ,
1791 2232 1847 2266 ubi
1872 2233 1905 2267 ὅς
1931 2234 2068 2278 quando

1182 2276 1354 2311 defunctus
1379 2288 1416 2311 ac
1438 2278 1581 2321 sepultus
1600 2279 1639 2314 fit
1666 2305 1678 2321 ,
1704 2281 1910 2316 occultarunt
1933 2284 2002 2326 eius
2025 2285 2070 2318 se-

1182 2337 1300 2370 quaces
1312 2351 1323 2366 ‚
1344 2326 1378 2359 &
1392 2326 1456 2361 huc
1468 2329 1570 2372 usque
1581 2329 1792 2374 ignoramus:
1820 2332 1962 2367 Nullum
1973 2334 2070 2368 novi-

1180 2387 1252 2410 mus
1265 2375 1377 2411 Photii
1398 2377 1602 2419 sepulchrum
1617 2404 1629 2421 ‚
1655 2381 1711 2414 nifi
1729 2382 1849 2416 inferni
1871 2383 1964 2428 ignes
1987 2385 2067 2418 sem-

1179 2426 1335 2469 piternos.
1364 2426 1504 2462 Causam
1518 2429 1552 2462 in
1569 2430 1708 2472 Synodo
1722 2431 1913 2466 Florentina
1927 2432 2066 2476 aperuis-

1180 2476 1212 2509 se
1232 2474 1360 2510 videtur
1380 2475 1514 2511 Marcus
1537 2476 1837 2524 Archi-Episcopus
1863 2482 2063 2527 Ephefinus:

1184 2528 1239 2559 Ex
1251 2525 1357 2568 rojam
1380 2525 1470 2561 diaae
1496 2527 1762 2572 Pseudo-Synodi
1784 2539 1912 2573 tempore
1932 2531 2062 2565 adhunc

1177 2572 1268 2617 usque
1288 2576 1366 2609 diem
1389 2581 1421 2608 in
1434 2588 1543 2619 magna
1555 2578 1841 2621 constantinopoleos
1865 2580 1993 2622 Ecclesia
2013 2583 2061 2613 ita

1176 2625 1309 2667 legitur:
1338 2624 1563 2662 OMNIBUS
1585 2652 1596 2667 ,
1622 2628 1751 2675 QUAE
1778 2630 2059 2678 ADVERSUM

1177 2673 1397 2710 SANCTOS
1421 2674 1769 2713 PATRIARCHAS
1812 2679 2056 2715 PHOTIUM

1176 2723 1243 2758 ET
1269 2723 1527 2760 1GNAT1tJM
1554 2727 1757 2762 SCR1PTA
1786 2727 1881 2763 VEL
1895 2729 2052 2765 DICTA

1175 2773 1333 2816 SUNT,
1360 2773 1647 2811 ANATHEMA
1668 2802 1674 2808 .
1700 2778 1835 2825 Quaevis
1857 2777 1971 2814 Photii
1993 2791 2053 2824 op-

1174 2823 1302 2868 probria
1315 2823 1736 2863 Schismaticianathemate
1759 2828 1978 2873 damnarunt,
2003 2838 2051 2864 at·

1173 2885 1237 2917 que
1248 2874 1292 2908 ita
1303 2874 1528 2910 occultarunt.
1559 2877 1629 2911 Alii
1643 2876 1784 2912 illumin
1800 2878 1866 2915 fine
1888 2880 1960 2913 vitae
1984 2890 2051 2923 poe-

1173 2924 1324 2964 nituisse,
1350 2925 1406 2959 alii
1431 2926 1574 2961 Romam
1594 2927 1748 2962 adversus
1769 2928 1916 2963 Leonem
1935 2929 2050 2974 Augu·

1171 2974 1252 3008 stum
1264 2975 1433 3020 appellasse
1458 2976 1490 3012 δε
1504 2977 1612 3018 ivisse,
1637 2988 1735 3021 atque
1758 2978 1794 3012 in
1817 2977 1975 3014 Romanae
1988 2980 2048 3013 Ec·

1169 3023 1267 3057 clefiae
1277 3025 1415 3068 gratiam
1427 3024 1552 3060 rediisse
1563 3051 1573 3068 ‚
1600 3027 1655 3064 alii
1670 3028 1710 3062 de
1722 3027 1792 3072 ipso
1811 3028 1875 3065 alia
1888 3040 2042 3066 memora·

1169 3080 1205 3108 tu
1216 3072 1353 3120 indigna
1366 3075 1439 3111 sunt
1451 3077 1601 3113 mentiti.
1840 3074 1844 3077 ’

1811 3425 1982 3462 CAPUT
