2340 3762
51 2920 144 2951 Locus
154 2919 208 2950 me·

50 2957 138 2992 dolus
148 2978 156 2987 .

615 172 680 202 nxz
717 172 952 202 OCTAVA
988 158 1230 202 SYNODO
1264 154 1605 203 GENERALl.

275 239 505 276 Nihilominus
524 240 643 286 Legati
665 241 813 276 Romani
830 241 1097 277 intercesserunt.-

225 292 401 325 Audivimus
414 315 423 330 ‚
449 289 596 333 quia-sunt
607 291 732 334 quidam
739 299 875 325 errantes
897 302 934 323 ex
957 289 1102 334 consecra·

223 346 302 374 tione
324 342 481 381 Beatiffimi
500 340 646 375 Metboda
670 341 703 374 ἀ
719 340 887 380 Σαηᾶιᾙῖνηὶ
911 344 1042 383 Ignatii,
1067 341 1101 373 ὅ(

225 387 354 431 nesciunt
365 393 439 433 quid
450 391 490 432 fit
509 397 612 433 pietas
637 391 670 424 δε
690 390 887 433 misericordia
900 389 1016 433 sanda
1047 393 1100 426 Dei

1162 239 1296 273 debimus
1308 262 1319 278 ,
1345 247 1377 271 tu
1390 246 1491 272 tamen
1511 236 1654 271 inchoatae
1661 249 1717 281 pro
1726 243 1857 287 Eeclefiae
1872 246 1954 286 statu
1967 250 2032 288 pic.

1163 295 1238 322 tatis
1249 288 1327 322 nibil
1336 290 1453 323 omnino
1465 290 1605 322 mercedis
1616 290 1772 324 lucraberis
1781 317 1788 324 .
1814 302 1816 305 ’

1212 337 1335 372 Aderat
1356 349 1431 371 cum
1456 336 1604 383 Collegis
1624 339 1686 372 suis
1709 339 1870 378 Ludovici
1890 343 2035 390 Augusti

1166 389 1299 433 Legatis
1321 388 1507 421 Anastafius
1536 386 1808 424 Bibliothecarius
1827 413 1838 430 ,
1871 394 1904 426 ὅ(
1926 394 2035 428 dixit:

226 437 361 480 Ecclefiae
385 451 475 483 atque
488 442 635 481 judicium
654 465 664 481 ,
689 442 723 474 ἀ·
746 442 810 474 ideo
830 449 958 473 renuunt
974 437 1118 500 scriberet
1163 443 1235 471 Non
1257 439 1338 471 decet
1357 441 1584 478 imperatoriam
1618 438 1793 480 Potestatem
1813 441 1906 473 antea
1935 443 2036 481 facere

223 492 391 525 Romanum
413 490 540 524 libellum
560 515 570 529 ,
595 502 679 533 quem
698 490 772 531 mifit
797 490 992 531 Saniltffimus
1014 493 1102 530 Papa

226 539 378 574 Adrianus
391 565 398 571 .
426 544 503 573 Ante
513 546 611 574 omnia
632 544 699 585 ergo
719 541 900 577 mandamus
922 540 992 573 bono
1012 541 1101 573 cultui

224 589 320 629 vestro
353 613 364 630 ,
390 599 423 622 ut
440 596 517 623 eatis
541 592 586 623 ad
603 602 649 624 eos
667 615 678 631 ,
707 591 740 625 ὃς
754 589 914 633 secundum
934 595 1102 624 canonicam

226 639 428 672 affluitatem
454 640 608 683 accersatis
631 652 677 674 eos
698 665 709 680 ,
734 642 780 673 ita
815 642 965 674 dicentes:
991 640 1102 672 Sanlla

226 690 354 727 synodus
377 690 507 723 advocat
528 702 583 723 vos
595 715 605 730 ‚
631 698 663 722 ut
667 690 795 732 faciatis
808 693 887 733 quod
899 691 1045 724 decretum
1068 690 1101 722 ὅ(

224 737 361 782 eenfitum
382 740 421 780 est
443 741 614 773 auc‘loritate
636 765 646 781 ‚
682 741 715 774 ἀ
732 738 936 783 suscipiamini
960 742 980 772 ὰ
996 737 1102 782 sanc‘la

225 790 351 830 Synodo,
378 796 559 832 nequeenim
579 792 647 823 vult
667 791 803 823 claudere-
823 788 936 832 viscera
953 788 1010 832 sua
1023 813 1034 829 ,
1059 794 1102 821 in-

226 844 310 872 vitat
330 850 397 883 ergo
420 851 473 873 vos
485 846 609 880 venire,
634 851 669 872 ac
685 839 845 883 ,siccandum
864 840 954 872 libelli
974 836 1102 879 satisfa-

224 888 346 921 dionem
374 889 473 930 facite
492 913 503 929 ‚
541 890 787 930 quomadmodum
822 887 856 919 ὃς
893 892 993 919 caeteri
1014 885 1103 926 vestri

218 937 338 979 fratres
352 937 510 977 fecerum,
537 935 704 979 &suscipit
728 947 782 969 vos
790 934 898 978 sanc‘la
923 935 958 968 ἅτ
984 943 1102 969 univerae

223 985 298 1029 salis
320 986 444 1024 synodus
468 1011 474 1017 .
499 985 627 1020 Placuit
649 985 714 1020 hoc
735 985 860 1019 sedium
881 986 1103 1020 Orientalium

224 1036 380 1080 Legatis‚
407 1036 556 1079 miffique
578 1036 654 1069 sunt
674 1034 715 1069 ad
727 1033 943 1070 Theodulum
964 1037 1103 1078 Ancyrae

225 1087 261 1120 &
282 1084 511 1129 Nicephorum
534 1085 655 1120 Nicaeae
676 1085 926 1128 Metropolitatn
951 1093 1014 1119 tres
1037 1086 1103 1129 jam

224 1134 350 1170 laudati
362 1136 585 1179 Metropolitae
596 1159 607 1175 ,
633 1136 666 1169 &
678 1146 869 1178 acceperunt
880 1133 944 1169 hoc
957 1134 1105 1179 Respon-

225 1187 318 1221 sum:
347 1189 392 1219 De
397 1185 543 1228 proposita
560 1184 770 1228 subscriptione
788 1191 931 1219 rationem
951 1186 1104 1220 reddimus

225 1235 384 1269 Sanllitati
402 1235 526 1277 vestroe,
555 1240 626 1278 quia
644 1244 768 1278 propter
788 1236 984 1269 rationabiles
1011 1237 1046 1269 (τ
1064 1241 1104 1268 ir-

227 1287 424 1322 rationabiles
446 1284 693 1330 subscriptiones,
722 1297 791 1327 quae
808 1287 880 1320 ante
893 1286 990 1328 fallae
1007 1284 1081 1328 sunt
1093 1309 1104 1325 ,

221 1343 353 1383 gravati
364 1337 520 1379 definimus
533 1348 585 1370 nos
611 1338 646 1370 &
667 1336 816 1370 vinculum
838 1335 1026 1378 imposuimus
1048 1347 1106 1368 non

223 1388 349 1425 ulterius
368 1386 547 1430 subscribere
563 1394 678 1429 praeter
703 1388 740 1420 id
759 1411 770 1426 ,
795 1388 873 1428 quod
887 1384 1106 1429 subscrip-firmis

223 1439 261 1471 Θ
277 1437 396 1480 prqfeffi
409 1435 516 1480 sumus
538 1437 611 1478 fidei
636 1436 739 1476 nofirae
759 1436 935 1476 symbolum,
963 1437 1043 1476 quod
1054 1437 1106 1476 ja—

224 1497 271 1520 cet
291 1492 324 1520 in
341 1486 583 1527 carthophylacio
608 1485 789 1518 venerabilis
824 1484 1011 1516 Patriarebae
1034 1493 1103 1517 tem-

221 1545 296 1579 pore
317 1535 539 1579 consecrationis
561 1534 664 1576 nostrae
689 1561 696 1568 .
724 1537 848 1576 Propter
874 1534 952 1575 quod
985 1534 1106 1568 dicimus

224 1586 311 1620 vobis
331 1611 342 1626 ,
377 1588 411 1619 (9
434 1596 569 1628 rogamus
589 1584 728 1628 sanblam
750 1586 893 1622 synodum
912 1609 922 1624 ,
942 1583 972 1624 fi
983 1585 1105 1625 poffibile

226 1635 287 1676 est,
313 1635 466 1678 indulgeat
481 1634 582 1674 nobis,
612 1636 694 1676 quod
716 1633 943 1667 deliberavimus
958 1633 1105 1676 servare,

225 1683 315 1729 usque
335 1685 406 1718 dum
423 1689 593 1717 vixerimus
616 1709 624 1718 .
651 1685 786 1718 Diversa
812 1696 849 1718 ac
871 1684 1000 1719 adversa
1024 1684 1105 1728 jura-

223 1745 333 1769 tarum
356 1734 589 1777 professionum
613 1732 840 1779 chyrographa
866 1734 900 1768 ὅ(
927 1734 1105 1776 formulas,

221 1783 389 1829 grassante
399 1782 464 1818 hoc
476 1782 647 1818 schismate
658 1808 670 1824 ,
697 1786 731 1818 δε
743 1783 934 1818 Patriarcha
959 1783 1107 1829 Ignatius

222 1833 395 1868 &adulter
419 1832 558 1868 Photius
575 1844 773 1879 exegerant,
799 1844 895 1877 atque
913 1835 958 1868 ita
987 1834 1106 1867 multo·

221 1893 298 1918 tum
331 1884 431 1918 etiam
460 1884 705 1927 ⁴Episcoporum
741 1884 955 1919 conscientias
992 1881 1106 1914 multis

222 1932 381 1976 scrupulis
401 1932 614 1975 illaquearant
634 1947 645 1966 .·
671 1934 765 1966 Hinc
788 1933 959 1967 memorati
982 1933 1106 1965 Metro·

221 1982 334 2028 politae
365 1980 562 2015 Theodulus
598 1982 638 2016 &.
667 1980 875 2026 Nicephorus
911 1980 1105 2016 orthodoxae

222 2031 301 2066 fidei
336 2043 374 2063 ac
396 2028 622 2063 Patriarchalis
653 2031 850 2064 obedientiae
876 2032 1104 2073 profeffionern

222 2081 261 2115 in
283 2081 338 2113 sua
362 2079 604 2113 consecratione
624 2080 740 2112 fastam
763 2079 930 2122 protestati
950 2079 968 2111 a
981 2080 1013 2113 se
1026 2081 1104 2114 sem-

222 2141 280 2176 per
319 2126 506 2163 servandam
533 2152 544 2168 ,
581 2129 617 2161 δε
645 2128 687 2162 ad
715 2127 854 2163 eandem
878 2129 1103 2162 innovandam

222 2179 351 2224 parati,
378 2179 486 2213 dixere
509 2177 701 2212 Romanum
722 2178 871 2213 libellum
886 2190 953 2212 non
975 2177 1106 2213 essene·

223 2230 392 2264 cessarium
406 2253 416 2269 ,
444 2226 582 2272 ideoque
601 2229 643 2262 ab
653 2227 720 2271 ejus
742 2228 936 2272 profeffione
948 2228 1104 2273 supplica-

224 2290 302 2314 runt
317 2280 481 2314 excusari.

276 2329 402 2364 Verum
421 2327 541 2364 latebat
561 2329 680 2374 anguis
699 2328 735 2363 in
748 2328 846 2365 herba
857 2353 868 2369 ‚
894 2328 950 2373 qui
976 2328 1046 2372 post
1062 2329 1107 2362 fa-

224 2379 309 2414 &am
329 2379 501 2423 Synodum
521 2380 660 2413 exseruit
682 2390 780 2423 caput
794 2379 1040 2422 nequiffimum,
1065 2377 1106 2412 de

225 2429 338 2472 quoin
353 2430 462 2472 primae
474 2428 620 2463 Affionis
649 2429 823 2474 marginali
848 2428 974 2463 scholio
996 2428 1105 2462 scribit
1124 2436 1127 2451 ¹

226 2477 411 2513 Anastasms
451 2477 721 2513 Bibliothecarius
757 2493 764 2512 ε
817 2478 972 2521 Postquam
1008 2489 1104 2512 omnes

224 2529 416 2562 Graecorum
430 2527 583 2572 Episcopi
605 2528 799 2573 chyrographa
813 2528 871 2571 sua
886 2528 1042 2570 fecerunt,
1069 2530 1103 2562 (tt
1121 2540 1125 2589 f

226 2577 344 2618 testibus
375 2578 513 2611 roborata
536 2579 743 2620 tradiderunt,
765 2578 958 2621 surrexerunt
981 2579 1107 2621 quidam

226 2639 325 2661 eorum
337 2652 348 2669 ,
373 2629 408 2661 (τ
428 2629 471 2659 ad
490 2627 700 2669 Sancqiffimum
723 2628 933 2662 patriarcham
954 2633 1106 2672 Ignatium

226 2686 316 2719 atque
343 2679 388 2710 ad
412 2676 554 2718 Basiliam
576 2682 795 2719 Imperatorem
807 2680 977 2712 accedentes
998 2677 1105 2721 secreto

226 2728 372 2759 dixerunt
397 2739 455 2760 non
477 2727 548 2760 hene
567 2727 688 2769 saelum
699 2728 787 2771 fuisse
815 2753 824 2768 ,
850 2730 931 2771 quod
951 2726 1105 2768 Ecclefiam

224 2776 582 2818 Constantinopolitanam
600 2785 689 2811 tanta
694 2777 874 2820 subjedione
892 2777 981 2821 subdi
1002 2781 1107 2810 Roma-

226 2836 279 2858 η·
307 2825 439 2867 Ecclefiae
456 2825 642 2869 permiserint
654 2852 664 2867 ,
689 2829 733 2860 ita
753 2838 788 2861 ut
808 2828 886 2861 banc
906 2833 933 2861 ei
950 2837 1107 2871 tamquam

228 2877 367 2907 Dominae
379 2878 518 2909 ancillam
530 2878 728 2910 tradiderint.
757 2878 878 2921 ,Quibus
901 2878 1002 2912 verbIs
1015 2883 1107 2920 Impr-

228 2933 311 2957 rater
330 2933 484 2957 commotus
508 2927 580 2966 iuffit
610 2927 791 2960 Primoribus
813 2952 823 2968 ‚
856 2933 907 2970 qui
927 2933 1106 2961 Vicariorum

230 2975 315 3007 Sedis
329 2973 493 3016 apostolica
498 2974 624 3015 servitio
639 2978 852 3019 deputaverint
861 2988 951 3011 unum
964 3002 974 3017 ,
1001 2978 1045 3010 illi
1065 2979 1108 3010 ad

228 3026 359 3066 aliquam
387 3023 542 3065 Ecclefiam
563 3037 626 3058 cum
639 3025 704 3069 suis
722 3035 902 3070 pergerent,
928 3026 1106 3070 ipfimanfio-

228 3086 297 3108 neno
319 3085 417 3107 eorum
438 3074 549 3117 ingrqffi
566 3074 825 3119 chyrograpbailla
845 3077 971 3110 latenter
995 3082 1105 3119 arripe-

227 3133 293 3156 rent
305 3148 312 3156 .
340 3128 427 3156 Nam
448 3134 495 3156 eos
514 3125 620 3165 palam
640 3123 841 3165 scandalizare
858 3128 978 3169 penitus
997 3127 1104 3170 recusa-

227 3173 298 3206 bat.
325 3175 403 3206 Cum
412 3185 479 3216 ergo
491 3177 603 3206 Vicarii
613 3177 740 3209 Romani
751 3178 796 3208 ad
816 3178 1023 3210 collocutionem
1047 3180 1103 3209 Pa-

225 3223 368 3257 triarchae
375 3223 560 3266 procffffent
570 3248 580 3263 ‚
606 3224 911 3267 custodessuresfaffl
922 3251 932 3266 ,
946 3235 1102 3267 penetran-

228 3282 273 3306 tes
284 3274 399 3307 domum
411 3297 420 3312 ‚
447 3274 609 3317 quamdam
616 3282 735 3316 partem
747 3276 876 3308 clanculo
899 3287 936 3308 ex
949 3275 1100 3317 numerofis

229 3322 288 3355 illis
296 3322 500 3367 chyrographis
512 3322 651 3364 abstulere
661 3348 668 3355 .
697 3326 768 3367 ‚Quo
779 3329 890 3357 Vicarii
903 3324 1015 3365 reversi
1029 3336 1101 3358 com—

227 3378 332 3413 perta,
359 3373 436 3407 talia
460 3379 538 3407 inter
559 3382 668 3407 caetera
689 3378 861 3416 Imperatori
886 3375 1005 3408 dixere:
1033 3379 1100 3407 Nos

230 3423 348 3464 quidem
358 3427 483 3457 Romam
493 3423 526 3455 ob
539 3424 640 3466 amissa
651 3423 845 3467 chyrographa
855 3425 951 3459 redire
972 3435 1029 3459 non
1049 3436 1100 3458 au-

328 3471 437 3514 christ.
451 3477 530 3517 Lupi
541 3478 626 3517 Oper.
638 3476 715 3507 Tom
725 3477 778 3507 111.

1161 499 1228 530 quae
1248 486 1423 527 destruenda
1441 486 1516 529 sunt
1540 511 1551 527 ‚
1586 489 1637 521 vel
1655 488 1796 529 destruere
1820 500 1888 532 quae
1907 501 1965 522 non
1990 493 2040 524 de·-

1156 537 1296 578 struenda
1305 536 1475 579 consistunt.
1502 537 1579 569 Cum
1588 539 1653 581 ergo
1663 537 1798 582 consensu
1814 548 1866 572 stuo
1889 534 2039 583 chyrogra-

1161 587 1227 629 pha
1232 586 1323 628 saeva
1328 587 1448 629 fuerint
1459 611 1469 627 ,
1490 586 1520 627 fi
1537 589 1616 621 male*
1625 587 1780 630 confimfisti
1792 613 1803 629 ‚
1822 591 1930 631 palam
1945 595 2041 632 poeni-

1162 644 1287 670 tentiam
1298 649 1370 680 age,
1394 636 1634 679 &quodfhcisti,
1660 649 1719 671 non
1738 640 1837 676 clim,
1860 639 1919 683 sed
1932 641 2042 683 palam

1163 686 1288 726 destrue·‚
1307 690 1378 727 jam
1404 689 1476 720 verb
1491 686 1522 728 fi
1537 686 1611 721 bene
1624 687 1735 728 feceris
1754 688 1956 732 consentiendo
1969 715 1979 730 ,
2003 701 2041 726 ut

1163 739 1182 768 5
1183 737 1231 769 edi
1243 736 1404 775 Apostolicae
1411 736 1582 778 profutura
1593 739 1710 771 cautela.
1712 737 1820 779 fierent
1831 740 1869 772 ab
1882 739 2041 784 Epist-opis

1163 785 1357 829 chyrograpba
1369 810 1379 826 ‚
1405 786 1593 828 quamobrem
1604 799 1640 821 ea
1648 793 1796 830 poenitens
1807 790 1845 822 de
1863 789 2044 833 bonosubla-

1164 844 1197 869 ta
1212 841 1270 878 tegi
1290 835 1435 878 consentis
1456 838 1468 870 ?
1486 840 1519 881 J
1522 849 1571 869 am
1593 840 1662 871 verb
1676 838 1708 879 fi
1722 837 1859 879 fateris,
1885 842 1963 881 quod
1982 852 2041 874 non

1164 885 1254 916 verbo
1264 893 1311 917 tuo
1317 885 1541 927 faffumfuerit
1552 911 1563 926 ‚
1588 895 1620 919 ut
1633 888 1822 929 auferrentur
1832 888 2041 933 chirographa,

1165 932 1370 974 respondemus
1395 947 1402 966 :
1441 936 1514 968 Tum
1538 938 1652 978 liquido
1674 938 1793 980 patebit
1818 949 1886 974 voto
1911 949 1960 974 tuo
1985 952 2044 973 non

1157 982 1246 1025 fuisse
1257 991 1375 1017 tantum
1380 986 1530 1025 piaculum
1552 989 1742 1030 commfflum,
1766 991 1830 1023 cum
1853 989 1906 1022 hos
1927 989 2046 1031 distrin-

1163 1044 1256 1081 gens,
1284 1045 1353 1075 quos
1366 1038 1492 1070 ,Vicariis
1499 1043 1555 1075 pro
1563 1037 1688 1076 custodia
1698 1039 1825 1077 dedisti.
1850 1050 1916 1081 quae
1939 1040 2051 1073 ablata

1163 1081 1234 1125 sunt
1243 1093 1290 1118 eos
1306 1084 1430 1118 reddere
1445 1086 1518 1124 jure
1529 1091 1669 1127 coegeris.
1696 1090 1801 1128 Neque
1823 1094 1903 1120 enim
1924 1089 1978 1121 alii
1999 1090 2047 1121 de·-

1169 1132 1236 1165 bent
1258 1132 1404 1172 restituere
1429 1135 1632 1173 adreddere,
1651 1134 1683 1176 fi
1687 1137 1763 1177 quid
1778 1140 1889 1170 Vicarii
1910 1138 2048 1178 perdide-

1168 1188 1248 1222 rint,
1278 1184 1330 1219 vel
1344 1182 1373 1224 fi
1388 1185 1464 1225 quid
1475 1182 1713 1226 finssriperpeffi'
1724 1184 1808 1226 fint,
1838 1186 1897 1227 nisi
1907 1187 1972 1225 illi,
1996 1190 2049 1229 qui

1168 1231 1219 1264 hos
1229 1230 1364 1275 cumsuis
1375 1233 1510 1268 omnibus
1528 1235 1575 1267 ad
1585 1234 1798 1274 custodiendum
1821 1245 1991 1270 reverenter
2015 1237 2050 1270 <9

1163 1280 1349 1325 salvandum
1364 1288 1517 1327 mtegriter
1529 1287 1720 1326 imperatoria
1726 1292 1842 1328 pietate
1858 1294 2050 1328 receperunt.

1168 1335 1207 1366 At
1219 1334 1290 1365 vero
1315 1336 1476 1374 Imperator
1495 1333 1547 1365 bis
1555 1335 1668 1367 auditis
1681 1361 1692 1376 ‚
1718 1335 1867 1377 accerfivii
1893 1340 2024 1370 Vicarios
2038 1360 2052 1377 ,

1169 1383 1256 1417 &ets
1281 1389 1379 1415 omma
1390 1382 1587 1426 chyrograpba
1605 1387 1763 1426 reddidit,
1792 1388 1837 1419 ita
1860 1395 1894 1420 ut
1911 1397 1949 1420 ne
1959 1396 2053 1420 unum

1164 1429 1273 1472 saltem
1284 1429 1399 1470 deficere
1411 1439 1581 1472 patererur.
1609 1433 1764 1469 Reddens
1785 1435 1871 1468 dixit
1893 1435 1934 1468 ad
1947 1435 2055 1480 Lega-

1170 1490 1242 1517 tos;
1269 1479 1477 1522 chyrographa
1502 1505 1512 1521 ,
1538 1493 1605 1523 quae
1625 1485 1646 1516 a
1667 1483 1768 1523 nist-ris
1788 1483 1991 1517 Sacerdotibus
2017 1484 2054 1519 &²

1169 1528 1280 1562 cunc‘Jis
1308 1530 1431 1563 Clericis
1448 1530 1611 1574 salubriter
1632 1533 1766 1576 exegistis
1790 1557 1801 1573 ‚
1839 1540 1958 1576 recipite
1981 1558 1992 1573 ,
2018 1537 2054 1568 Θ

1166 1580 1317 1623 spirituali
1329 1583 1418 1614 Patri
1431 1581 1523 1622 nostro
1528 1581 1701 1626 sanllffmo
1715 1585 1811 1624 Papae
1823 1583 2033 1627 repraesentate
2041 1608 2053 1624 ,

1169 1632 1214 1663 ita
1235 1641 1269 1665 ut
1284 1630 1314 1672 fi
1319 1637 1386 1674 quis
1406 1643 1503 1666 eorum
1511 1640 1567 1675 per
1580 1633 1710 1676 abrupta
1722 1638 1862 1668 vitiorum
1868 1632 1952 1677 Jblito
1974 1645 2054 1667 more

1173 1682 1307 1715 incedere
1318 1689 1485 1716 tentaverit
1496 1705 1507 1722 ,
1532 1682 1580 1715 his
1594 1685 1806 1725 quodammodo
1819 1683 1942 1717 habenis
1961 1683 2001 1716 ab
2023 1694 2056 1717 eo

1169 1730 1363 1773 refraenetur.
1390 1732 1494 1779 Qod
1506 1733 1609 1775 ipsum
1629 1734 1665 1768 in
1696 1735 1761 1767 vita
1773 1732 1911 1766 Adriani
1922 1732 2057 1766 secundi

1170 1782 1265 1816 refert
1302 1780 1500 1815 Guilielmus
1535 1779 1813 1815 Bibliothecarius
1838 1805 1846 1813 .
1888 1778 2056 1824 Photiano

1170 1829 1284 1871 spiritu
1302 1827 1438 1862 seductis
1452 1828 1639 1863 Graecorum
1661 1829 1832 1874 Episcopis
1844 1829 2054 1867 vehemente:

1169 1877 1334 1920 displicuit
1360 1901 1372 1918 ‚
1411 1878 1500 1921 quod
1536 1880 1667 1922 plenam
1708 1880 1868 1914 Romanas
1902 1880 2051 1915 Ecclesiae

1170 1926 1339 1964 Decretis,
1366 1934 1532 1968 tamquam
1559 1927 1788 1964 infallibilibus
1808 1929 1948 1973 regulis,
1976 1930 2055 1965 obe-

1169 1975 1330 2010 dientiam
1356 1975 1498 2019 profiteri
1523 1986 1719 2021 cogerentur
1734 2001 1744 2018 ‚
1771 1986 1827 2013 aut
1852 1979 1961 2013 errent·
1979 1990 2053 2023 pro-

1220 2075 1347 2110 Relista
1371 2075 1473 2120 igitur
1494 2075 1668 2113 Theoduli
1703 2078 1735 2113 ἀ
1771 2078 1956 2124 Nicephori
1980 2081 2057 2116 Mei

1170 2125 1399 2169 tropolitarum
1420 2128 1629 2162 contumacia
1653 2152 1664 2169 ‚
1708 2139 1917 2172 perrexerunt
1951 2132 2056 2175 Lega-

1169 2177 1194 2209 ti
1218 2175 1405 2218 Apostolici
1426 2175 1467 2210 ad
1491 2175 1719 2221 Metrophanis
1742 2180 1965 2222 Smyrnenfis,
1992 2182 2053 2216 Ni-

1170 2223 1302 2268 cephori
1324 2226 1480 2259 Amaseni
1503 2251 1513 2267 ,
1540 2227 1575 2261 ὅς
1598 2228 1725 2262 Nicetae
1749 2226 1959 2264 Athenienfis
1982 2231 2055 2265 Me·

1171 2275 1332 2318 tropolitae
1364 2275 1620 2319 postulationem
1655 2290 1664 2310 :
1699 2281 1832 2322 Legatur
1863 2279 1998 2321 Epistola
2031 2283 2053 2314 ἃ

1171 2328 1233 2357 Deo
1252 2330 1357 2359 muniti
1370 2330 1562 2367 Imperator-ts
1585 2326 1691 2368 nostri,
1718 2340 1810 2370 quam
1831 2329 1906 2370 misit
1924 2332 1969 2363 ad
1979 2333 2054 2363 san-

1170 2375 1320 2415 Hsffimum
1343 2378 1462 2416 Papam
1482 2375 1644 2410 Nicolaum
1662 2401 1670 2409 .
1715 2377 1798 2424 Legi
1831 2378 1987 2420 jusserunt
2008 2390 2054 2414 et-

1170 2425 1233 2457 iarn
1256 2425 1362 2458 Sansti
1385 2425 1506 2469 Ignatii
1532 2424 1573 2460 ad
1599 2425 1748 2462 eumdem
1775 2429 1972 2464 Pontificem
1998 2441 2053 2473 per

1171 2475 1328 2517 Joannem
1351 2475 1448 2516 Sylaei
1470 2475 1722 2521 Metropolitam
1747 2479 1780 2512 ἃς
1802 2480 1954 2513 Bafilium
1976 2481 2054 2523 Spa-

1169 2524 1309 2558 tharium
1333 2521 1456 2559 litteras
1483 2550 1494 2566 ‚
1521 2537 1582 2560 nec
1606 2537 1672 2561 non
1702 2529 1735 2561 δε
1759 2527 1900 2563 Adriani
1921 2529 2052 2564 secundi

1169 2573 1209 2608 ad
1232 2575 1351 2618 priores
1378 2574 1581 2618 Responsum
1602 2601 1613 2616 ,
1649 2577 1691 2611 de
1725 2588 1792 2620 quo
1831 2578 1911 2612 lesto
1937 2588 2051 2623 rogata

1169 2624 1210 2659 ab
1236 2624 1357 2658 eisdem
1378 2624 1532 2669 Legatis,
1560 2624 1614 2666 Est
1632 2629 1766 2666 canonice
1790 2629 1824 2661 ἐπ’
1838 2627 1971 2670 sinodice*
1982 2629 2050 2661 aila

1170 2673 1301 2716 Epistola
1322 2673 1410 2708 haec?
1436 2675 1590 2718 Synodus
1607 2677 1747 2719 reposuit
1772 2690 1779 2709 ε
1806 2681 1957 2710 Canonica
1975 2701 1986 2717 ,
2013 2680 2049 2712 <tr

1169 2725 1308 2757 ordinata
1331 2748 1341 2765 ‚
1369 2726 1402 2758 Θ
1414 2724 1554 2768 Justitiae
1571 2727 1665 2768 plena
1685 2726 1723 2766 est
1743 2752 1749 2758 .
1793 2726 1837 2759 Et
1857 2726 2050 2771 Metropha-

1171 2785 1226 2808 nes
1248 2773 1463 2817 Metropolita
1486 2774 1687 2818 Smyrnenfis
1708 2788 1715 2807 :
1763 2779 1960 2819 eognovimus
1976 2777 2048 2820 san-

1168 2825 1276 2864 Hiffimi
1310 2826 1407 2865 Papae
1426 2828 1553 2859 Romani
1581 2824 1714 2868 solertem
1736 2826 1904 2859 locutionem
1941 2829 1976 2861 &²
1990 2836 2051 2869 pu·

1170 2876 1268 2908 dorem
1281 2897 1291 2913 ‚
1314 2885 1400 2916 quem
1423 2879 1455 2915 in
1478 2876 1599 2908 Divinis
1626 2877 1660 2909 (9'
1680 2881 1757 2908 circa
1776 2877 1954 2909 Divinarum
1990 2882 2050 2910 Ca.

1169 2935 1275 2957 nonum
1297 2923 1454 2965 custodiam
1489 2927 1523 2959 (ν
1542 2924 1759 2967 observantiam
1780 2924 1867 2959 babet
1894 2951 1904 2966 ‚
1931 2928 1966 2960 &
1989 2930 2046 2967 Dei

1168 2980 1357 3014 inritantem,
1382 2975 1526 3016 quantum
1542 2974 1732 3017 fieripotest‚
1759 2974 1985 3018 misericordiam
2011 2979 2046 3012 (2¹

1169 3025 1378 3067 benignitatem
1399 3048 1406 3056 .
1444 3023 1556 3067 Pergit
1588 3023 1628 3058 de
1666 3025 1799 3070 Legatls
1821 3025 2044 3069 Apostolicis:

1169 3077 1295 3107 Gratias
1305 3079 1420 3117 agimus
1433 3076 1512 3114 Deo,
1538 3079 1588 3116 qui
1604 3076 1711 3119 dignos
1725 3086 1778 3109 nos
1791 3071 1867 3116 fecit
1877 3074 2044 3119 hujusmodi

1161 3122 1349 3166 sanc‘ltffimos
1372 3127 1500 3157 Vicartos
1519 3128 1646 3158 intueri.

1835 3467 1991 3508 ACTIO
