2340 3762
385 176 487 225 300
625 162 902 213 canonas
936 166 1163 211 Snzonr
1197 178 1437 208 ocTAvAE
1470 164 1829 216 Germanas.

535 342 1216 473 CAJNON.
1367 345 1899 445 XVIII·

405 558 558 615 Lacuit
594 557 696 606 huic
730 555 880 617 sanstae
914 564 959 619 ὃς
994 576 1162 624 magnae
1196 558 1413 629 Synodo,
1449 578 1498 618 ut
1533 579 1599 613 res
1632 563 1704 619 vel
1739 565 1995 632 privilegia,
2028 588 2125 637 quae

302 563 403 699 P
437 633 527 680 Dei
561 624 765 685 Ecclesiis
800 648 854 689 ex
890 629 1021 696 longa
1055 629 1367 690 consuetudine
1403 635 1649 701 pertinent,
1685 638 1728 684 δε
1764 633 1850 684 five
1884 635 1912 690 ,ὲ
1947 642 2123 692 Divinae

438 699 755 756 recordationis
791 702 1131 771 Imperatoribus
1153 740 1167 769 ,
1204 702 1291 753 five
1327 702 1384 755 ab
1419 705 1516 762 aliis
1542 706 1633 755 Dei
1668 705 1906 761 cultoribus
1941 711 1987 758 in
2022 710 2126 763 scri-

294 773 387 840 ptis
415 807 429 835 ‚
464 773 536 823 vel
569 771 656 824 fine
692 768 864 841 scriptis
898 771 1062 824 donata
1099 810 1113 835 ,
1149 779 1192 824 &
1227 773 1283 823 ab
1318 774 1382 828 eis
1415 792 1494 844 per
1528 791 1663 825 annos
1698 777 1880 838 triginta
1911 778 2122 847 possessa...

295 841 395 891 sunt
431 879 444 909 ‚
495 858 774 912 nequaquam
822 842 849 903 a
895 846 1109 914 potestate
1145 842 1337 894 Praesulis
1386 862 1533 895 earum
1585 862 1870 917 quaecumque
1906 848 2126 917 persona-⁴

295 910 518 981 saecularis⁴
539 933 618 982 per
651 912 910 983 potestatem
947 915 1169 969 subtrahat
1201 950 1216 979 ‚
1253 932 1330 967 aut
1364 933 1442 984 per
1477 932 1729 979 argumenta
1763 917 1972 984 quaelibet
2005 920 2125 975 aufe.

295 999 363 1032 rat
387 1004 402 1042 3
438 982 510 1039 sed
546 983 630 1043 sint
656 984 813 1037 'omnia
849 988 896 1035 in
931 986 1146 1055 potestate
1180 1002 1232 1045 ac
1267 984 1342 1045 usu
1367 985 1570 1045 ‘Praesulis
1603 987 1802 1043 Ecclesiae
1843 1023 1857 1049 ‚
1904 1007 2126 1059 quaecum-

293 1071 382 1120 que
418 1055 533 1103 intra
570 1056 751 1119 triginta
786 1051 972 1125 spatium
1007 1072 1220 1114 annorum
1256 1056 1314 1111 ab
1348 1056 1549 1113 Ecclefiis
1583 1054 1753 1123 possessa
1790 1056 1910 1113 fuiss'e¹
1927 1060 2124 1110 ‘'noscun-

294 1138 370 1179 tur
401 1161 413 1174 .
465 1123 675 1193 Qsquis
711 1126 817 1188 ergo}
851 1125 1111 1184 saecularium
1147 1142 1303 1185 contra
1337 1125 1586 1198 praesentem
1621 1123 1926 1183 definitionem
1962 1132 2128 1194 egerit‚·

293 1208 520 1261 tamquam
569 1194 799 1258 sacrilegus
846 1197 1061 1262 judicetur
1091 1234 1106 1258 ,
1154 1201 1198 1246 &
1233 1196 1374 1247 donec
1410 1195 1454 1247 se
1506 1200 1736 1254 correxerit
1781 1235 1795 1259 ,
1847 1203 1890 1249 δε
1925 1200 2126 1256 Ecclesia:

290 1266 466 1336 propria
502 1264 734 1332 privilegia
770 1264 840 1318 seu
869 1277 941 1319 'res
976 1267 1209 1326 restituerit
1244 1273 1288 1319 δι
1323 1267 1641 1328 reservaverit,
1675 1269 1908 1325 anathema
1942 1271 1996 1324 fit
2023 1305 2038 1323 .,

1220 1445 1312 1485 ματη
1332 1437 1538 1483 impiissime,
1563 1447 1664 1482 atque·
1680 1437 1763 1477 hinc-
1782 1440 1858 1481 laici=
1879 1441 1987 1486 plures
2003 1467 2017 1487 2
2039 1452 2124 1487 quo-⁸

1221 1487 1311 1522 'rum
1332 1489 1437 1532 rapaci
1456 1489 1572 1522 animo
1596 1488 1681 1525 vires,
1699 1489 1855 1531 deerant,
1882 1491 2121 1531 Ecclesiasticas

1239 1538 1447 1582 poffeffiones.
1463 1537 1643 1577 didicerant
1665 1549 1720 1583 pet
1738 1539 1922 1579 calumnias
1940 1541 2121 1587 invadere,

1239 1600 1277 1622 ac
1302 1588 1344 1621 de
1380 1587 1532 1627 Ecclefiae,
1556 1587 1708 1625 manibus
1744 1591 1892 1630 nequiter
1917 1590 2119 1631 defluente,-

396 1635 470 1669 lites
478 1633 741 1676 dispartitionern
749 1634 891 1668 Carolus
904 1633 1171 1677 Martellusapud
1239 1637 1335 1671 Hinc
1349 1636 1466 1674 definit
1481 1635 1600 1675 Canon
1615 1636 1792 1675 Ecclesiam
1814 1638 1985 1676 tricennali
2004 1638 2123 1682 posses-

288 1685 451 1726 Francos,
479 1685 563 1727 apud
578 1683 707 1717 Graecos
720 1683 790 1718 Leo
805 1684 930 1725 Isaurus
955 1685 990 1719 &
1010 1683 1172 1719 constan·
1194 1722 1196 1724 ,
1239 1686 1327 1719 fione
1340 1682 1512 1719 adversum
1524 1685 1772 1731 qualescumque
1792 1686 2035 1734 impugnatores
2056 1687 2123 1727 esse

286 1734 380 1778 *tinus
402 1734 594 1769 caballinus
605 1732 722 1768 eodem
742 1746 851 1780 nuper
863 1745 1009 1780 tempore
1035 1733 1170 1770 induxe-
1218 1717 1227 1784 l
1241 1734 1422 1781 plenissime
1437 1735 1581 1774 securam
1594 1757 1601 1766 -

482 1439 972 1491 ScuoLION.

373 1582 652 1623 Cclefiasticorum
665 1584 829 1625 bonorum
841 1587 990 1628 rapinam
1013 1596 1051 1620 ac
1065 1585 1103 1625 in
1112 1585 1173 1623 mi·-

1823 1892 2103 1907 ,ῑΙ--ψ-η-ι-*Ρ*

636 2002 1319 2104 CANON
1468 2006 1779 2094 XIX..

435 2222 657 2274 Varitiam
685 2255 698 2281 ,
745 2218 902 2288 utpote
936 2217 1167 2270 secundam
1200 2218 1498 2272 idololatriam-
1533 2221 1694 2272 Paulus.
1728 2239 1912 2287 magnus
1946 2241 2121 2277 execra-

293 2222 440 2362 Α
471 2306 540 2342 tur
577 2290 809 2360 Apostolus
824 2327 837 2352 ‚
874 2295 1049 2341 cunctos
1084 2289 1291 2343 videlicet
1315 2329 1329 2352 ,
1371 2294 1449 2358 qui
1485 2293 1752 2343 Christiano'
1769 2295 1986 2348 vocabulo
2016 2313 2120 2347 cen-

472 2360 615 2412 sentur
651 2399 665 2425 ,
713 2360 774 2410 ab,
804 2363 927 2411 omni
965 2363 1090 2429 turpi
1115 2363 1235 2414 lucro
1277 2361 1487 2418 abstinere
1524 2364 1678 2413 volens
1715 2386 1731 2414 :—
1779 2366 1930 2416 Multo,
1975 2367 2118 2428 magis

292 2433 397 2496 ergo
434 2435 512 2493 iis,
549 2434 628 2501 qui
663 2430 908 2482 sacerdotio.
940 2431 1175 2499 funguntur
1198 2470 1210 2493 ,
1247 2432 1367 2484 nefas
1401 2433 1464 2483 est
1500 2469 1514 2494 ,
1562 2433 1855 2502 Coepiscopos
1891 2439 1934 2485 &
1970 2433 2117 2485 suffia-

290 2519 458 2568 ganeos,
490 2501 584 2551 suos
620 2521 696 2571 per
730 2518 1050 2570 quemcumque
1085 2502 1265 2553 modurn·
1298 2519 1475 2566 gravare
1502 2539 1518 2553 .,
1563 2505 1705 2569 Hujus,
1737 2507 1802 2556 rei
1836 2507 1975 2569 gratia
2009 2504 2118 2558 defi-2

292 2577 409 2625 nivit
445 2570 586 2622 sancita
621 2574 710 2622 haec
747 2579 790 2623 δε
827 2572 1072 2624 universalis
1108 2573 1306 2642 Synodus
1342 2612 1356 2636 ,
1403 2574 1571 2622 nullum
1606 2573 2116 2644 Archi-Episcoporuim

293 2659 370 2693 aut
407 2643 846 2711 Metropolitanorum
881 2645 1121 2712 relinquere
1145 2641 1378 2713 'propriam
1413 2644 1672 2707 Ecclesiam,
1707 2650 1751 2698 &
1785 2646 1863 2699 sub
1893 2646 2116 2702 occasione
2144 2655 2145 2661 ’

294 2716 415 2782 quasi
451 2714 713 2766 visitationis
748 2714 804 2763 ad
839 2715 948 2766 alias
980 2714 1187 2766 accedere
1219 2751 1233 2776 ,
1280 2720 1323 2767 &
1357 2715 1569 2786 potestate
1602 2714 1777 2787 propria
1813 2718 1858 2765 in
1893 2716 2115 2765 inferiores

296 2785 445 2848 abuti,
481 2791 526 2835 &.
559 2783 804 2834 consumere
841 2784 1068 2846 redditus,
1098 2787 1177 2853 qui
1213 2786 1332 2853 apud(
1364 2788 1466 2845 illos
1499 2788 1778 2838 inveniuntur
1814 2785 1874 2837 ad.
1904 2784 2113 2857 Ecclesia7

296 2856 446 2910 sticam
482 2852 799 2925 dispositionem
835 2860 878 2904 δε
912 2857 1117 2908 alimenta
1151 2870 1385 2923 pauperum
1397 2892 1414 2919 2,
1446 2872 1498 2906 ac
1532 2873 1609 2923 per
1633 2856 1719 2904 hoc·
1750 2870 1982 2918 aggravare
2004 2871 2114 2906 ava-2

297 2929 407 2978 ritiae
441 2926 574 2977 modo
610 2925 891 2976 conscientias
926 2926 1104 2979 fratrum
1140 2931 1183 2974 &
1220 2924 1609 2976 comministrorum
1635 2926 1898 2988 nostrorum,
1933 2940 2116 2993 excepta·

296 2997 594 3066 hospitalitate
616 3034 630 3059 ,
675 3015 772 3065 quae
806 2995 1041 3063 aliquando
1074 3012 1128 3046 ex
1162 2995 1391 3046 necessario
1427 2995 1607 3046 transitu
1624 2995 1820 3056 ‘fortaffis
1856 2993 2071 3047 accesserit
2093 3014 2112 3053 ς

298 3065 371 3116 sed
405 3073 448 3117 &
483 3084 587 3117 tunc
621 3085 712 3117 non
746 3068 832 3119 alia
851 3100 874 3128 ‚„
900 3066 978 3116 nisi
1013 3084 1064 3116 ex
1098 3069 1153 3116 iis
1175 3103 1188 3127 ‚
1226 3085 1327 3134 quae·
1358 3065 1416 3118 ad
1442 3064 1620 3134 praesens
1642 3065 1696 3114 de
1722 3065 1983 3133 compendio
2004 3081 2109 3132 prae-

301 3151 451 3205 parata
485 3140 802 3199 inveniuntur,
839 3154 936 3186 cum
972 3138 1215 3190 reverentia
1249 3142 1292 3189 δι,
1316 3155 1417 3187 cum
1445 3138 1601 3186 timore
1631 3139 1721 3187 Dei
1747 3135 1976 3199 dignanter
1995 3135 2109 3184 acci-

303 3207 396 3276 piat
417 3238 430 3265 ,
465 3211 506 3253 &
543 3208 762 3260 maturius
786 3207 1052 3276 propositum
1088 3210 1169 3257 iter
1203 3207 1475 3276 perambulet
1494 3243 1509 3268 ‚
1545 3207 1656 3258 nihil
1691 3206 1872 3259 omnint}
1907 3222 2108 3263 commta,

305 3290 401 3341 quae
433 3269 528 3322 sunt
562 3274 762 3329 Ecclefiae'
790 3280 906 3326 illius
943 3279 1014 3326 vel
1049 3276 1298 3341 suffraganei
1332 3276 1536 3346 Episcopi
1570 3313 1583 3338 ,
1630 3292 1784 3345 petens
1817 3280 1862 3326 &
1892 3277 2063 3337 exigens
2094 3307 2107 3321 .

306 3347 350 3397 Si,
383 3343 500 3398 enim
534 3359 883 3412 unumquemque
918 3345 1229 3415 Episcoporum
1264 3348 1459 3399 Ecclefiae
1482 3349 1668 3415 propriae
1692 3347 1816 3396 rebus
1850 3362 1947 3394 cum
1973 3342 2112 3392 multa

306 3415 520 3482 parcitate
542 3415 608 3462 uti
630 3446 644 3472 ,
678 3417 721 3461 &
745 3417 986 3468 nullatenus
1011 3420 1057 3466 in
1085 3420 1283 3487 proprias
1311 3419 1523 3468 utilitates
1561 3415 1806 3484 importune
1839 3430 1890 3464 ac
1925 3411 2022 3491 sin-e>
2045 3429 2111 3461 ra-

1970 3490 2064 3520 tlonss
