2340 3762
0 999 9 1014 ὦ
53 1016 188 1056 Epist-17.

50 1331 132 1370 Cap.v
139 1340 168 1367 Ἰ.

52 1744 165 1777 Δᾱὴὄ.

64 3107 134 3140 ιι.

606 183 911 239 Seianum,
949 197 1010 226 ετ
1043 176 1235 226 Nous
1270 190 1636 227 niusa-nnn.

1865 188 1965 244 '131

217 263 382 302 ‘necandis
387 263 574 309 sapientibus
598 269 757 310 &rusticis
768 281 825 303 non
846 265 941 311 solum
963 270 1100 301 memoria
1160 265 1323 306 pependit,
1347 268 1446 297 venite
1457 264 1630 297 adoremus.
1657 261 1731 296 Effe
1741 263 1879 299 affirmat
1890 263 2040 298 vetustis-

227 315 372 357 deforma
383 314 545 358 spiritalem
569 319 732 361 quamdam
755 324 894 364 imaginis
906 322 1008 351 Crucis
1029 317 1103 363 figu-
1164 315 1277 348 simam
1298 313 1511 348 traditionem
1533 336 1545 353 ,
1570 313 1604 347 ἀ
1623 310 1736 347 addit.
1763 312 1891 354 Ecclefia
1911 318 2037 347 Crucem

225 376 318 405 mm,
338 364 398 409 sed
417 373 509 401 etiam
530 368 687 410 corporalis
711 368 797 411 ipsius
821 373 948 402 intuitus
970 364 1105 401 crebram

226 420 325 448 menti
345 416 486 461 praefigat
510 419 671 452 Dominicae
691 420 824 461 paffionis
851 418 1006 452 viHoriam
1023 441 1030 449 .
1070 418 1103 449 Si

226 469 308 498 enim
317 470 478 507 quantitas
501 475 589 501 tanta
610 469 787 502 venerabilis
797 470 891 513 ligni,
917 472 949 500 in
971 478 1026 510 quo
1047 469 1103 499 Do-

226 520 326 548 minus
354 517 534 550 &salvator
538 520 702 560 pependit,
721 518 803 560 foret
833 526 866 550 ut
889 528 970 551 exeo
991 522 1102 550 minua·

225 568 285 598 tim
295 563 392 608 divisi
400 566 505 600 manaa
517 570 580 601 Deo
591 569 693 602 dicata
701 570 812 611 templa
826 568 936 611 poffent
947 572 1103 611 imaginem

225 617 337 648 Crucis
346 614 473 657 babere,
499 618 668 652 nullatenus
694 630 731 653 eu
756 619 830 651 aliis
856 618 944 661 lignis
970 614 1103 659 ejusdem

218 663 356 706 ,fornum
367 669 400 698 in
412 665 546 707 Bastlicis
561 670 732 703 locaremus.
761 670 822 702 'Sed
831 679 883 702 nec
904 668 967 700 ideo
981 671 1102 700 Crucem

226 722 264 746 ut
280 716 438 749 Dominum
463 719 641 760 adoramus,
661 718 720 762 sed
742 724 837 763 magis
860 728 924 750 eum
936 742 947 758 ,
973 722 1024 759 qui
1045 725 1103 759 per

225 766 351 797 Crucem
361 771 463 800 mortis
473 766 614 808 destruxit
629 773 798 810 imperium.
826 770 916 801 Porro
937 765 989 808 etfi
1010 763 1103 809 oscula

226 812 376 856 infigimus
387 838 399 854 ,
422 828 480 850 non
489 823 593 860 usique
602 816 692 861 causa
700 819 773 862 ligni
784 843 795 858 ,
818 816 875 860 sed
888 817 987 859 potius
1002 825 1102 848 amore

227 863 333 902 illius,
355 870 407 905 qui
425 870 458 898 in
480 877 514 898 ea
548 871 661 899 ‘veteris‘
684 869 758 910 ligni
781 868 895 899 damna
928 870 1102 907 reparavit.

226 910 313 945 Eam
325 913 360 945 in
369 915 484 955 quavis
496 915 627 948 Basilica
639 940 649 955 ,
675 925 842 958 tamquam
867 916 900 948 in
915 914 990 948 navi
1012 913 1103 947 arbo·

225 970 296 994 tem
304 984 316 1001 ,
326 961 385 1006 figi
395 963 506 997 scribit
516 964 646 998 Sanetus
659 965 848 1005 Maximus,
873 962 1007 1011 Claudii
1018 963 1103 996 Prae-

225 1009 372 1045 decessor
396 1012 432 1046 in
460 1013 601 1049 Ecclesia
628 1014 825 1050 Taurinenli
849 1039 856 1045 .
898 1013 1105 1053 osculandi,

225 1060 362 1095 sanstus
372 1061 601 1107 Hieronymus
616 1065 655 1098 in
670 1064 818 1109 Epistola
839 1063 881 1099 ad
893 1063 1105 1103 Marcellam,

224 1110 436 1153 amplexandi
449 1124 574 1148 morem
587 1113 696 1149 laudat
707 1115 740 1148 in
756 1113 890 1149 historia
913 1112 1105 1149 Ecclesiasti-

181 1196 188 1204 ,
222 1171 265 1194 ca
278 1160 440 1207 Evagrius
450 1162 712 1207 Epiphanienfis.
741 1165 786 1198 Et
798 1165 950 1210 Bulgaris
968 1175 1106 1209 quaeren-

222 1209 316 1244 tibus
328 1233 339 1250 ‚
362 1214 394 1246 Si
413 1213 500 1247 liceat
513 1218 638 1248 Crucem
650 1218 771 1249 Domini
779 1226 845 1248 cum
854 1216 986 1258 reliquiis
996 1214 1106 1248 mundo

218 1257 276 1303 seu
287 1263 439 1296 immundo
448 1263 525 1297 banc
536 1263 662 1298 babenti
672 1264 794 1308 os‘culari
819 1265 872 1299 vel
874 1273 1021 1307 portare,
1046 1264 1106 1298 res·

224 1310 347 1353 pendit
356 1311 515 1347 Pontifex
537 1313 699 1349 Nicolaus
721 1314 861 1358 primus,
886 1313 1021 1358 Osi-ulan
1041 1325 1107 1348 eam

225 1362 381 1395 immundo
391 1363 543 1397 nonlicet.
569 1366 723 1407 ,Quoniam
730 1376 763 1398 eo
773 1364 834 1407 ipso
846 1389 858 1405 ,
883 1366 964 1406 quod
982 1370 1107 1397 immun-

227 1410 286 1441 dus
295 1410 335 1448 est
343 1433 356 1449 ,
379 1411 505 1453 ipsefibi
515 1412 593 1452 testis
608 1412 665 1452 est,
689 1414 772 1454 quod
783 1413 1031 1453 ‚notificationem
1041 1423 1107 1444 ear-

225 1462 277 1491 nis
289 1469 348 1491 non
355 1459 455 1503 diligit
463 1483 470 1490 .
497 1463 582 1503 Erga
593 1471 683 1502 quam
697 1472 756 1493 non
764 1470 850 1494 amat
860 1483 872 1500 ,
891 1471 948 1493 non
957 1459 1106 1503 osculetur,

225 1506 349 1549 neforte'
358 1509 396 1543 de
408 1519 438 1543 eo
451 1510 568 1542 dicatur
580 1521 595 1541 ε>
606 1509 826 1545 ..PopuLus
849 1507 936 1544 HIC
956 1508 1105 1544 LABIIS

222 1556 300 1592 ME
325 1558 577 1594 HONORAT
596 1583 607 1599 ,
645 1559 742 1595 COR
772 1558 805 1593 A
820 1558 1002 1594 UTEM
1029 1559 1106 1594 Eo·

224 1607 339 1641 RUM
364 1608 531 1644 LONGE
557 1608 647 1643 EST
673 1609 718 1643 A‘
742 1609 815 1643 ME
841 1633 849 1641 .
891 1609 993 1644 Recto
1015 1609 1107 1643 enim

224 1657 365 1691 Sanstus
384 1658 522 1692 Basilius
536 1660 570 1692 in
582 1659 732 1694 oratione
742 1659 783 1694 de
795 1656 1008 1704 quadraginta
1020 1659 1107 1694 Mar-

224 1705 378 1749 tyribus‚
404 1707 534 1743 laudata
547 1719 601 1752 per
626 1709 795 1753 septimam
816 1707 1008 1753 Synodum:
1022 1709 1105 1742 Mul·

221 1764 280 1790 eas
289 1760 398 1789 Cruces
410 1763 582 1791 exararem
593 1770 654 1792 una
672 1759 845 1792 domuncula
855 1783 866 1799 ,
891 1761 926 1793 ὁ*
947 1768 1107 1793 contemne-

227 1814 263 1840 re
273 1807 421 1839 mandata
432 1806 542 1847 Christi
568 1809 603 1841 Θ
622 1814 817 1843 imitationem
833 1809 994 1851 pafflonm
1017 1811 1109 1850 ejus,

223 1855 482 1898 dnfipientiffimum
503 1857 559 1897 est.
586 1858 631 1893 Et
644 1859 777 1893 Sanetus
807 1857 954 1895 Asterius
977 1858 1110 1902 Episco-

226 1916 290 1950 pus
302 1907 504 1941 Amasenus:
530 1908 605 1941 Noli
617 1907 766 1944 Christum
773 1913 896 1952 pingere
917 1914 950 1941 in
959 1907 1111 1949 vestimen-

228 1962 292 1997 tis,
314 1954 370 1999 sed
388 1959 490 1999 potius
510 1956 613 1991 horum
635 1957 777 2002 sumptus
796 1958 977 2001 pauperibus
1003 1969 1109 2003 eroga.

228 2005 276 2039 13:
289 2005 355 2040 hoc
366 2008 456 2040 sensu
468 2008 502 2041 in
512 2007 620 2042 Sancti
632 2007 784 2044 Matthaei
795 2008 1007 2053 Evangelistae
1020 2019 1111 2043 com·

229 2056 398 2089 mentariis
409 2067 547 2101 arguens
557 2055 731 2092 Pharisaeos
742 2082 755 2098 ‚
779 2058 975 2092 membranae
1000 2058 1112 2092 inscri-

230 2115 325 2147 ptum
351 2106 559 2151 Decalogum
585 2115 748 2150 portantes
771 2105 807 2141 in
833 2108 942 2142 frome
966 2129 979 2146 ‚
1020 2106 1111 2142 addit

229 2154 365 2190 Sanctus
375 2155 605 2198 Hieronymus
622 2169 630 2188 :
654 2160 711 2190 Hoc
731 2157 816 2199 apud
834 2169 888 2190 nos
904 2155 1110 2200 superstitiosae

227 2206 452 2239 mulierculam
459 2206 601 2248 parvulis
612 2208 791 2250 Evangeliis
802 2230 814 2247 ,
837 2207 871 2241 ὁ·
892 2212 926 2239 in
947 2211 1054 2241 Crucis
1075 2208 1110 2241 li-

223 2266 289 2300 gno
298 2278 308 2294 ,
335 2256 369 2288 6·
381 2253 539 2299 istiusmodi
548 2255 636 2290 rebus
647 2281 658 2296 ‚
688 2268 755 2300 qua·
765 2256 877 2291 habent
885 2257 1003 2299 quidem
1016 2257 1110 2291 zelum

230 2308 312 2345 Dei,
332 2302 391 2348 sed
406 2316 464 2338 non
476 2307 575 2346 juxta
589 2303 747 2349 scientiam
762 2330 782 2347 ,
804 2305 892 2350 usque
916 2306 1108 2348 bediefadi-

230 2361 302 2387 tant
322 2376 333 2392 ,
358 2356 477 2388 culicem
496 2356 647 2398 liquantes
671 2379 683 2395 ,
708 2358 745 2392 Θ
764 2357 907 2391 camelum
923 2358 1087 2402 glutientes
1099 2382 1107 2391 .

231 2401 328 2438 Absit
337 2428 348 2444 ,
374 2413 412 2438 ut
423 2405 557 2439 damnet
569 2405 691 2440 avitam
703 2406 854 2450 pietatem
866 2433 873 2440 .

281 2454 382 2497 Jonas
394 2452 636 2490 Aurelianensis
658 2455 721 2490 fuit
729 2466 814 2492 unus
831 2469 873 2492 ex
892 2456 959 2492 illis
971 2457 1109 2492 Franco-

232 2513 306 2538 rum
331 2504 503 2547 Episcopis
523 2528 535 2546 ‚
560 2504 603 2540 de
624 2505 742 2549 quibus
761 2506 796 2541 in
819 2507 960 2552 septima:
979 2507 1106 2551 Synodi

231 2551 366 2587 laudata
386 2553 575 2596 praefatione
594 2554 780 2591 Anastasius
812 2556 1104 2593 Bibliothecarius:

231 2606 294 2636 Eis
304 2603 462 2639 fictarum
474 2602 659 2649 imaginum
678 2608 795 2639 utilitas
816 2607 1010 2652 &legitima
1029 2607 1107 2643 ado—

229 2652 318 2687 ratio
331 2653 460 2686 nondum
474 2652 512 2693 est
532 2655 680 2688 revelata.
707 2654 761 2689 De
773 2655 888 2690 Crucis
900 2668 1008 2691 tamen
1031 2657 1108 2692 ado·

229 2703 362 2738 ratione
381 2700 472 2737 addit
492 2700 568 2738 illos
588 2706 670 2739 resta
691 2704 832 2740 senfiffe.
860 2705 994 2742 Etenim
1008 2708 1106 2751 Jonas

225 2752 327 2796 -loqui
340 2751 467 2787 videtur
484 2763 529 2786 ex
538 2754 659 2789 Sa'nsto
671 2754 846 2789 Ambrosio
857 2756 892 2790 in
911 2757 1039 2791 fimebri
1051 2769 1105 2792 en-

232 2803 346 2850 comio
356 2801 539 2837 Theodofii
552 2803 709 2849 Augusti.
737 2806 851 2839 Helena
859 2812 976 2842 invenit
985 2807 1103 2843 Domi-

233 2851 318 2885 nicae
331 2852 447 2887 Crucis
459 2855 578 2887 titulum
589 2879 596 2886 .
623 2857 731 2897 Regem
739 2855 881 2890 adoravit
892 2882 903 2898 ‚
927 2869 985 2892 non
994 2859 1105 2902 lignum

234 2905 354 2942 utique,
378 2907 448 2944 quia
457 2901 508 2935 boc
522 2905 643 2947 gentilis
653 2904 691 2945 est
709 2916 789 2939 error
801 2927 814 2945 ‚
831 2906 891 2949 sed
912 2909 1051 2942 adoravit
1074 2909 1105 2942 il-

236 2949 322 2990 lum,
340 2957 391 2992 qui
398 2954 544 2994 pependit
564 2959 597 2986 in
608 2955 688 2998 ligno
700 2953 834 2998 sarnatus
855 2962 890 2990 in
901 2959 986 2992 titulo
998 2983 1005 2991 .
1033 2957 1107 2992 Per·

234 3000 288 3043 git
312 3000 409 3043 Jonas
428 3012 597 3044 exponens
621 3005 734 3039 saneta
757 3007 851 3040 sextae
871 3008 957 3041 feriae
982 3008 1105 3050 ritum,

234 3059 303 3092 quo
324 3048 433 3083 omnis
442 3048 500 3083 sub
515 3053 600 3087 coelo
612 3053 751 3089 Ecclesia
764 3055 904 3090 Crucem
917 3068 1082 3092 veneratur
1093 3082 1106 3100 ,

231 3106 388 3135 cantans:
414 3102 490 3135 Ecce
499 3102 611 3145 lignum
621 3106 726 3138 Cusus
741 3129 754 3146 ‚
777 3111 815 3140 in·
835 3117 891 3150 quo
907 3106 988 3153 salus
1001 3110 1106 3144 mundi

500 3226 801 3403 sete

327 3500 432 3546 ebrii.
443 3506 520 3551 Lupi
531 3509 613 3552 oper.
625 3509 702 3542 rm.
713 3510 769 3543 ssi.

1162 373 1324 398 veneratur
1338 387 1350 403 ,
1375 365 1482 396 adorat
1505 387 1516 403 ,
1541 364 1607 397 colit
1627 368 1717 402 ‚non
1736 363 1815 396 cultu
1835 363 1870 395 ό·
1890 365 2040 400 adoratio-

1163 424 1218 454 ne,
1244 426 1311 456 quae
1334 411 1427 455 solius
1445 417 1631 446 Divinitatis
1647 412 1711 453 est,
1739 411 1795 453 sed
1802 422 1833 445 eo
1836 412 1938 454 potius
1957 413 2039 444 und?

1158 461 1237 506 satis
1254 462 1351 506 supra
1371 462 1484 495 dicium
1498 462 1553 504 est.
1582 463 1627 496 Et
1651 462 1735 496 infra
1755 482 1762 494 ι
1787 465 1911 496 Crucem
1930 458 2042 499 christi

1163 513 1268 546 adorat
1291 536 1303 553 ,
1327 512 1362 545 id
1385 511 1423 552 est
1449 535 1461 551 ‚
1482 509 1680 554 supplicando
1699 510 1813 555 salutat
1836 537 1846 546 ,
1872 509 2043 555 Supplicat

1164 562 1335 598 crucifixo
1347 581 1366 599 ‚>
1383 562 1528 596 Crucem
1550 561 1667 594 salutat
1680 586 1687 593 .
1714 561 1793 595 Hoc
1816 562 1921 605 ipsum
1942 560 2042 606 docet

1168 612 1301 657 septima
1323 609 1477 656 Synodus
1496 611 1533 643 in
1555 610 1751 644 refutatione
1771 607 2042 655 Pseudo-synodi

1164 662 1406 697 lconoclasticae
1427 686 1436 694 ,
1461 665 1550 699 Nos,
1576 665 1626 702 qui
1649 662 1711 693 Deo
1725 658 1783 702 soli
1799 658 1975 702 servitutem
1995 671 2044 694 no·
2064 671 2128 706 Ast„
2151 678 2179 703 5,

1155 711 1251 752 stram
1271 718 1304 745 in
1315 711 1422 754 spiritu
1446 712 1623 745 &veritate
1643 708 1790 751 offerimus
1802 733 1813 750 ‚
1838 711 1983 743 Divinum
2005 718 2047 750 t,-
2062 717 2090 748 F.
2111 717 2178 751 625.

1159 771 1233 804 pum
1251 760 1390 804 pretiosae
1413 764 1519 794 Crucis
1534 758 1701 803 salutamus
1726 783 1739 799 ‚
1764 760 1800 792 Θ
1818 759 2047 801 amfflefflmur,

1163 813 1247 845 velut
1267 810 1354 854 spem
1374 810 1517 843 habentes
1525 808 1791 852 sanfflfirationem
1811 808 1850 841 ab
1869 814 2047 851 eapercipe-

1164 869 1196 894 re
1214 885 1225 900 ,
1251 863 1286 894 (9⁹
1306 862 1509 894 adorationem
1530 857 1738 903 salutatoriam
1759 858 1804 892 illi
1822 860 2046 901 impendimus,

1165 909 1407 945 ADORATE
1430 909 1576 947 ENIM,
1601 914 1699 951 inquit
1718 933 1730 950 ‚
1755 907 2045 943 SCABELLUM

1167 960 1338 994 PEDUM
1363 959 1496 1002 EJUS,
1524 958 1768 1009 QJONIAM
1793 958 2044 994 SANCTUM

1167 1009 1272 1044 EST.
1301 1012 1423 1051 Propter
1432 1009 1512 1050 quod
1529 1010 1565 1042 Θ
1580 1011 1736 1053 Gregorius
1757 1007 1919 1053 Theologus
1941 1013 1973 1041 in
1979 1007 2047 1052 ser-

1166 1071 1248 1093 mone
1268 1061 1305 1093 de
1331 1064 1510 1094 Nativitate
1532 1057 1642 1098 Christi
1660 1065 1706 1092 ait
1731 1072 1742 1091 .-
1769 1058 2043 1093 BETHLEEM
2064 1067 2068 1072 '

1167 1109 1378 1146 HONORA
1402 1134 1414 1150 ‚
1440 1108 1669 1144 PRAESEPE
1691 1106 1866 1142 ADORA
1891 1133 1898 1141 .
1945 1108 2003 1141 Et-

1166 1160 1361 1195 definitione
1371 1159 1448 1194 fidei
1461 1184 1468 1191 .
1493 1158 1658 1201 Definimus
1679 1155 1926 1203 figuraepretiosae
1951 1168 1987 1190 ac
1997 1161 2046 1191 vi-

1167 1208 1263 1252 vificae
1284 1213 1390 1243 Crucis
1412 1208 1544 1254 osculum
1575 1209 1609 1242 ό*
1626 1208 1818 1243 honorariam
1838 1209 2046 1242 adorationem

1165 1260 1356 1294 tribuendam
1377 1285 1389 1302 ,
1415 1271 1474 1293 non
1494 1266 1596 1293 tamen
1617 1270 1722 1293 veram
1743 1260 1888 1300 latriam,
1912 1267 1981 1299 quae
1998 1255 2047 1300 fi-

1166 1311 1292 1344 cundum
1300 1309 1394 1352 fidem
1405 1309 1444 1351 est
1457 1333 1468 1350 ‚
1493 1319 1615 1352 quaeque
1620 1307 1717 1352 silam
1730 1312 1879 1343 Divinam
1899 1315 2045 1342 naturam

1167 1361 1267 1394 decet.
1293 1360 1377 1394 Eam
1397 1359 1461 1394 effe
1475 1369 1665 1403 perpetuam
1690 1358 1853 1393 Romanae
1875 1368 1913 1392 ae
1934 1356 2048 1392 omnis

1168 1409 1318 1442 subcoelo
1331 1408 1478 1442 Ecclesiae
1498 1409 1598 1442 fidem
1610 1408 1750 1442 affirmat
1773 1408 1810 1442 in
1827 1405 1963 1441 adducta
1974 1415 2048 1449 prz-

1168 1457 1296 1490 satione
1307 1455 1456 1491 laudatus
1467 1455 1746 1490 Bibliothecarius
1754 1481 1761 1491 .

1218 1505 1323 1540 Aliud
1344 1506 1391 1540 est
1417 1506 1546 1550 fignum
1567 1528 1578 1544 ‚
1602 1504 1690 1541 aliud
1715 1505 1934 1550 significatum
1961 1517 1971 1548 ;
1998 1501 2051 1539 uti

1169 1556 1328 1596 effentiae,
1353 1555 1401 1589 ita
1423 1556 1456 1589 δι
1485 1555 1622 1590 honoris
1646 1556 1772 1601 grande
1795 1555 1969 1590 discrimen
1993 1553 2050 1588 ha-

1170 1605 1268 1640 bent.
1291 1606 1449 1652 Qisquis
1458 1604 1549 1644 aliud
1558 1605 1747 1646 existimat,
1773 1614 1856 1640 errat
1865 1615 1940 1641 toto
1951 1604 2048 1639 coelo.

1171 1655 1314 1691 Proinde
1327 1655 1500 1690 Crucifixo
1514 1655 1667 1692 Domino
1689 1667 1765 1691 vera
1775 1655 1869 1690 latria
1881 1680 1892 1696 ,
1917 1654 2051 1699 reliquis

1170 1705 1293 1741 Sanstis
1313 1704 1424 1746 dulia,
1451 1716 1564 1740 eorum
1590 1705 1791 1751 imaginibus
1817 1705 1884 1740 sola
1909 1703 2052 1739 honora-

1171 1755 1219 1789 ria
1242 1753 1379 1790 debetur
1403 1755 1554 1790 salutatio
1579 1757 1633 1789 seu
1668 1755 1817 1790 adoratio
1843 1754 2051 1790 salutatoria.

1171 1805 1242 1848 Iam
1252 1804 1441 1839 audivimus
1454 1805 1598 1840 Domini
1610 1805 1770 1850 imagines
1779 1804 1842 1840 esse
1863 1805 1933 1848 ejus
1944 1803 2052 1839 Cruce

1171 1853 1424 1892 venerabiliores
1445 1879 1458 1896 ‚
1483 1853 1622 1901 ideoque
1648 1854 1671 1888 fi
1694 1854 1772 1890 huic
1796 1855 1893 1899 possit
1913 1879 1926 1897 ,
1951 1853 2053 1900 longe

1171 1904 1274 1951 magis
1300 1904 1369 1939 istis
1394 1905 1514 1950 poterit
1535 1905 1682 1950 impendi
1707 1906 1823 1946 latria,
1849 1904 1939 1950 quod
1950 1916 2054 1940 nemo

1170 1953 1238 1990 huc
1249 1955 1394 2000 usquein
1409 1955 1548 1991 Ecclesia
1570 1955 1621 1991 vel
1635 1955 1813 2000 cogitavit.
1844 1956 1889 1990 Et
1911 1956 1990 1999 ipsi,
2015 1956 2054 1989 in

1171 2016 1238 2049 quo
1250 2003 1419 2041 Dominus
1443 2005 1620 2049 pependit,
1646 2005 1740 2050 ligno
1761 2005 1889 2039 latriam
1912 2004 2055 2049 denegat

1172 2056 1307 2089 San-stus
1332 2053 1540 2090 Ambrosius.
1566 2053 1715 2100 Lignum
1737 2054 1859 2099 quippe
1885 2054 1955 2095 est,
1981 2066 2053 2089 non

1171 2104 1282 2139 Deus.
1310 2104 1356 2140 Et
1367 2103 1448 2139 hinc
1461 2103 1784 2146 Chazanzariorum,
1809 2106 1865 2140 seu
1890 2105 2055 2140 Staurola-

1172 2165 1294 2190 tratum
1309 2178 1322 2196 ,
1347 2154 1381 2190 id
1391 2154 1438 2191 est
1452 2177 1464 2194 ‚
1473 2155 1613 2191 Crucem
1625 2156 1738 2193 latrice
1750 2155 1932 2191 colentium
1941 2180 1952 2197 ‚
1964 2155 2054 2200 apud

1172 2204 1351 2240 Armenios
1373 2229 1385 2247 ‚
1411 2206 1526 2240 sectam
1551 2206 1668 2242 merito
1693 2216 1730 2242 ut
1753 2206 1892 2251 impiam
1915 2206 2056 2243 damnat
2077 2199 2234 2237 lam-054·

1172 2253 1381 2299 Nicephorus
1392 2255 1562 2291 Calixtus.
1589 2258 1635 2292 Et
1643 2257 1783 2302 gentiles
1795 2256 1873 2292 istos
1885 2280 1898 2298 ,
1922 2256 1979 2299 qui
1991 2267 2055 2293 nos

1172 2304 1381 2345 crucicolas,
1408 2306 1462 2340 seu
1484 2305 1602 2342 Crucis
1627 2306 1736 2343 latrice
1757 2306 1926 2353 religiosos
1945 2306 2055 2342 existi-

1169 2353 1325 2395 mabant,
1352 2363 1389 2390 ut
1398 2355 1563 2400 dogmatis
1574 2355 1753 2392 Christiani
1766 2356 1860 2400 plene
1881 2356 2053 2403 imperitos

1171 2405 1291 2449 spernit
1303 2404 1559 2441 Tertullianus:
1585 2406 1741 2443 Ostendit
1754 2406 1795 2443 ab
1820 2406 1911 2448 illis,
1937 2419 2007 2443 non
2031 2407 2053 2442 ὲ

1171 2455 1267 2490 nobis
1291 2454 1402 2490 latrice
1421 2453 1549 2492 adorari
1575 2456 1666 2502 ligna
1685 2457 1846 2492 cruciata.
1872 2457 2051 2505 Eleganter

1169 2503 1352 2550 Stephanus
1367 2515 1500 2549 quartus
1511 2504 1669 2542 Pontifex
1686 2507 1721 2542 in
1735 2505 1875 2551 Synodo
1885 2508 2054 2552 Romana,

1167 2555 1331 2599 publicata
1343 2566 1398 2599 per
1406 2555 1449 2589 D.
1459 2556 1586 2591 Lucam
1595 2557 1811 2596 Holstenium
1825 2572 1836 2592 .·
1861 2561 2051 2601 Crucempro

1168 2605 1313 2648 crucifixo
1335 2610 1367 2638 in
1378 2617 1415 2640 ea
1424 2607 1583 2640 adoramus
1609 2609 1645 2643 δ’
1673 2606 1875 2650 amplefflmur
1893 2608 2025 2650 fideliter
2040 2634 2050 2641 .

1167 2656 1206 2691 In
1217 2657 1284 2700 ipsa
1294 2665 1331 2691 ut
1342 2655 1376 2691 in
1389 2655 1576 2692 honorabili
1602 2658 1695 2703 signo
1710 2658 1884 2693 adoramus
1910 2658 2048 2693 Crucifi-

1168 2717 1260 2741 xum.
1289 2704 1404 2743 ,Addit
1428 2718 1472 2742 ex
1496 2708 1615 2743 Sansto
1642 2706 1825 2744 Athanasio
1851 2732 1859 2741 .
1885 2711 1957 2741 Non
1971 2707 2047 2749 ficut

1168 2760 1246 2791 Deos
1255 2761 1401 2801 imagines
1409 2758 1569 2792 adoramus
1589 2770 1641 2792 nos
1661 2758 1793 2801 fideles,
1819 2756 1911 2798 abfit,
1939 2765 1972 2790 ut
1982 2760 2044 2793 Pa-

1163 2812 1240 2852 gani
1248 2819 1261 2852 5
1282 2806 1342 2851 sed
1349 2810 1550 2843 tantumodo
1560 2808 1699 2849 affec‘lum
1723 2810 1758 2843 δ’
1780 2807 1959 2841 charitatem
1982 2814 2047 2842 ani-

1166 2868 1224 2891 mae
1234 2852 1336 2899 nfflrae
1346 2859 1392 2892 ad
1400 2858 1610 2901 vultumfaciei
1620 2863 1762 2902 imaginis
1771 2865 1911 2899 aptamus
1926 2881 1934 2889 .
1960 2851 2048 2893 Unel?

1166 2908 1200 2941 sb·
1234 2909 1384 2942 multoties
1409 2902 1496 2943 vultu
1513 2909 1626 2949 deleto,
1645 2908 1719 2950 ficut
1743 2909 1855 2951 lignum
1873 2914 1983 2949 purum
2008 2910 2045 2943 (θ’

1165 2969 1313 2993 commune
1316 2960 1411 3000 jam,
1434 2959 1516 3002 quod
1523 2956 1746 2999 dudumfuerat
1762 2957 1862 3003 ‘imago
1871 2980 1883 2998 ,
1907 2957 2044 2991 comburi,

1167 3020 1251 3042 nnis.
1279 3007 1406 3042 Eadem
1425 3008 1472 3043 est
1493 3008 1576 3042 ratio
1596 3008 1680 3052 signi
1703 3006 1835 3042 Crucis.
1861 3007 1933 3051 Ipsa
1952 3008 2043 3045 enim

1168 3057 1351 3094 Dominica
1371 3057 1463 3094 Crux
1489 3058 1613 3102 semper
1624 3057 1728 3095 saneta
1741 3066 1861 3098 manet·
1878 3067 1918 3094 ac
1942 3057 2046 3094 sacto·

1169 3107 1292 3145 uncta.

1478 3291 1735 3408 ⁴1³3}ss

1508 3508 1546 3544 R
1590 3521 1620 3549 ,2
1817 3503 1992 3544 cANoN

2072 2587 2101 2617 F.
2120 2587 2193 2617 262:
