2340 3762
366 170 467 218 1¹4
706 159 992 205 cauom-:s
1027 157 1324 203 Cone-1241
1361 155 1741 207 Tanarum

641 340 873 427 CA
919 335 1021 429 N
1075 335 1346 431 OTNJ
1416 413 1423 419 .
1470 336 1773 434 ΕἱΧΪ,

294 584 299 593 ‚
361 603 410 648 Ν
441 593 555 645 AEde
589 597 781 646 oratoria
815 588 833 655 ¹,
869 613 967 662 quae
1002 593 1064 643 est
1101 592 1234 644 intra]
1253 593 1433 645 domum
1457 632 1470 656 ,
1506 592 1748 663 Baptismus
1794 616 2120 670 nequaquam

293 662 296 664 ’
393 681 624 736 peragatur
645 704 660 728 ‚
708 664 781 716 sed
817 668 898 734 qui
932 665 1258 719 illuminatione,
1279 665 1344 734 ab
1383 665 1585 731 omnibus
1623 663 1819 721 sordibus
1875 665 2017 726 aliena
2055 663 2121 726 di}

288 740 369 810 gni
418 735 607 797 habendi
647 736 744 789 sunt
779 775 793 801 ,
842 734 899 789 ad
937 737 1192 786 Catholicas
1242 736 1451 791 Ecclesias
1504 735 1715 788 accedant
1750 776 1764 801 ,
1811 744 1855 790 &
1906 743 1990 793 hoc
2015 741 2122 796 'illic

291 805 468 859 munere
501 807 775 876 perfruantur
814 809 827 855 ’.
876 809 918 855 Si
965 809 1064 874 quis
1101 823 1248 857 autern
1285 847 1298 870 ‚
1345 826 1442 876 quae
1482 806 1507 863 ὲ
1545 807 1672 858 nobis
1707 811 1941 864 constituta
1982 813 2079 865 sunt
2106 853 2121 878 ‚

292 896 388 929 non
438 877 604 929 servare
644 880 868 931 convictu&
908 876 1038 931 fuerit
1066 911 1089 940 4
1136 878 1168 928 fi
1207 878 1266 933 fit*
1312 878 1492 950 quidem
1534 881 1731 930 Clericus
1771 919 1785 945 ‚
1833 882 2075 952 deponatur
2105 879 2124 946 ς’

292 949 325 1000 fi
369 964 515 998 autern
557 950 693 1000 laicus
717 985 731 1009 ‚
767 946 1008 1012 segregetur
1035 985 1049 998 .

662 1307 1379 1452 (ἸΑΝΟΝ
1494 1349 1744 1446 LX,

426 1606 517 1652 Um
555 1602 717 1651 clamet
755 1596 990 1667 Apostolus
1024 1637 1037 1662 ‚
1084 1599 1209 1668 quod
1240 1601 1321 1666 qui
1365 1599 1552 1650 domino
1606 1602 1798 1654 adhaeret
1839 1642 1853 1665 ,
1901 1623 2010 1655 unus
2044 1608 2120 1656 est

461 1671 633 1739 spiritus
669 1708 682 1733 ,
730 1672 893 1735 clarum
933 1670 994 1719 est
1034 1669 1159 1737 quod
1195 1673 1267 1738 qui
1309 1673 1445 1719 etiam
1491 1687 1592 1719 eum
1638 1676 1862 1723 contrario
1917 1671 2125 1736 inlesa-¹

284 1746 584 1795 miliaritatem
619 1758 670 1793 ac
712 1739 1064 1790 consuetudinem
1090 1778 1103 1801 ,
1139 1757 1238 1791 cum
1270 1741 1350 1791 illo
1384 1742 1690 1807 conjunctione
1731 1761 1863 1792 unum
1900 1742 1950 1794 fit
1977 1781 1992 1793 .
2028 1748 2125 1796 Eosv

285 1834 390 1879 ergo
426 1852 438 1876 ‚
474 1815 554 1880 qui
590 1811 631 1860 se
668 1810 694 1859 ὲ,
721 1810 918 1859 daemone
954 1826 1175 1878 correptos
1219 1808 1295 1860 effe
1332 1810 1533 1860 fimulant
1577 1849 1590 1872 ,
1639 1817 1683 1861 δε
1731 1831 1901 1869 morum
1949 1818 2117 1884 impro-

286 1887 428 1935 bitate
466 1900 614 1935 eorum
659 1881 839 1944 figuram
885 1885 928 1931 &
964 1881 1164 1932 habitum
1199 1880 1391 1930 simulate
1435 1899 1522 1948 prae
1557 1880 1599 1930 se
1646 1882 1789 1932 ferunt
1822 1919 1835 1942 ‚
1887 1883 2026 1936 visum
2053 1885 2115 1936 est.
2154 1898 2156 1901 ’

286 1959 406 2006 omni
443 1953 576 2003 modo
613 1954 755 2024 puniri
786 1988 799 2011 ,
835 1955 878 2000 &
922 1950 1131 2019 eJ'usmodi
1172 1950 1471 2001 afflistionibus
1502 1988 1513 2010 ‚
1563 1951 1869 2021 laboribusque
1905 1973 1979 2004 eos
2017 1955 2116 2004 sub-

286 2029 362 2093 jici
400 2032 606 2093 oportere
629 2059 642 2082 ,
677 2020 836 2088 quibus
874 2021 966 2082 iis,
1002 2025 1079 2089 qui
1116 2021 1218 2073 vere
1254 2020 1280 2071 ὲ
1315 2020 1511 2070 daemone
1561 2027 1751 2091 correpti
1796 2023 1891 2075 sunt
1934 2062 1949 2089 2
1995 2041 2046 2082 ut
2083 2024 2115 2078 τὶ

287 2097 496 2147 daemonis
535 2094 786 2163 operatione
820 2089 1054 2141 liberentur
1083 2128 1096 2154 ‚
1130 2096 1222 2159 jure
1259 2089 1566 2158 subjiciuntur.

473 2341 500 2385 S
534 2353 563 2383 c
599 2352 628 2382 H
665 2351 696 2381 0
731 2351 755 2380 L
790 2351 807 2381 1
842 2351 874 2382 0
910 2352 964 2381 N,
1179 2341 1185 2383 Ι
1225 2334 1259 2369 in
1268 2334 1440 2377 semetipso
1454 2333 1674 2378 unusquisque
1699 2333 1845 2376 accepit.
1872 2332 2029 2370 Videnda
2051 2335 2118 2371 ele-

1223 2396 1304 2429 gans
1325 2384 1433 2420 Sancti
1456 2384 1659 2427 Hieronymi
1684 2384 1829 2428 Epistola
1853 2385 1894 2419 de
1912 2385 2050 2420 muliere
2064 2386 2114 2420 se·-

1224 2435 1376 2479 ptiesiehr
1393 2460 1400 2468 .
1431 2433 1598 2469 Adversus
1610 2434 1704 2468 istam
1731 2433 1956 2468 detestabilem
1979 2433 2112 2469 humili-

371 2485 603 2528 Piscopatum,
629 2482 916 2526 presbyteratum,
944 2493 982 2516 ac
1004 2482 1170 2517 Diacona-
1223 2494 1324 2520 tatem
1357 2483 1440 2520 recte-
1459 2484 1570 2518 statuit
1604 2484 1708 2527 prima
1739 2483 1892 2526 synodus,
1925 2483 2112 2519 Valentina.

397 2546 469 2569 tum
494 2558 506 2575 ‚
532 2544 700 2576 tamquam
725 2543 809 2566 onus
832 2532 1007 2577 Angelicis
1026 2531 1170 2567 humeris
1223 2535 1340 2569 Galliae
1355 2559 1362 2567 .
1392 2536 1580 2577 ‚Quicumque
1593 2531 1690 2578 sesub
1700 2535 1885 2566 ordinatione
1899 2535 1952 2568 vel
1965 2535 2113 2568 Dlaconae-

291 2585 522 2630 importabile,
547 2583 630 2617 olim
650 2582 761 2617 fideles
771 2593 825 2625 per
846 2593 929 2617 artes
941 2583 1045 2617 varias
1067 2584 1171 2627 fugie-
1223 2594 1272 2619 tus
1287 2610 1299 2626 ‚
1326 2586 1378 2619 vol
1399 2584 1633 2623 Presbyteratus
1647 2609 1659 2625 ‚
1685 2584 1738 2617 vel
1755 2582 1978 2627 Episcopatus,
2004 2592 2113 2618 morta-

292 2637 393 2677 bant‚
421 2635 518 2670 etiam
540 2644 596 2678 per
616 2633 821 2676 propriorum
842 2632 1064 2668 membrorum
1085 2643 1170 2667 trun·
1223 2637 1245 2670 Ii
1257 2641 1379 2669 crimine
1400 2635 1535 2667 dixerint
1553 2634 1604 2676 esse
1613 2634 1762 2676 pollutos,
1787 2633 2000 2678 dsupraedlffls
2019 2634 2113 2667 Ordi-

292 2687 459 2722 cationem
473 2709 483 2725 ‚
503 2682 663 2719 &falsam
687 2683 735 2719 sui
748 2683 841 2726 ipfius
864 2684 1106 2719 accusationem
1126 2694 1172 2718 at·
1225 2686 1399 2719 nanombus
1409 2683 1574 2727 censuimus
1590 2681 1809 2727 submovendos
1821 2710 1832 2725 ‚
1858 2695 1921 2717 reos
1929 2681 2040 2726 sciltcn
2061 2683 2126 2716 vel*

291 2748 356 2782 que
374 2734 609 2771 confeffionem
630 2743 743 2767 eorum
765 2733 966 2776 criminum,
992 2732 1033 2768 de
1053 2733 1173 2777 quibus
1227 2742 1293 2770 veri
1326 2735 1488 2777 confeffione
1518 2759 1529 2775 ,
1557 2735 1610 2767 vel
1629 2736 1781 2768 mendacio
1797 2732 1944 2776 falfitatis
1963 2758 1970 2765 .
2000 2738 2111 2775 Neque

293 2787 334 2821 ad
344 2784 569 2821 Timotheum
587 2783 707 2827 sctipfit
733 2782 914 2827 Apostolus
927 2798 939 2818 .·
966 2789 1088 2826 Oportet
1097 2788 1172 2827 Epi·
1198 2824 1200 2828 ‚
1226 2792 1306 2821 enim
1320 2784 1436 2830 absolvi
1459 2790 1492 2817 in
1502 2784 1550 2816 bis
1559 2784 1676 2826 potest,
1704 2785 1785 2825 quod
1791 2783 1901 2816 dilium
1920 2788 1954 2816 in
1973 2783 2044 2815 alios
2052 2791 2113 2824 pu-

290 2836 407 2881 scopum
423 2860 435 2877 ,
461 2834 670 2876 Presbyterum
692 2858 704 2874 ,
729 2844 765 2866 ac
791 2835 953 2867 Diaconum
966 2834 1029 2876 fine
1050 2840 1174 2868 crimine
1229 2842 1341 2870 m'retur
1353 2861 1363 2876 ,
1389 2836 1454 2869 cam
1473 2839 1569 2867 omnis
1592 2858 1603 2873 ,
1629 2838 1680 2876 qui
1695 2831 1792 2875 fuerit
1806 2832 1864 2874 fibi
1883 2837 1987 2865 mortis
1998 2831 2086 2875 causa
2097 2857 2112 2873 ,

295 2887 361 2929 effe.
390 2887 456 2920 Res
478 2884 615 2930 indigna
638 2908 650 2924 ‚
675 2883 710 2917 &
730 2883 855 2918 crimen
879 2895 1008 2918 verum.
1036 2885 1172 2919 Etenim
1229 2888 1321 2928 major
1338 2884 1484 2919 homicida
1487 2882 1547 2925 fit.
1578 2883 1681 2916 Hunc
1699 2882 1874 2916 Canonem
1894 2881 1936 2916 ad
1948 2892 2026 2924 eos,
2051 2882 2117 2924 qui.

294 2934 422 2970 Divina
433 2935 526 2976 Lex,
551 2940 624 2969 Non
636 2934 716 2968 dices
719 2931 837 2977 falsum
850 2934 1063 2975 testimonium,
1089 2934 1172 2980 ligat
1233 2937 1297 2971 sese
1316 2943 1558 2981 energumenos
1580 2933 1787 2969 mentiuntur
1805 2957 1817 2975 ‚
1843 2932 1951 2968 noster
1977 2931 2109 2978 praesens

297 2984 428 3029 quidem
448 2986 484 3018 in
508 2986 694 3029 proximum
706 3009 717 3026 ‚
741 2983 906 3028 sedlonge
925 2984 1060 3018 strictius
1082 2985 1117 3018 in
1130 2986 1172 3019 se·
1231 2985 1378 3022 extendit
1393 3010 1401 3018 .
2005 2994 2007 2996 ’

298 3036 469 3082 metipsum
481 3059 494 3078 ,
519 3036 678 3080 quoniam
695 3035 840 3081 proximi·
852 3034 1014 3082 diligendi
1034 3035 1172 3070 modum

1895 3484 2068 3523 CANON
