2340 3762
55 693 156 739 C⁰nll:.
164 716 214 746 34.
236 719 240 727 -.

56 1953 88 1984 1.
106 1961 169 1989 1²3-

53 1996 127 2034 Cap.
133 2001 177 2031 Β·

54 2111 134 2147 Cap·
144 2119 155 2138 1
165 2119 188 2139 1.

59 2151 162 2185 Cap.4.

58 2190 182 2227 cap-²0·

51 2683 99 2713 Ep.
108 2686 200 2724 62.c.3

54 2723 125 2760 Cpa.
138 2732 163 2758 ς.

623 10 630 13 n
664 0 685 15 '⁷

610 24 657 74 ’.ὦ

619 206 931 260 Scironis,
967 219 1031 255 er
1064 201 1261 251 Norrs
1289 216 1674 258 *utus-ritui.

231 296 380 334 nuptias,
405 295 479 334 quia
499 288 686 328 Presbyter-os
702 287 808 331 sortiri
823 289 960 330 conjuges
974 284 1110 329 problbe·

231 353 313 374 mus.
350 341 430 375 Plus
451 341 546 375 ausus
567 339 612 373 est
636 339 773 373 Nicetas
790 336 980 373 Pestoratus
993 351 1004 371 .·
1030 338 1111 381 ,Quis

230 393 364 425 tradidit
385 391 472 426 vobis
488 389 646 433 probibere
655 390 688 427 β
697 388 867 433 abscindere
878 412 889 428 ‚
901 387 933 420 id
946 386 990 420 est
1002 410 1012 425 ‚
1031 397 1110 434 quo-

230 439 273 474 ad
283 442 455 476 vinculum
466 438 636 475 dissolvere
645 456 664 481 ,2
681 444 805 482 nuptias
818 437 1032 472 sacerdotum?
1054 435 1112 476 Ab

231 488 298 525 hoc
305 492 444 526 Canone
454 515 465 531 ,
484 500 582 533 quem
594 491 611 523 a
622 490 737 525 Sancto
750 484 932 533 Agathone
946 486 1110 521 Pontifice

231 541 462 577 confirmatum
484 543 643 575 mentitur
660 537 916 584 imperitiffirne,
941 537 1111 571 damnatas

232 591 279 632 ait
288 591 424 639 Latinas
436 589 627 632 traditiones
637 616 648 632 ‚
673 600 841 634 tamquam
853 587 1015 623 adulteras
1024 589 1059 626 δε
1068 585 1109 634 ab

232 639 471 687 Apostolorum
483 640 628 676 doctrina
639 641 760 675 alienas
771 665 778 672 .
1050 638 1054 643 ’

278 690 484 728 sanctissime
495 691 606 729 statuit
618 692 772 726 Clemens
790 691 921 725 octavus
934 689 1110 729 Pontifex,

229 736 266 776 ut
277 741 411 776 Graecus
423 739 596 786 Presbyter
607 742 708 777 miffae
727 741 919 776 sacrificium
940 739 1110 778 oblaturus

229 790 272 825 ab
290 803 397 827 uxore
419 794 515 827 ceffet
535 803 589 835 per
609 793 752 835 septem,
777 801 834 825 ant
856 791 940 826 certe
962 800 1020 832 per
1044 799 1108 824 tres

230 839 317 876 dies:
343 841 433 877 Nam
451 841 625 878 &carnale
637 842 821 885 Judaeoruru
840 840 1033 879 sacrificium
1061 839 1106 875 ita

1174 297 1228 328 per
1237 285 1380 328 Moysen
1399 287 1491 321 Deus
1504 286 1698 322 honoravit.
1725 287 1769 323 Et
1781 290 1865 326 istud
1876 293 2055 329 confirmat

1173 337 1305 379 praesens
1316 336 1435 370 Canon
1446 363 1454 371 .
1483 338 1532 372 At
1545 336 1674 381 peffime
1693 338 1726 372 se
1735 339 1853 374 fundat
1864 342 1900 376 in
1913 343 2055 381 canone

1173 385 1441 430 Carthaginensi.
1476 388 1567 436 Qis
1586 388 1677 425 enim
1699 389 1820 426 nesciat
1844 386 2055 434 Presbytero:

1172 447 1210 470 ac
1230 437 1404 471 Diaconos
1423 436 1517 473 fiiiffe
1542 437 1584 473 ab
1603 438 1697 474 omni
1724 438 1883 476 Africana
1911 441 2055 476 Ecclesia.

1172 485 1334 524 adstrictos
1353 485 1395 520 ad
1422 486 1553 529 plenam
1572 487 1837 527 continentiam?
1861 489 1950 538 Qis
1971 490 2055 525 ferat

1172 534 1212 569 ab
1234 535 1299 571 boc
1321 535 1460 570 Canone
1481 548 1537 570 eos
1562 548 1675 572 omnes
1695 564 1707 580 ‚
1743 539 1802 581 qui
1821 539 2052 582 Presbyteros,

1172 587 1364 634 Diaconos,
1377 596 1444 633 qaut
1464 585 1691 630 Subdiaconos
1711 588 1753 634 ab
1768 589 1969 632 uxorio.usu
1993 590 2056 626 im·

1146 651 1149 653 >
1171 632 1338 680 perfiant,
1374 631 1542 681 tamquam
1573 635 1844 680 Apostolicorum
1872 632 2054 675 canonum

1171 688 1427 731 praevaricatores
1436 686 1558 731 deponi
1571 686 1587 718 ?
1600 682 1648 721 Ita
1659 686 1750 721 enim
1764 689 1957 726 Romanum
1967 689 2057 724 Pon·

1170 738 1315 779 tificem,
1340 739 1520 781 o'mnesque
1541 734 1618 771 cum
1640 736 1699 771 illo
1721 736 1859 781 deponit
1871 739 2059 784 Episcopus,

1170 787 1358 823 &Clericus
1367 788 1524 822 Latinos.
1550 787 1594 826 Et
1614 786 1660 822 ita¹
1681 786 1777 822 illum
1793 786 1962 824 intellexit
1987 782 2060 827 Ni!

1178 847 1265 874 ceras
1286 837 1489 875 Pesterams.

609 1045 1288 1210 CANON
1399 1115 1665 1229 XIV..
1759 1095 1807 1101 ”

314 1339 551 1387 Αηᾶοηιτῐι
564 1371 578 1398 ,
622 1338 976 1404 Divinorumque
1009 1339 1189 1387 Parrum
1222 1334 1463 1387 nostrorum
1498 1340 1655 1385 Canon
1691 1336 1739 1384 in
1774 1335 1842 1385 his
1877 1352 2062 1403 quoque

347 1405 517 1464 valeat,
552 1420 601 1452 ut
636 1403 869 1472 Presbyter
902 1421 1004 1453 ante
1051 1407 1232 1465 triginta
1279 1421 1416 1467 annos
1463 1423 1573 1470 non*
1601 1403 1854 1468 ordinetur,
1891 1403 2061 1455 etiamfi

224 1470 280 1522 fit
314 1470 449 1520 homo
482 1470 610 1525 valde
643 1472 823 1537 dignuS,
872 1469 943 1523 sed
978 1469 1238 1523 reservetur,
1287 1474 1508 1524 Dominus
1543 1475 1663 1522 enim
1689 1473 1819 1539 Jesus
1856 1474 2063 1524 Christus

226 1539 445 1604 trigefimo
478 1558 595 1597 anno
629 1543 879 1612 baptizatus
914 1542 998 1603 est,
1033 1546 1077 1592 &
1112 1544 1249 1611 coepit
1279 1541 1439 1594 docere
1456 1580 1469 1592 .
1520 1545 1727 1594 Similiter
1761 1562 1842 1594 nec
1893 1546 2062 1595 Diaco-

227 1627 308 1661 nus
341 1626 445 1663 ante
480 1627 559 1676 25.
593 1631 753 1678 annos,
791 1633 871 1666 nec
907 1611 1156 1667 Diaconiffa
1191 1628 1294 1667 ante
1328 1633 1406 1682 40.
1441 1630 1580 1667 annos
1615 1614 1867 1668 ordinetur.

416 1785 909 1836 ScuoLION.

306 1932 342 1966 St
352 1930 459 1966 revera
472 1933 626 1979 antiquus
636 1934 770 1970 Pati-tim
794 1934 933 1971 Canon.
960 1935 1109 1979 Corrigit

329 1982 453 2028 Legem
494 1984 657 2019 novellam
683 1986 856 2029 Iustiniani
885 1985 1027 2030 Augusti
1067 1985 1107 2020 ad

223 2028 386 2073 joannem
403 2031 590 2070 Praefectum
611 2035 859 2070 Praetoriorum:
898 2036 1104 2075 Presbyterum

222 2086 367 2115 minorem
387 2087 512 2126 triginta
531 2089 657 2127 quinque
679 2091 769 2118 annis
787 2085 855 2127 fieri
881 2097 938 2118 non
954 2091 1101 2128 permitti·

221 2140 309 2163 mus.
337 2131 380 2166 Et
391 2132 502 2167 nostro
513 2134 669 2175 Canoni,
693 2143 761 2169 tam
774 2134 816 2167 de
828 2133 982 2169 Diacono
1005 2134 1103 2180 quam

223 2177 440 2224 Presbytero,
475 2182 714 2227 adstipulantur
738 2184 893 2228 Synodus
915 2185 1106 2220 Neo—Caesa-

223 2231 362 2273 reenfis,
387 2232 482 2268 tertia
494 2232 757 2279 Carthaginenfis
771 2258 782 2274 ,
807 2233 842 2268 &
864 2243 977 2279 quarta
1000 2235 1105 2270 Tole-

223 2289 322 2322 ωτι,
348 2281 427 2316 dure
447 2283 615 2327 increpans
638 2284 797 2328 quosdam
818 2283 1019 2330 Episcopos,
1044 2286 1101 2329 qui

223 2330 338 2374 paffim
356 2332 456 2367 etiam
476 2344 591 2376 pueros
615 2345 712 2377 atque
735 2334 877 2371 infantes
902 2346 1018 2370 contra
1039 2336 1101 2372 Ca·

223 2391 328 2415 nones
347 2393 386 2415 ac
408 2382 568 2422 Divinam
588 2385 713 2428 Legem
737 2383 771 2416 in
794 2385 965 2419 Diaconos
991 2396 1104 2429 prove-

222 2428 364 2464 hebant.
392 2431 518 2479 Qarta
538 2432 619 2468 item
638 2432 858 2474 Arelatensis,
887 2433 1101 2479 Agathenlis‚

222 2481 318 2514 tertia
349 2480 588 2517 Aurelianensis
608 2507 620 2526 ‚
657 2483 954 2519 Francofordienfis
972 2508 983 2524 ‚
1007 2486 1100 2520 tertia

221 2528 448 2571 Turonenfis,
473 2532 587 2567 Caroli
614 2534 734 2578 Magni
766 2533 954 2578 capitulare
985 2534 1103 2578 Aquis-

221 2580 402 2624 granense,
421 2580 617 2617 Tholosana
627 2583 686 2617 sub
702 2583 837 2618 Vistore
848 2582 992 2620 secundo
1013 2585 1098 2620 Pon-

219 2628 327 2670 tifice,
358 2627 884 2676 UrbanisecundiMalphitana,
911 2636 1099 2670 Dalmatica

219 2678 485 2717 subInnocentio
503 2682 626 2723 (tertio,
652 2683 788 2718 Sanetus
812 2684 1042 2728 Hieronymus
1060 2685 1095 2720 in

219 2728 338 2765 litteris
358 2730 398 2765 ad
410 2730 641 2776 Theophilum
663 2731 884 2769 Patriarcham
904 2734 1099 2770 Alexandri·

220 2789 300 2814 num
313 2803 324 2820 ,
350 2793 387 2816 ac
408 2781 444 2815 in
459 2781 543 2817 libro
566 2782 607 2816 de
628 2784 723 2817 sacris
742 2781 1018 2820 ordinationibus
1039 2786 1099 2828 Sy-

220 2839 320 2864 meon
351 2829 667 2876 Archi-Episcopus
703 2831 996 2870 Thessalonicensis
1009 2861 1016 2870 .
1052 2836 1096 2870 Et

222 2875 301 2913 hinc
321 2881 441 2916 Sancto
474 2882 650 2918 Bonifacio
675 2883 878 2920 Francorum
905 2885 1096 2930 Apostolo‚

223 2931 353 2972 roganti
375 2932 492 2976 viginti
503 2934 648 2977 quinque
658 2945 822 2969 annorum
833 2932 984 2971 ordinare
1008 2934 1097 2969 Pres-

222 2975 374 3020 byteros,
397 2981 628 3024 dispensatorie
646 2983 692 3019 ob
713 2985 920 3028 personarum
947 2985 1095 3030 inopiam

221 3028 376 3063 conceffit
386 3030 558 3068 Zacharias
569 3033 726 3068 Pontifex
735 3059 746 3075 ,
773 3033 894 3069 addens
902 3036 964 3071 else
984 3036 1096 3070 Cano·

214 3076 318 3111 -nibus
339 3077 521 3115 adversum.
547 3082 595 3118 lta
606 3084 714 3119 Sansti
738 3084 933 3127 Malachiae,
960 3085 1096 3121 Dunen-

219 3126 262 3160 fis
272 3127 480 3170 postmodum
492 3131 644 3177 Episcopi
658 3158 668 3174 ,
694 3145 770 3170 ante
781 3133 883 3170 dictos
902 3147 1007 3170 annos
1019 3136 1097 3171 Dia-

163 3203 172 3213 ,
219 3178 373 3212 conalem
386 3189 423 3213 ac
434 3178 689 3223 presbyteralem
701 3185 956 3221 ordinationem
978 3187 1096 3230 impu>

219 3223 275 3261 hat
295 3228 429 3263 Sanstus
452 3229 632 3265 Bernardus
653 3233 687 3266 in
699 3235 768 3277 ejus
788 3236 876 3277 vita,
901 3236 1090 3272 donandam

217 3285 330 3311 tamen
352 3277 486 3313 suadens
497 3281 690 3315 Ordinantis
710 3284 780 3318 zelo
800 3295 839 3318 ac
859 3285 983 3320 meritis
1000 3286 1097 3321 Ordi-

217 3327 311 3362 nati.
340 3328 538 3373 Gregorium
549 3328 861 3377 Thaumaturgum,
885 3333 952 3377 ejus
963 3336 1093 3370 fratrem

212 3376 497 3422 Athenodorum,
523 3380 677 3415 Sanstum
698 3381 938 3425 Athanasium,
963 3385 1095 3421 Sanaos

213 3427 447 3481 *Alexandrum
467 3442 505 3466 ac
535 3430 762 3468 Eleutherium
794 3432 986 3477 Pontifices,
1017 3437 1093 3472 San·

1176 1788 1263 1820 stum
1284 1785 1477 1831 Remigium
1502 1785 1713 1827 Remensem,
1740 1786 1895 1821 Sanstum
1906 1785 2058 1820 Lamber-

1177 1845 1248 1869 tum
1259 1835 1457 1880 Episcopum
1478 1836 1717 1877 Leodiensem,
1743 1837 1777 1871 &
1804 1834 1961 1882 quosdam
1975 1837 2059 1871 alios

1174 1885 1266 1920 fuine
1277 1886 1380 1920 autin
1399 1886 1617 1922 adolescentia
1640 1898 1696 1921 aut
1718 1887 1753 1923 in
1767 1888 1871 1930 prima
1884 1887 2059 1930 juventute

1172 1928 1267 1969 sacris
1293 1936 1500 1976 OrdInibus,
1526 1938 1627 1971 etiam
1655 1937 1856 1982 Episcopatu
1884 1936 2057 1979 initiatos,
2078 1963 2229 1998 L.6-c.23.

1174 1985 1329 2021 testantur
1349 1986 1529 2027 Eusebius,
1563 1989 1733 2026 Socrates,
1760 1987 1971 2031 Nicephorus
1996 1988 2058 2022 Ca-
2076 2003 2182 2032 Lxx„
2197 2012 2216 2030 ι,

1173 2035 1292 2076 lixtuS,
1318 2034 1523 2073 Flodoardus
1534 2061 1544 2077 ,
1571 2049 1608 2071 ac
1619 2048 1777 2082 magnum
1792 2038 1901 2081 Belgii
1917 2035 2059 2072 Chroni-
2077 2043 2166 2071 L.i.c.
2177 2053 2184 2071 1
2196 2054 2221 2072 ι.

1173 2097 1236 2118 con
1251 2099 1262 2119 :
1288 2085 1335 2120 At
1347 2086 1426 2121 dico
1446 2086 1679 2131 dispensatoria
1690 2087 1800 2129 fuisse,
1812 2087 1940 2124 Divino
1955 2089 2058 2127 etiam
2076 2082 2158 2118 ¹²·25·

1135 2141 1147 2148 ’·
1172 2136 1332 2170 miraculo
1342 2136 1454 2179 paffirn
1465 2137 1657 2171 confirmata
1673 2162 1683 2177 ,
1708 2138 1880 2179 quomodo
1899 2140 1934 2172 ὃς
1947 2138 2061 2181 adole-

1174 2187 1313 2219 scentem
1345 2185 1569 2221 Timotheum
1599 2187 1778 2232 Apostolus
1814 2189 1981 2230 promovit
2022 2189 2059 2234 in

1174 2235 1369 2279 Episcopum
1388 2261 1398 2276 ,
1425 2237 1601 2271 secundum
1613 2238 1828 2281 praecedentes
1839 2237 2032 2281 Prophetias
2049 2263 2057 2272 .

1172 2284 1277 2320 Unde
1289 2286 1397 2321 noster
1408 2287 1526 2322 Canon
1540 2297 1669 2332 putatur
1682 2290 1745 2324 esse
1755 2288 1896 2323 omnino
1914 2288 2059 2332 Apostoe

1170 2335 1252 2370 licus
1265 2360 1272 2368 .

1221 2386 1301 2429 Ejus
1320 2388 1449 2420 causam
1475 2387 1574 2421 edicit
1602 2388 1735 2422 Sanetus
1760 2389 1992 2432 Hieronymus
2019 2389 2055 2423 in

1170 2434 1307 2470 laudatis
1317 2436 1433 2470 litteris
1446 2450 1457 2470 .·
1483 2439 1622 2481 Triginta
1643 2449 1787 2471 annorum
1810 2435 1986 2480 {etasjuxta
1998 2451 2056 2478 my-

1161 2484 1280 2525 sterium
1304 2484 1457 2529 adsumpti
1494 2486 1621 2520 hominis
1635 2512 1646 2528 ,
1671 2489 1726 2533 qui
1767 2499 1848 2523 tunc
1875 2490 1990 2524 docere
2016 2490 2053 2525 ὄε

1168 2534 1395 2577 Presbyterum
1416 2549 1455 2570 ac
1475 2537 1675 2583 Episcopum
1688 2549 1781 2582 agere
1807 2541 1905 2583 coepit
1918 2564 1928 2580 ,
1949 2539 2056 2582 perfe-

1167 2585 1215 2617 c¹la
1223 2585 1279 2624 est.
1308 2586 1414 2620 Addit
1427 2587 1460 2624 ὃς
1474 2587 1590 2622 aliam.
1618 2586 1798 2622 Recordetur
1811 2589 1952 2632 Joannes
1969 2590 2054 2623 Hie-

1167 2636 1336 2678 rosolymae
1347 2635 1530 2681 Episcopus
1543 2641 1634 2681 Legis
1646 2645 1782 2681 antiquae
1792 2663 1803 2679 ,
1830 2642 1864 2674 (δ’
1870 2640 1931 2681 post
1941 2644 2052 2682 viginti

1167 2691 1296 2728 quinque
1318 2697 1413 2720 annos
1434 2688 1607 2723 RLe‘vitt'ca
1626 2689 1706 2723 tribu
1726 2691 1793 2734 eligi
1801 2696 1835 2722 tn
1845 2692 2050 2722 sacerdotium

1161 2735 1351 2777 pervidebit.
1377 2739 1437 2771 Aut
1447 2736 1478 2779 fi
1493 2743 1525 2772 in
1546 2737 1598 2775 boc
1616 2737 1675 2782 solo
1697 2739 1854 2780 testimonio
1873 2739 2050 2772 Hebraicam

1159 2783 1294 2828 sequitur
1312 2782 1496 2830 veritatem,
1523 2795 1640 2822 noverit
1665 2795 1792 2833 triginta
1813 2800 1956 2821 annorum
1977 2788 2048 2830 fieri

1163 2836 1345 2871 sacerdotem
1357 2861 1366 2870 .
1392 2835 1449 2872 Ad
1467 2850 1536 2882 quae
1547 2838 1644 2874 verba
1666 2839 1834 2874 Marianus
1854 2838 2021 2875 Victorius
2033 2852 2046 2873 .-

1164 2890 1200 2919 N
1201 2897 1232 2919 os
1242 2885 1327 2919 bodie
1351 2887 1511 2924 Hebraeum
1522 2900 1588 2925 cum
1599 2890 1722 2932 vulgata
1731 2889 1857 2925 editione
1863 2888 2046 2933 consentien-
2063 2883 2099 2913 C·
2112 2894 2159 2918 20·

1164 2945 1223 2969 tem
1233 2936 1389 2970 habemus.
1418 2937 1461 2972 Et
1483 2948 1595 2981 quarta
1617 2938 1769 2980 Synodus
1789 2937 1978 2973 Toletana:
2006 2942 2044 2972 In

1164 2992 1260 3020 veteri
1281 2990 1358 3031 Lege
1368 2986 1406 3020 ab
1415 3000 1494 3023 anno
1505 2987 1638 3031 vigesimo
1648 2993 1752 3029 quinto
1762 2990 1883 3023 Levitae
1905 2990 2044 3023 taberna-

1162 3035 1342 3080 culoservtre
1352 3038 1538 3073 mandantur
1546 3061 1558 3080 ,
1582 3039 1666 3078 cujus
1678 3038 1879 3083 auHmitatem
1889 3046 1922 3073 in
1945 3044 2043 3073 Cano-

1164 3086 1251 3119 m'bus
1265 3086 1411 3120 &sandi
1423 3089 1531 3120 Patres
1542 3085 1730 3132 secutisunt.
1760 3088 1803 3122 Et
1812 3090 1950 3124 merito:
1975 3089 2042 3124 Ne·
2061 3116 2096 3148 H.

1164 3146 1288 3180 queunt
1300 3137 1389 3171 enim
1403 3136 1566 3175 Presbyteri
1574 3146 1630 3179 per
1641 3137 1825 3181 antiphrafin
1834 3140 1854 3171 ἃ
1857 3137 1914 3182 suo
1924 3146 2041 3176 nomine
2059 3126 2216 3195 gssegffnc’ffi

1163 3185 1344 3230 discrepare,
1372 3186 1514 3219 Diaconi
1533 3197 1655 3221 aetatem
1672 3187 1712 3221 ad
1738 3189 1878 3234 viginti,
1903 3190 2040 3235 Presby-

1164 3238 1222 3271 teri
1233 3236 1272 3269 ad
1285 3236 1402 3280 viginti
1416 3236 1561 3284 quinque
1571 3249 1677 3274 annos
1688 3239 1898 3282 postmodum
1908 3253 2038 3276 contra-

1163 3288 1211 3320 xit
1222 3284 1353 3319 obalias
1376 3286 1532 3331 temporis
1553 3287 1696 3323 rationes
1716 3289 1751 3323 in
1775 3289 1913 3331 Synodo
1936 3291 2040 3326 Vien-

1165 3332 1252 3371 nenfi
1270 3335 1423 3370 Clemens
1433 3335 1584 3380 quintus:
1611 3337 1658 3372 At
1671 3350 1759 3374 nunc
1779 3341 1954 3377 Diaconos
1975 3344 2038 3378 effi!
2057 3348 2165 3379 1..1.tit.
2178 3353 2205 3379 6.

1161 3385 1323 3430 complete
1331 3396 1492 3420 annorum
1505 3387 1623 3432 viginti
1635 3387 1775 3426 duorum
1792 3392 1941 3436 praecepit
1951 3392 2037 3431 sacra

1162 3434 1311 3480 synodus
1319 3433 1514 3472 Tridentina
1525 3461 1534 3471 .

1909 3537 1988 3577 CA·
