2340 3762
50 2521 133 2562 Epist.
151 2533 178 2559 7·

632 170 936 225 Scuoum,
974 182 1038 211 ET
1073 166 1264 215 Nous
1300 178 1686 213 ILLUSTRATI.
1902 171 1995 230 283

1186 248 1298 281 stitum
1328 245 1529 281 investituras
1555 271 1566 287 ‚
1592 257 1629 280 ac
1653 247 1865 284 Innocentius
1903 251 2063 286 secundus

1183 295 1345 338 Lothario
1367 296 1519 341 Augusto
1538 297 1716 332 efestucans
1740 299 1930 335 eorumdem
1959 301 2070 335 nomi-

246 303 444 340 eleoionum
466 304 614 338 libertate
635 303 778 347 pugn'am
792 302 952 346 perfecere
976 300 1124 334 Calixtus
1244 348 1251 355 .

1185 358 1335 383 [lamone-5
1361 372 1370 381 .

246 251 410 291 Pontifice
431 264 491 297 pro
504 251 748 298 Episcopalium
777 261 876 296 atque
897 247 1123 285 Abbatialium

237 353 408 390 asecundus
417 354 567 390 Henrico
577 355 697 397 quinto
710 352 905 397 Imperatori
915 351 1014 386 laicas
1024 349 1121 385 Anti·
1132 262 1142 384 i

564 602 1752 754 CANON'XIIL

244 843 614 1035 Quoniam
649 842 829 908 quidem
866 841 976 890 dicit
1013 837 1173 894 alicubi
1221 837 1438 885 Divinum
1488 836 1713 904 eloquium
1757 850 1770 896 ·,
1828 835 1974 902 Dignus
2007 837 2062 889 off

455 916 645 978 operarius
682 910 837 958 mercede
864 909 943 976 fisa
982 929 995 966 3
1049 909 1171 973 hujus
1209 910 1271 955 rei
1316 909 1455 969 gratia
1503 922 1548 956 et
1584 924 1662 956 nos
1698 904 1969 956 decernimus
2006 912 2065 953 Φ

490 980 813 1049 promulgamus
837 1017 850 1041 ‚
887 996 934 1035 ut
973 996 1138 1042 magnae
1175 976 1372 1032 Ecclefiae
1408 979 1571 1027 Clerici
1608 1015 1622 1039 ‚
1672 979 1751 1045 qui
1788 979 1835 1025 in
1870 975 2065 1042 subjeffls

235 1049 462 1106 ordinibus
498 1053 657 1106 morati
693 1049 788 1100 sunt
817 1089 831 1112 ‚
868 1049 924 1106 ad
963 1057 1147 1117 majores
1184 1045 1338 1112 gradus
1375 1046 1633 1107 ascendant,
1669 1054 1728 1094 ἄν*
1762 1047 1795 1096 fi
1830 1045 1954 1108 digni
1977 1048 2065 1101 cla-

234 1124 398 1173 ruerint
423 1160 437 1184 ,
473 1122 722 1176 melioribus
758 1121 919 1191 perfrui
955 1136 1195 1177 mereantur
1233 1118 1467 1173 honoribus
1513 1138 1527 1176 3
1575 1117 1677 1169 cum
1713 1116 1853 1183 aliqui
1889 1133 2064 1178 eorum,

234 1195 312 1258 qui
349 1194 395 1241 in
431 1194 532 1260 ipfis
569 1192 664 1247 sunt
688 1231 701 1254 ‚
738 1208 813 1242 aut
851 1210 926 1260 per
963 1195 1278 1244 incrementum
1315 1187 1371 1240 ad
1408 1188 1624 1256 superiora
1659 1186 1894 1239 ministeria
1929 1185 2067 1237 advo-

235 1265 327 1310 cati
364 1262 525 1313 fuerint
545 1301 558 1326 ,
580 1279 671 1319 aut
707 1281 784 1331 per
821 1281 1096 1318 communem
1132 1277 1293 1317 naturae
1331 1263 1565 1310 terminum
1602 1257 1867 1307 dormientes
1915 1256 2066 1312 defue-

231 1334 363 1393 rint5
400 1333 471 1387 sed
507 1352 598 1385 non
633 1352 686 1384 ex
723 1335 845 1394 illis,
888 1338 965 1402 qui
1003 1333 1107 1389 foris
1145 1330 1265 1392 sunt,
1302 1331 1440 1398 aliqui
1476 1329 1517 1378 se
1555 1331 1622 1378 his
1660 1332 1970 1388 innectentes,
1990 1326 2066 1380 de,-

228 1401 348 1453 bitas
384 1408 446 1453 eis
487 1441 504 1467 ,
553 1407 634 1470 qui
670 1404 810 1452 multo
846 1419 1042 1469 tempore
1079 1403 1385 1452 laboraverunt
1424 1435 1437 1459 ,
1484 1398 1720 1462 dignitates
1769 1399 1842 1448 vel
1879 1399 2067 1446 honores

228 1474 442 1538 recipiant
482 1494 496 1532 3
551 1489 603 1524 ac
639 1489 715 1539 per
751 1472 835 1525 hoc
871 1472 1149 1527 inveniantur
1186 1467 1384 1522 Ecclefiae
1421 1467 1585 1516 Clerici
1622 1468 1742 1516 nullo
1778 1466 1913 1516 modo
1950 1465 2065 1534 poffe

227 1541 437 1608 proficere
465 1578 478 1592 .
530 1540 796 1594 Nullatenus
831 1557 977 1591 aute-m
1014 1540 1202 1596 habeant
1239 1537 1498 1606 potestatem
1522 1575 1534 1599 ‚
1584 1541 1662 1604 qui
1699 1539 1948 1605 Principum
1985 1535 2067 1586 do-

228 1628 402 1665 morum
426 1647 438 1671 ,
475 1613 544 1663 seu
579 1611 913 1665 suburbanarum
951 1628 1089 1660 rerum
1126 1625 1272 1660 curam
1310 1605 1507 1669 gesserint
1542 1643 1555 1666 ,
1607 1611 1720 1660 inter
1757 1607 1935 1658 Clerum
1973 1622 2064 1655 ma-

228 1697 323 1742 gnae
358 1683 556 1734 Ecclefiae
603 1682 755 1744 colligi
796 1719 809 1743 ,
857 1682 929 1733 vel
963 1679 1167 1732 constitui
1215 1698 1226 1726 :
1277 1680 1427 1726 Nemo
1475 1676 1640 1744 quippe
1689 1681 1790 1725 Deo
1827 1678 2020 1725 militans
2048 1713 2063 1735 ‚

227 1748 370 1803 saeculi
405 1754 591 1815 negotiis
629 1752 878 1820 implicatur
901 1788 914 1801 .
952 1755 994 1800 Si
1030 1749 1139 1800 vero
1175 1749 1276 1814 quis
1313 1761 1464 1813 praeter
1499 1745 1798 1795 definitionem
1817 1779 1847 1805 -,
1883 1763 2062 1811 quam-i

226 1835 345 1870 nunc
379 1823 640 1889 protulimus
670 1858 683 1882 ‚
719 1836 944 1889 promotus
981 1820 1109 1869 fuerit
1144 1819 1190 1864 in
1225 1832 1504 1882 quocumque
1534 1832 1700 1878 magnae
1730 1815 1929 1864 Ecclefiae
1963 1833 2061 1879 gra-

228 1886 289 1937 du
311 1928 325 1953 ‚
361 1891 612 1959 reprobetur
640 1891 904 1941 omnimodis
929 1890 985 1939 ab
1006 1888 1129 1938 omni
1154 1884 1452 1935 Ecclefiastico
1484 1884 1621 1949 gradu
1655 1922 1669 1955 2
1707 1901 1938 1956 tamquam
1981 1888 2059 1958 qui

227 1974 382 2018 contra
420 1979 624 2028 magnam
651 1961 872 2035 Synodum
913 1963 1141 2036 provectus
1169 1957 1397 2016 extiterit,

417 2151 443 2195 S
477 2163 506 2194 C
543 2165 575 2196 H
609 2164 642 2195 Ο
676 2152 702 2196 ι’
736 2164 753 2197 Ῑ
789 2166 822 2197 0
857 2167 906 2198 N·
1164 2154 1207 2189 vre
1220 2166 1231 2184 ‚
1256 2141 1336 2176 und?
1349 2142 1552 2177 contumeliose
1567 2154 1614 2178 eos
1626 2148 1837 2187 nominantes,
1865 2139 1995 2189 quando
2007 2157 2056 2180 vo-

1172 2195 1238 2227 lunt
1258 2194 1320 2227 illos
1343 2194 1479 2226 ordinari
1494 2195 1698 2234 Presbyteros,
1722 2206 1831 2240 rogant
1852 2207 1908 2230 nos
1932 2206 1985 2239 aur
1999 2199 2056 2238 ju-

1172 2243 1381 2277 benedicentes
1400 2256 1410 2275 .-
1438 2244 1537 2278 Habeo
1549 2256 1639 2279 unum
1651 2247 1841 2280 clericionem
1852 2271 1862 2287 ‚
1890 2258 1977 2288 quem
1999 2253 2055 2282 ml·

321 2296 506 2333 Omesticos
528 2297 692 2333 nobilium
714 2298 860 2334 elericos
873 2322 884 2339 ‚
909 2298 1030 2341 eosque
1047 2295 1106 2331 im.
1170 2293 1202 2326 b}
1213 2298 1330 2326 nutrivi
1341 2290 1485 2335 deservis
1496 2301 1568 2327 meis
1576 2302 1707 2337 propriis
1719 2320 1730 2335 ,
1756 2307 1811 2329 aut
1821 2296 2051 2338 beneficialibus,

346 2349 468 2391 peritos
493 2360 530 2382 ac
550 2359 650 2382 vanos
674 2373 684 2388 ‚
711 2361 781 2383 non
808 2346 1044 2383 tantummodo
1069 2348 1104 2380 in
1164 2343 1228 2385 five
1240 2341 1442 2387 Pagenfibus,
1467 2345 1640 2382 autobtimsl
1652 2345 1750 2379 abillo
1775 2348 1827 2379 vel
1836 2347 1884 2379 mo
1907 2345 2022 2379 homme
2040 2370 2052 2386 ,

219 2395 369 2438 Graecia,
395 2397 448 2431 sed
473 2398 551 2432 &in
573 2399 712 2432 Francia
736 2399 912 2432 abundasse
933 2397 1040 2430 scribit
1060 2396 1102 2430 ad
1163 2392 1226 2435 five
1235 2394 1272 2426 de
1285 2393 1334 2425 illo
1359 2395 1410 2425 vel
1417 2391 1464 2424 illo
1471 2401 1571 2438 pago,
1586 2395 1703 2435 ,volsus
1715 2397 1830 2429 ordines
1843 2406 1909 2430 eum
1932 2397 2005 2429 mihi
2017 2402 2050 2428 in

221 2444 425 2480 Bernardum
444 2445 759 2491 Archi-Episcopum
779 2448 1003 2482 Viennensem
1013 2447 1105 2490 Ago·
1172 2443 1390 2482 Presbyterum·
1418 2442 1557 2478 Hancce
1568 2444 1678 2479 faecem
1692 2446 1811 2480 Canon
1836 2456 1920 2480 vetat
1946 2445 2050 2489 impo-

221 2494 341 2529 bardus
360 2496 658 2541 Archi-Episcopus
680 2498 908 2543 Lugdunensis
923 2523 931 2530 .
957 2496 1105 2530 Increbuit
1172 2493 1208 2526 ni
1229 2491 1328 2526 Clero
1342 2491 1489 2529 Ecclefiae
1511 2494 1739 2536 cathedralis,
1766 2497 1938 2540 praesertim
1961 2496 2053 2530 Con-

221 2543 395 2587 eonsuetudo
418 2552 531 2587 impia,
558 2556 591 2579 ut
602 2550 691 2588 poene'
712 2549 807 2581 nullus
821 2553 996 2582 inveniatur
1019 2545 1105 2579 anhe-
1171 2542 1487 2585 stantinopolitanae.
1517 2545 1657 2580 Causam
1669 2546 1771 2580 datin
1793 2546 1909 2580 litteris
1931 2547 1971 2580 ad
1984 2546 2049 2579 Mi-

219 2594 292 2627 lans
318 2596 353 2628 δ’
374 2597 666 2638 quantulumcumque
682 2598 838 2639 proficiens
863 2599 907 2631 ad
928 2596 1047 2630 bonores
1071 2597 1104 2629 &
1170 2590 1316 2626 chaelem
1337 2591 1524 2636 Augustum
1547 2620 1557 2636 ‚
1597 2595 1685 2629 lectis
1706 2596 1740 2629 in
1771 2605 1883 2637 quarta
1907 2594 2048 2630 Actione

223 2645 350 2688 gloriam
361 2649 573 2687 temporalem,
597 2652 648 2688 qui
663 2658 719 2679 non
732 2647 912 2686 domesticum
936 2646 1044 2679 habeat
1055 2648 1107 2678 ,ςα-
1172 2642 1331 2686 praesentis
1357 2643 1485 2684 Synodi
1510 2669 1520 2684 ‚
1548 2645 1680 2680 Sanctus
1703 2644 1859 2680 Pontifex
1886 2645 2047 2679 Nicolaus

226 2695 369 2728 cerdotem
379 2719 390 2735 ,
416 2707 474 2728 non
484 2707 528 2729 cus
541 2694 659 2730 obediat
672 2720 682 2736 ‚
698 2695 757 2740 sed
767 2699 787 2730 ἃ
797 2708 852 2739 quo
863 2696 1032 2739 incessanter
1043 2700 1105 2728 ext·-
1172 2694 1308 2735 primus.
1335 2692 1468 2735 Ecclefiae
1482 2695 1811 2737 constantinopolitam
1825 2695 1978 2728 hortamur
1985 2694 2047 2734 sta-

225 2752 280 2788 gat
297 2746 408 2778 licitam
429 2755 517 2787 atque
532 2747 669 2778 illicitam
689 2747 909 2786 obedientiam,
934 2758 991 2779 non
1011 2744 1105 2789 solicm
1170 2752 1257 2782 tum,
1281 2749 1314 2774 ut
1340 2743 1415 2775 tales
1425 2745 1502 2778 alere
1528 2751 1606 2779 omni
1621 2747 1753 2789 religione
1775 2747 1903 2780 eruditos
1923 2744 2045 2783 studeat

228 2798 263 2826 in
275 2796 398 2827 Divinis
408 2796 508 2837 officiis
521 2819 531 2835 ,
557 2797 661 2829 versem
678 2802 814 2834 etlam‚in
825 2796 964 2830 humanis
975 2820 983 2828 .
1010 2797 1061 2828 Ιιὰ
1070 2806 1103 2829 ut
1169 2797 1250 2825 viros
1263 2816 1274 2832 ,
1299 2797 1350 2834 qui
1372 2793 1416 2824 ad
1423 2793 1555 2828 bonorem
1571 2798 1703 2829 cardinis
1716 2795 1803 2837 ipsius
1810 2793 1925 2837 sanc‘lae
1937 2798 1967 2826 E
1971 2796 2039 2829 ccle-

225 2845 567 2884 pleriqueinventantur
579 2869 590 2885 ‚
616 2851 667 2888 qui
679 2855 732 2880 aut
742 2848 785 2880 ad
793 2844 911 2889 mensas
923 2845 1103 2886 ministrent,
1166 2841 1213 2881 lr‘ae
1226 2866 1237 2882 ,
1258 2840 1323 2885 suis
1334 2841 1514 2886 Praesulibus
1525 2853 1669 2885 mortuis,
1697 2847 1747 2878 vel
1768 2844 1893 2887 quolibet
1914 2842 1983 2887 casu
2007 2855 2044 2878 ac

230 2901 285 2926 aut
294 2889 412 2934 saccata
436 2901 512 2929 vina
533 2894 693 2938 unificant,
721 2906 774 2930 aut
792 2907 878 2931 canes
891 2897 1024 2935 ducant,
1051 2904 1104 2928 aut
1166 2892 1249 2925 modo
1259 2892 1463 2928 decedentibus
1474 2898 1599 2930 valeant
1624 2894 1790 2938 surrogari:
1818 2896 1912 2938 ,Quod
1925 2905 1982 2927 non
1998 2892 2046 2938 so,-

230 2941 356 2975 caballos
381 2944 486 2985 quibus
497 2945 635 2987 faeminae
655 2945 759 2989 sedent
768 2956 873 2991 regant
886 2971 897 2987 ,
922 2953 974 2979 aut
996 2946 1103 2989 agellos
1165 2943 1226 2975 him
1240 2947 1272 2974 in
1284 2951 1368 2976 tanto
1380 2945 1593 2980 Patriarchatu
1614 2942 1764 2986 observari
1785 2947 1900 2978 omnin&
1931 2945 2018 2978 debet
2031 2968 2042 2986 ,

228 2993 415 3034 provideant
430 3017 435 3024 .
463 2997 508 3027 Et
517 3001 586 3036 quia
597 2997 674 3029 tales
686 3022 696 3037 ,
724 2999 759 3030 de
769 2998 874 3039 quibus
888 2995 950 3029 haec
961 2997 1082 3028 dicimus
1091 3020 1102 3035 ‚
1167 2993 1270 3027 veram
1280 2998 1370 3026 etiam
1383 2995 1542 3040 infingulis
1557 2994 1715 3037 quibusque
1725 2995 1903 3032 civitatibus
1927 3007 1964 3028 ex
1976 3006 2039 3030 con*

229 3042 319 3076 bonos
337 3043 504 3075 Sacerdotes
515 3049 546 3076 in
559 3045 692 3079 domebus
699 3045 764 3089 suis
779 3043 885 3079 halvere
904 3045 1101 3088 nonpoffunt:
1161 3040 1319 3084 suetudine
1329 3053 1481 3085 canonica,
1507 3056 1689 3088 magnacum
1703 3047 1818 3078 cautela
1834 3044 1978 3087 servatur
2005 3045 2040 3084 (β’

232 3095 320 3124 Nam
333 3098 398 3132 quis
410 3095 474 3134 eJJet
484 3093 575 3126 bonus
586 3096 717 3129 clericus
732 3121 743 3136 ‚
767 3102 818 3138 qui
839 3108 904 3129 cum
924 3096 1032 3129 talibus
1055 3095 1100 3128 ho·
1166 3092 1320 3132 custoditur
1338 3117 1344 3123 .
1372 3094 1530 3128 Eamdem
1551 3096 1710 3130 rationem
1737 3094 1870 3129 adducit
1898 3096 2040 3139 Ioannes

233 3141 363 3173 minibus
374 3141 550 3181 dehonestari
572 3155 675 3177 nomen
701 3148 734 3179 <v-
757 3154 856 3179 vitam
870 3146 960 3190 suam
974 3145 1100 3187 ferret?
1166 3143 1294 3176 octavus
1307 3136 1460 3178 Pontifex
1487 3146 1520 3177 in
1548 3145 1663 3178 litteris
1689 3145 1729 3179 ad
1747 3145 1901 3181 Bafilium
1927 3145 2041 3188 Augu-

235 3194 308 3223 Non
318 3199 420 3224 curant
432 3194 566 3230 omnino,
594 3196 693 3235 quales
706 3197 812 3228 Clerici
829 3197 872 3228 illi
876 3195 959 3236 sint,
986 3205 1100 3236 quanta
1166 3191 1272 3232 stum,
1297 3191 1427 3235 ejusque
1452 3193 1535 3228 filios
1555 3194 1812 3229 Constantinum
1839 3207 1876 3230 ac
1900 3196 2041 3228 Alexan-

233 3245 404 3284 dgnorantia
426 3239 478 3285 seu
488 3249 611 3283 quantis
621 3246 790 3277 criminibus
802 3245 954 3285 involatu
980 3246 1116 3290 tantnmi
1165 3243 1279 3283 drum,
1306 3241 1463 3277 Photium
1483 3242 1613 3278 tand⁰em
1641 3245 1679 3279 ad
1707 3245 1789 3279 male
1805 3245 1949 3279 invasum
1980 3243 2039 3278 Pa-

234 3299 270 3323 at
289 3289 415 3323 habeant
449 3292 632 3329 Presbyteros
647 3299 802 3334 proprios,
828 3305 949 3336 quorum
969 3293 1115 3334 occasione*
1166 3291 1375 3328 triarchaturn
1400 3294 1608 3328 retinendum
1635 3295 1820 3338 dispensans
1835 3319 1845 3335 ,
1871 3296 1904 3330 &
1929 3293 2037 3333 adjun-

234 3338 370 3381 deserunt
394 3339 532 3382 Ecclefias
561 3365 571 3381 ,
607 3345 736 3377 seniores
762 3368 773 3384 ‚
798 3345 832 3377 Θ
856 3343 947 3384 officia
968 3343 1117 3385 publicam
1165 3352 1258 3385 gens:
1292 3345 1337 3374 Eo
1347 3351 1444 3375 tenore
1455 3343 1510 3384 ista
1522 3346 1702 3378 decernimus
1716 3370 1725 3384 ,
1751 3355 1784 3378 ut
1801 3345 1863 3387 post
1876 3344 1958 3384 hujus
1977 3344 2034 3373 Pa·

237 3390 326 3431 ¹Quod
333 3400 433 3424 autem
445 3403 502 3424 non
513 3390 641 3425 habeant
652 3398 698 3425 eos
707 3401 828 3435 propter
849 3395 996 3437 religionis
1018 3393 1117 3436 ὑπο-Ι
1165 3389 1303 3424 triarchae
1313 3391 1421 3425 obitum
1433 3394 1530 3428 nullus
1543 3396 1579 3427 de
1589 3395 1671 3427 laicis
1699 3397 1750 3429 vel
1758 3394 1917 3429 curialibus
1929 3399 1960 3423 m
1978 3392 2035 3422 Pa-

234 3448 317 3480 rem,
343 3449 466 3482 apparet
479 3447 509 3475 in
521 3440 570 3475 boc
583 3466 593 3482 ‚
621 3444 699 3484 quod
707 3455 764 3477 non
775 3442 906 3480 habeant
916 3455 962 3479 eos
974 3449 1007 3478 in
1017 3443 1101 3479 bono·
1166 3440 1347 3477 triarchatus
1369 3443 1493 3489 eligatur
1517 3453 1571 3479 aut
1581 3443 1755 3488 consecretur
1776 3445 1879 3478 honore
1891 3465 1902 3482 ‚
1929 3437 2034 3481 nist-de

332 3489 438 3528 Cbrss.
454 3495 627 3534 Lupioper.
641 3496 786 3527 Tom.1H.
1558 3495 1593 3530 Ν
1614 3507 1636 3529 n
1687 3506 1709 3532 2
1909 3494 1985 3524 Car·
