2340 3762
673 174 742 208 DE
778 172 1011 204 OCTAVA
1047 155 1290 201 SYNODO
1324 151 1661 202 GENERAM.

232 243 394 279 Patricius
406 241 554 278 Bahanes
562 257 573 278 .·
600 243 702 285 Nostis
714 268 725 283 ‚
752 246 861 277 Patres
872 249 928 276 mei
936 241 1113 285 sancqiffimi,

232 300 305 337 quia
316 301 348 326 in
356 293 580 336 precedentibus
592 293 758 327 Aa‘iionibus
780 291 973 333 Ecclefiastica
999 289 1113 335 dispost-

233 344 370 385 aiojac‘la
382 345 418 384 est
429 347 449 377 ᾶ
459 344 543 387 vobis
560 343 748 388 sanffiffimis
761 341 1052 376 Loci-Servatoribus
1066 339 1112 384 se-

232 399 322 427 m‘oris
335 397 436 427 Romae
458 396 491 429 Cu·
505 396 701 427 Orientalium
716 393 834 437 sedium
845 417 855 433 ,
876 391 1040 435 secundum
1052 402 1115 426 con-

229 454 399 488 gruentiam
414 446 590 479 &ordinem
595 442 781 487 ffinodicum3
808 454 884 476 nunc
895 444 964 476 ver&
978 445 1115 477 Pati-iar-

232 493 295 527 cbae
308 496 501 527 Alexandria
512 502 598 528 venit
618 499 776 529 Vicarius:
802 496 848 526 Et
860 492 910 525 hoc
927 492 1117 534 proculdubio

230 545 289 578 Dei
297 551 492 585 cooperatione
519 546 552 579 Θ
565 546 714 578 voluntate
716 543 837 587 fabium
856 543 915 584 est.
940 544 1031 586 ‚Quid
1050 553 1116 585 ergo

232 595 270 628 de
287 606 394 628 caetero
414 596 537 628 videtur
549 594 707 629 §ariditati
726 594 855 635 vestrae?
881 592 1035 637 Iosephus
1045 602 1115 626 mo-

178 658 180 660 *
232 644 378 684 nachus,
408 645 551 679 Ecclefiae
563 645 796 679 Alexandrinae
810 643 1112 682 Archi-Diaconus,

169 692 181 702 ³
231 694 267 728 &
289 692 464 729 Michaelis
484 694 678 729 Patriarchae
701 694 874 739 Synceilus
907 704 944 728 ac
967 693 1111 737 Legatus

230 743 404 778 advenerat
418 770 429 786 ‚
455 744 602 789 adeoque
614 746 753 788 Synodo
770 744 883 779 nostrae
902 743 1008 778 adesse
1028 743 1111 776 fece-

232 804 282 827 rat
302 806 416 828 omnes
440 797 586 839 quinque
610 794 831 831 patriarchas.
857 793 1110 837 Responderunt

228 842 348 889 Legati
367 845 508 879 Romani
524 859 535 878 .·
565 848 612 879 Et
623 857 674 879 nos
685 846 946 888 quidemwdimus
965 852 1051 881 eum,
1077 842 1112 877 β’

229 893 426 937 locutisumus
438 900 466 928 ei
479 919 490 935 ,
513 896 548 927 ύ-
557 902 610 934 per
617 893 782 935 sermonem
800 895 864 932 ejus
871 890 1109 934 satisfac‘lionem

228 949 396 983 accepimus
419 967 428 974 .
458 943 668 977 Verumtamen
684 944 783 983 Juxta
803 947 941 978 canonica
957 948 1108 982 praecepta

227 992 344 1035 legatur
356 992 595 1028 commendatitia
605 991 806 1033 ejusEptstola
814 997 846 1024 in
858 993 1042 1024 audientiam
1051 1002 1109 1024 om-

229 1047 311 1074 nium
321 1048 354 1074 in
365 1040 534 1084 bacsanHa
546 1030 596 1086 J&
606 1040 770 1085 universali
781 1045 800 1075 5
796 1042 888 1081 ,nodo
901 1066 911 1081 ‚
935 1042 971 1075 ζῇ·
989 1043 1034 1073 ita
1045 1052 1109 1074 con-

229 1101 418 1125 numerentur
438 1091 572 1125 omnibus
596 1092 678 1126 nobis
701 1096 829 1128 Vicariis
854 1090 1107 1128 Patriarchalium

185 1153 187 1155 ’
222 1139 360 1184 sedium.
385 1142 539 1177 Universa
563 1143 716 1184 Synodus
746 1142 962 1176 adclamavit.-
992 1144 1107 1174 Bonum

172 1216 179 1224 -.
227 1191 382 1232 &justum
392 1191 451 1232 est,
477 1194 511 1226 (Ὗ
522 1193 586 1225 idea
596 1192 708 1230 cum‘lis
715 1194 816 1234 placet
826 1216 836 1231 ,
863 1191 959 1230 &hoc
980 1189 1107 1233 manife-

189 1243 191 1246 ’
218 1239 266 1281 fid
291 1240 403 1276 habetis
429 1243 450 1277 ἃ
472 1241 674 1285 consequentia
687 1242 882 1285 Ecclefiastica
907 1244 941 1276 δ’
945 1240 1103 1285 sinodica.

182 1295 198 1301 “
225 1291 332 1340 Qod
357 1303 436 1335 ergo
465 1293 570 1339 quivis
582 1291 841 1328 patriarcharum
867 1291 906 1326 ad
920 1292 1102 1337 generalem

182 1340 187 1344 “
224 1341 399 1384 Synodum
410 1342 527 1387 Legati
549 1344 683 1388 Legatis
705 1342 869 1378 Romanis
889 1341 1041 1376 exhibere
1052 1342 1102 1376 de·

177 1385 180 1388 ’
224 1390 323 1426 beant
347 1393 524 1438 legationis
549 1393 584 1426 ἀ
612 1394 777 1436 potestatis
803 1395 862 1426 suae
887 1393 1030 1432 litteras,
1056 1391 1102 1426 est
1127 1407 1128 1410 ¹

222 1444 458 1487 consequentia
484 1444 538 1476 seu
552 1454 700 1487 perpetua
711 1444 846 1481 traditio
872 1443 906 1475 &
916 1442 1024 1486 praxis
1039 1443 1105 1475 Ec-

222 1490 322 1525 clefiae
347 1493 379 1527 ὅ(
394 1492 596 1539 generalium
622 1491 849 1533 Synodorum.

235 1555 239 1560 ³
273 1539 336 1574 Pei·
346 1541 544 1585 Gregorium
559 1540 761 1574 Divinorum
772 1540 1021 1575 Secretariorum
1031 1540 1102 1574 No·

221 1589 340 1624 tarium
367 1591 444 1624 ledia
470 1590 515 1624 est
541 1587 716 1623 Michaelis
740 1589 934 1623 patriarchae
961 1590 1103 1622 Alexan-

221 1638 309 1673 drini
335 1640 377 1672 ad
404 1639 558 1675 Basilium
573 1638 757 1684 Augustum
785 1637 930 1682 Epistola
941 1662 952 1678 ,
978 1636 1102 1672 habens

220 1688 309 1723 varia
322 1689 446 1733 capita.
472 1688 586 1723 Primo
597 1689 678 1723 dicit
700 1687 846 1724 Michael
873 1690 905 1723 se
914 1689 1101 1732 frequenter

220 1738 359 1773 voluisse
377 1737 512 1774 scribere
523 1762 535 1780 ,
563 1739 617 1774 sed
641 1739 733 1775 fuisse
753 1740 795 1773 ab
806 1738 968 1784 Agarenis
979 1737 1043 1773 huc
1053 1738 1101 1777 us-

221 1797 287 1832 que
300 1786 501 1831 prohibitum
512 1812 523 1828 ,
547 1800 585 1823 ac
595 1788 729 1825 tandem
755 1788 858 1824 modo
870 1789 963 1823 sacris
974 1788 1098 1823 Princi-

220 1837 274 1881 pis
283 1836 636 1879 juffionibus.*obedire
646 1865 653 1872 .
681 1840 798 1875 Arbiter
810 1863 821 1881 ‚
846 1839 975 1882 inquit,
1002 1838 1101 1870 Pala-

211 1884 357 1925 stinorum
373 1893 499 1931 regionis
520 1913 531 1928 ‚
559 1890 594 1923 6
619 1889 808 1923 Tiberiadem
836 1890 870 1922 Θ
898 1891 1004 1926 Tyrum
1027 1886 1100 1920 obti->

219 1947 298 1970 nens
310 1959 321 1977 ‚
349 1936 496 1970 &borum
509 1937 706 1979 Praefidatum
730 1941 876 1972 creditum
893 1936 1003 1970 babens
1014 1962 1024 1977 ‚
1050 1935 1099 1969 bis

217 1985 321 2020 diebus
330 1992 454 2019 mittens
464 1988 508 2019 ad
515 1998 568 2020 nos
581 1992 738 2022 nunciavit
763 1989 979 2020 Dominicorum
1003 1988 1038 2021 ὁ·
1049 1996 1098 2018 no-

216 2034 411 2075 biliffimorum
434 2041 553 2077 apicum
576 2037 622 2068 ad
640 2036 674 2078 se
685 2037 896 2074 destinatorum
907 2037 1075 2070 adventum
1088 2059 1100 2078 ‚

211 2084 384 2127 iubentium
394 2106 405 2123 ,
429 2086 486 2127 qub
507 2083 562 2126 fibi
570 2095 748 2127 quemquam
766 2086 787 2116 ᾶ
807 2083 876 2128 sede
887 2086 1098 2119 Alexandrina

216 2135 265 2168 ad
286 2139 411 2177 imperia
436 2136 645 2178 dirigeremus.
674 2134 758 2183 Qae
769 2134 863 2169 verba
883 2133 1008 2170 docent
1017 2146 1101 2180 quae·

215 2182 294 2218 dam
305 2183 411 2219 adhuc
424 2183 602 2218 Palaestinae
613 2209 624 2225 ‚
651 2185 782 2228 Syriae‚'
798 2195 836 2218 ac
845 2182 1019 2219 Phaeniciae
1029 2197 1102 2220 mu-

215 2234 289 2269 nita
300 2235 373 2269 loca
386 2234 531 2278 spectasse
550 2235 585 2268 in
597 2234 827 2280 Agarenorum
848 2233 959 2268 medio
981 2233 1022 2269 ad
1035 2236 1103 2270 Ro-

217 2295 355 2319 manum
365 2285 538 2328 imperium
549 2309 560 2324 ‚
585 2284 693 2328 eisque
706 2287 798 2319 suum
811 2283 978 2319 Praefidem
993 2285 1094 2321 fuisse.
1109 2282 1115 2353 Ι

216 2334 370 2370 Secundo
380 2333 525 2368 Michael
537 2333 722 2369 Patriarcha
735 2336 782 2369 ait
793 2333 968 2378 Josephum
985 2347 1101 2370 mona-

205 2382 317 2418 'ehum
343 2384 363 2417 a
388 2385 420 2418 se
430 2384 529 2429 legari
541 2383 871 2428 Constantinopolim
890 2383 948 2418 sub
960 2382 1099 2419 liberan-

215 2433 335 2468 dorum
346 2435 550 2477 captivorum
563 2435 641 2468 fuco
654 2459 665 2474 ,
693 2433 832 2476 ideoque
859 2435 1022 2468 reversuro
1050 2447 1098 2468 ro·

215 2491 273 2527 gat
299 2483 427 2526 aliquot
453 2485 600 2527 captivos
617 2484 788 2528 Agarenos
814 2484 948 2517 donari.
977 2485 1097 2519 Tertio

215 2533 323 2567 Sansti
351 2532 472 2577 ignatii
500 2533 628 2566 causam
641 2534 687 2567 ait
714 2532 773 2567 fibi
796 2536 856 2568 esl'e
868 2534 1072 2577 incognitam
1086 2560 1095 2574 ,

215 2581 421 2626 proindeque
433 2594 499 2616 non
512 2583 530 2616 a
543 2584 573 2616 sc
585 2605 596 2622 ‚
621 2581 675 2617 sed
700 2583 719 2616 a
729 2585 788 2619 suo
800 2583 927 2628 Legato
939 2584 1097 2618 definien-

215 2632 292 2666 dam
304 2658 311 2665 .
339 2631 470 2679 Qarto
481 2630 562 2666 dicit
574 2633 669 2666 certis
681 2633 716 2666 in
730 2631 853 2668 cafibus
878 2634 934 2667 uni
948 2634 1096 2668 Ecclefiae

216 2682 304 2726 poffe
315 2682 396 2717 duos
410 2683 472 2717 effe
483 2682 578 2715 simul
590 2682 768 2726 Episcopos
780 2695 788 2715 ι
801 2683 933 2717 Etenim
948 2682 1110 2718 Ecclesiae‘

214 2732 530 2775 Hierosolymitanae
557 2732 687 2767 sanctus
707 2733 873 2767 Narcissus
898 2733 1095 2778 quandoque

214 2781 303 2815 solus
314 2806 324 2822 ,
351 2782 549 2826 quandoque
573 2794 650 2817 cum
675 2783 802 2829 collega
818 2781 948 2817 Gordio
958 2808 968 2824 ,
994 2795 1092 2827 quan-

214 2829 327 2874 doque
340 2842 414 2866 cum
427 2832 544 2866 Sansto
557 2831 747 2867 Alexandro
759 2833 913 2876 praesedit.
939 2833 1092 2878 ignotam

214 2879 276 2913 fibi
291 2880 396 2914 Sansti
408 2881 529 2926 Ignatii
555 2883 588 2916 &
599 2880 713 2916 Photii
724 2884 851 2917 causam
862 2883 1037 2926 suspicatus
1047 2884 1090 2918 est

213 2928 261 2965 ita
283 2930 391 2964 forsan
415 2933 502 2973 posse
514 2932 619 2975 pacari
633 2957 641 2966 .
666 2932 776 2966 Hasce
798 2932 920 2967 litteras
943 2933 1091 2976 probavit

210 2979 323 3013 omnis
335 2978 488 3023 synodus
500 3005 510 3020 ,
536 2983 570 3015 ὅ(
584 2980 759 3024 Josephum
775 2982 808 3015 in
832 2982 1018 3027 legitimum
1032 2983 1090 3017 Ec-

209 3029 311 3064 clefiae
323 3028 555 3064 Alexandrina
581 3042 619 3065 ac
629 3031 805 3067 Michaelis
829 3031 1020 3066 Patriarchae
1032 3034 1089 3067 Vi·

216 3080 343 3114 carium
354 3080 518 3125 Legatum
528 3079 624 3115 duxit
633 3080 872 3116 admittendum
882 3107 890 3115 .
917 3082 1089 3129 Qidquid

212 3127 280 3164 huc
300 3131 400 3175 usque
425 3140 482 3173 per
490 3131 565 3164 osto
576 3128 732 3167 Aetiones
758 3143 817 3176 pro
828 3133 946 3168 Sansto
958 3134 1089 3177 ignatio

211 3189 269 3213 aut
291 3179 598 3224 sacrisimaginibus
620 3179 788 3217 definierat
804 3182 978 3225 Synodus,
1005 3183 1089 3226 Jose·

214 3227 297 3273 phus
309 3229 485 3274 pleniffime
495 3230 635 3265 firmavit
645 3255 655 3271 ,
681 3240 778 3277 atque
789 3233 834 3268 ita
846 3233 879 3266 in
892 3231 1089 3268 Patriarcha-

212 3279 254 3313 lis
267 3280 380 3325 Legati
396 3281 499 3315 sedem
509 3281 554 3314 est
568 3281 711 3325 gloriose
721 3291 868 3327 receptus
879 3308 886 3314 .

265 3330 473 3375 Septuaginta
502 3331 598 3364 falsos
608 3331 723 3371 testes,
748 3335 804 3376 qui
823 3332 992 3377 ignatium
1017 3344 1084 3368 non

213 3381 372 3416 canonica
398 3381 556 3415 electione
567 3405 577 3421 ‚
604 3379 659 3416 sed
684 3381 766 3416 laica
780 3381 965 3417 Theodorae
975 3383 1084 3428 Augu-

211 3427 266 3462 ssae
277 3429 433 3468 violentia
440 3431 534 3468 fuisse
544 3431 704 3466 intrusum
715 3432 949 3469 Patriarchatui
974 3445 1084 3469 coram

1880 175 1968 218 391

1175 237 1380 273 Rhodoaldo
1403 239 1438 273 ἀ
1459 237 1618 276 Zacharia
1642 241 1776 278 ,Nicolai
1801 242 1894 287 Papa
1911 245 2042 290 Legatis

1177 291 1271 331 jurati
1283 292 1499 324 mentirentur
1509 313 1521 330 ‚
1544 289 1642 324 donis
1652 290 1686 327 dt
1695 294 1867 331 terroribus
1875 294 2043 331 seduxerat

1178 337 1527 386 MichaelAugustus:
1554 339 1665 373 Etiam
1691 338 1752 373 hos
1769 341 1886 387 ,Legati
1895 344 2045 381 Romani

1175 391 1371 423 censuerunt
1396 390 1617 423 discutiendos
1643 400 1681 423 a:
1707 390 1905 435 puniendos.
1927 393 2044 429 Primi>

1176 438 1375 473 introductus
1384 439 1428 474 est
1439 438 1640 475 Theodorus
1651 437 1837 483 spatharius
1845 464 1856 482 ‚
1875 442 2046 483 perjurium

1175 488 1321 528 deflens,
1346 489 1530 533 addensque
1555 491 1586 523 se
1611 489 1693 523 illud
1716 489 1849 526 cuidam
1861 490 2047 533 monacho,

1175 544 1227 581 qui
1236 541 1438 586 quadraginta
1461 550 1559 575 annos
1582 544 1616 573 in
1638 539 1774 573 columna
1792 539 1932 581 fecerat,
1956 540 2049 577 suiffe

1176 589 1445 623 sacramentaliter
1454 588 1636 626 confessum
1649 614 1660 630 ‚
1678 589 1831 634 accepisse
1844 589 2049 635 Epitimium‚

1176 637 1238 672 huc
1249 640 1348 682 usque
1361 639 1442 673 illud
1452 639 1639 684 adimplesse
1648 661 1659 678 ‚
1683 640 1717 675 ἀ
1727 641 1826 673 etiam
1838 639 1937 675 hodie
1947 641 2049 676 adim-

1173 688 1277 730 plere.
1307 689 1358 726 Ex
1384 701 1450 734 quo
1476 699 1564 734 patet
1589 688 1825 725 sacramentalis
1849 691 2051 735 poenitentiae

1174 737 1489 773 administrationem
1507 740 1573 784 jam
1584 740 1707 783 pridem
1720 738 1891 774 monachis
1903 741 1995 775 fuiffe
2005 741 2048 776 ab

1176 787 1312 822 Ecclesia
1324 790 1527 827 commissam
1538 814 1545 821 .
1574 789 1737 826 Bonifatii
1751 790 1857 834 quarti
1872 790 2022 825 Edictum
2035 815 2046 832 ,

1174 847 1304 878 praxeos
1331 839 1422 872 istius
1446 838 1615 874 adversum
1649 836 1887 876 monachorum
1912 842 2048 875 aemulos

1172 888 1454 923 confirmatorium
1468 914 1479 931 ,
1505 889 1639 927 adducit
1666 889 1701 926 in
1713 889 1861 933 Epistola
1887 890 1926 923 ad
1939 890 2047 924 Cano-

1171 937 1264 969 nicos
1300 938 1335 971 &
1361 939 1542 974 monachos
1568 940 1700 977 sanstus
1725 939 1841 976 Petrus
1867 940 2045 975 Damiani.

1172 986 1351 1029 Epistolam
1379 988 1471 1025 istam
1500 990 1578 1024 vane
1588 989 1721 1035 quidam
1739 989 1838 1025 hodie
1864 1001 1984 1025 vocant
2011 992 2047 1026 in

1171 1036 1384 1079 suspicionem
1411 1039 1659 1081 suppositionis.
1685 1039 1884 1086 Qinimmo
1909 1040 2046 1075 deGrae-

1169 1086 1215 1119 cis
1228 1085 1336 1124 scribit
1347 1086 1738 1132 Constantinopolitanu‘s
1749 1087 1883 1122 Patrum
1893 1090 2048 1124 Praedica-

1168 1146 1278 1170 torum
1307 1136 1482 1172 Trastatus
1503 1150 1510 1169 :
1539 1139 1684 1175 Praelario
1709 1139 1868 1177 sacerdotii
1894 1140 1979 1180 apud
2001 1150 2047 1174 eos

1167 1188 1286 1222 tantum
1295 1191 1373 1221 inter
1386 1187 1540 1224 monachos
1550 1187 1602 1231 effe
1612 1189 1731 1221 videtur
1743 1213 1750 1220 .
1778 1188 1836 1221 5011·
1846 1194 1927 1220 enim
1946 1199 2047 1223 mona-

1167 1235 1213 1272 chi
1220 1235 1387 1278 potestatem
1391 1237 1532 1281 solvendi
1554 1247 1647 1281 atque
1658 1238 1771 1281 ligandi
1795 1247 1945 1272 exercent.
1973 1239 2043 1273 Soli

1167 1286 1254 1329 apud
1281 1286 1356 1324 illos
1367 1287 1522 1327 monachi
1550 1290 1585 1322 in
1599 1284 1777 1332 Epii'copos
1792 1297 2045 1331 promoventur.-

1169 1336 1261 1370 Hinc
1272 1338 1363 1372 enim
1375 1339 1531 1376 saecularis
1543 1339 1577 1373 in
1591 1338 1791 1382 Episcopum
1804 1338 2045 1381 promovendus

1168 1384 1307 1424 Photius
1316 1398 1392 1421 ante
1401 1389 1514 1422 omnia
1527 1388 1588 1423 fuit
1615 1390 1649 1422 in
1670 1385 1868 1425 monachum
1880 1390 2027 1424 attonsus
2038 1414 2047 1422 .

1168 1434 1266 1469 Istam
1277 1436 1541 1472 administrandae
1552 1438 1757 1475 Poenitentiae
1781 1440 1903 1480 praxim
1914 1438 2048 1472 Tracta-

1167 1484 1289 1521 tusiste
1302 1496 1417 1519 notat.-
1444 1487 1526 1525 Non
1543 1487 1632 1531 quod
1658 1486 1816 1521 monachi
1844 1487 1934 1520 illam
1961 1498 2051 1522 exer-

1168 1544 1287 1575 ceant,
1313 1535 1367 1569 sed
1379 1536 1467 1579 quod
1477 1548 1648 1572 exerceant
1658 1536 1736 1569 soli.
1764 1535 1938 1583 Synodum
1961 1537 2047 1571 hanc

1167 1585 1229 1617 esse
1241 1582 1424 1628 legitimam
1450 1597 1489 1619 ac
1500 1585 1840 1625 vereoecumenicam,
1867 1587 2047 1631 omniaque

1167 1632 1236 1676 ejus
1247 1631 1399 1670 adversus
1413 1634 1572 1669 Photium
1591 1647 1651 1684 pro
1676 1636 1794 1671 Sansto
1819 1635 1952 1681 Ignatio
1967 1639 2047 1672 Asta

1167 1682 1321 1727 professus
1332 1683 1378 1719 est
1389 1683 1588 1724 Theodorus
1597 1710 1608 1726 ‚
1635 1697 1674 1720 ac
1684 1685 1829 1720 dimissus
1839 1711 1847 1719 .

1172 1730 1174 1732 ’
1217 1732 1348 1773 Exinde
1359 1734 1564 1773 introductus
1575 1735 1622 1770 est
1643 1736 1714 1775 Leo
1729 1735 1877 1774 Consul,
1904 1737 1962 1779 qui
1987 1737 2049 1771 cri-

1167 1793 1242 1816 men
1251 1781 1367 1818 dolens
1375 1785 1538 1819 fatebatur
1549 1808 1560 1824 ‚
1589 1785 1643 1817 sed
1655 1785 1763 1827 ipsum
1773 1782 1839 1818 huc
1849 1785 1951 1828 usque
1978 1797 2049 1821 non

1165 1831 1269 1864 fuerat
1280 1833 1552 1867 sacramentaliter
1578 1833 1761 1874 confessus,
1788 1845 1893 1879 neque
1919 1847 2048 1879 accepe-

1165 1889 1215 1915 rat
1227 1879 1442 1924 Epitimium.
1469 1882 1663 1920 Praesentem
1684 1883 1857 1927 Synodum
1881 1894 1919 1918 ut
1945 1885 2049 1930 legiti-

1166 1940 1255 1967 mam
1267 1931 1406 1975 agnovit
1417 1954 1428 1970 ‚
1455 1932 1564 1965 verum
1578 1933 1782 1974 Apostolicis
1790 1934 1924 1978 Legatis
1934 1945 2049 1980 rogan·

1166 1977 1272 2021 tibus,
1296 1979 1539 2016 anathematizas
1555 1980 1715 2026 Pharium,
1740 1983 1775 2016 6·
1788 1994 1886 2016 omnes
1903 1995 1976 2025 quos
2002 1987 2048 2025 51·

1166 2029 1259 2063 nodus
1271 2030 1545 2066 anathematizavit
1560 2057 1571 2076 ,
1597 2032 1761 2076 reposuit:
1786 2034 1867 2076 ‚Quts
1888 2031 1957 2076 sum
1973 2046 2045 2078 ego,

1167 2088 1201 2112 ut
1211 2079 1489 2116 anathematizem?
1513 2081 1787 2127 Anathematismus
1810 2090 1845 2119 in
1863 2082 1951 2126 causa
1971 2084 2045 2126 fidei

1158 2130 1218 2173 fit3
1246 2140 1280 2164 at
1290 2134 1361 2166 vera
1377 2131 1501 2168 Photius
1513 2132 1690 2166 orthodoxus
1701 2133 1741 2176 est
1754 2157 1766 2173 ‚
1791 2135 1826 2168 Cir
1836 2141 1870 2166 ut
1887 2135 1964 2178 quid
1972 2146 2045 2168 ana-

1163 2179 1361 2215 thematizabo
1386 2184 1477 2218 eum?
1503 2184 1547 2218 Et
1565 2183 1704 2228 Legati:
1728 2186 1827 2225 opera
1850 2185 1917 2225 ejus
1939 2187 2045 2226 peiora

1157 2228 1232 2272 sunt
1244 2235 1321 2264 omni
1331 2230 1450 2276 baeresi‘,
1463 2238 1533 2275 quIa
1547 2233 1658 2267 diaboli
1667 2239 1814 2275 operarius
1824 2233 1880 2273 est.
1909 2233 2045 2269 Etenim

1163 2280 1196 2313 in
1210 2280 1402 2316 Romanum
1414 2282 1615 2325 Episcopum
1642 2282 1756 2320 latrare
1780 2284 2044 2318 excommunica-

1160 2329 1262 2363 tionis
1286 2340 1344 2364 aut
1369 2331 1610 2377 degradationis
1633 2333 1822 2368 convicium
1849 2334 1912 2367 esse
1938 2334 2043 2377 Euty-

1159 2377 1278 2413 chiana
1290 2378 1396 2414 haerefi
1410 2381 1497 2428 pejus
1511 2406 1522 2422 ,
1547 2382 1593 2418 est
1607 2383 1703 2427 supra
1717 2382 1845 2419 abunde
1856 2383 2022 2419 ostensum
2033 2410 2040 2418 .

1160 2428 1282 2472 thuae
1293 2430 1334 2464 de
1348 2430 1474 2466 duabus
1494 2432 1529 2467 in
1542 2430 1661 2469 eodem
1686 2431 1823 2467 homine
1848 2432 2041 2474 animabus,

1159 2478 1192 2512 ὃς
1209 2490 1277 2522 quae
1303 2479 1454 2516 adversus
1468 2480 1661 2517 Romanum
1672 2482 1853 2517 Primatum
1879 2482 2042 2528 dogmati-

1158 2538 1243 2562 zarat
1260 2527 1419 2571 Photius,
1445 2541 1538 2566 crant
1564 2532 1706 2567 omnino
1732 2532 1884 2567 haereses:
1913 2532 2040 2567 Verum

1157 2578 1198 2612 de
1209 2577 1260 2613 his
1270 2591 1347 2614 cum
1359 2579 1498 2617 homine
1507 2580 1592 2617 laico
1618 2582 1839 2618 &criminoso
1861 2582 2040 2618 noluerunt

1157 2627 1275 2673 Legati
1309 2638 1436 2674 tempus
1461 2632 1496 2665 ὅ(
1519 2632 1613 2666 verba
1640 2631 1787 2675 perdere.
1813 2632 1856 2666 Et
1884 2630 1962 2665 hinc
1988 2643 2038 2665 ac-

1156 2679 1323 2720 quiescens
1335 2681 1407 2715 Leo
1418 2679 1602 2724 respondit:
1629 2683 1707 2715 cum
1731 2693 1786 2715 vos
1801 2681 1946 2722 judicetis
1969 2679 2037 2723 fieri

1156 2729 1190 2761 ό*
1213 2738 1339 2772 excepta
1363 2729 1468 2773 baerefi
1487 2731 1789 2774 anathematismum,
1814 2729 2038 2764 anathematizo

1155 2778 1248 2822 &ego
1259 2780 1375 2814 cundo:
1390 2805 1402 2822 ‚
1426 2792 1498 2825 quos
1512 2781 1787 2816 anathematizavit
1797 2779 1973 2823 baecsandi'a
2000 2781 2035 2814 Θ·

1154 2828 1333 2873 universalis
1357 2832 1505 2869 synodus.
1536 2832 1580 2866 Et
1605 2830 1685 2865 hinc
1711 2829 1813 2875 liquet
1838 2839 1972 2866 extunc
1999 2830 2035 2863 in

1156 2878 1295 2914 Ecclesia
1319 2881 1448 2924 coepiss‘e
1469 2880 1719 2921 moremillum,
1746 2880 1789 2915 de
1815 2878 1933 2924 quoad
1958 2878 2038 2913 Ale·

1154 2930 1315 2964 xandrum
1341 2931 1519 2965 secundum
1546 2931 1744 2965 Pontificem
1770 2929 1880 2966 scribit
1901 2931 2035 2965 sanstus

1153 2977 1265 3014 Petrus
1274 2980 1432 3015 Damiani
1443 2994 1454 3015 .·
1482 2980 1681 3022 cunmsfere
1693 2980 1899 3016 Decretalibus
1908 2986 2033 3024 paginis

1151 3030 1310 3064 anathema
1313 3031 1524 3073 subjungitur.
1552 3035 1670 3064 Dicitur
1679 3031 1757 3065 enim
1774 3043 1782 3064 :
1809 3028 1956 3075 ,Quisquis
1968 3029 2033 3065 haec

1151 3081 1202 3113 vel
1225 3082 1280 3114 illa
1294 3091 1352 3114 non
1370 3080 1501 3121 fecerit,
1526 3081 1686 3115 anathema
1689 3081 1730 3124 fit
1746 3106 1754 3113 .
1780 3081 1856 3116 Effe
1865 3079 1945 3115 dicit
1956 3079 2035 3114 abu·

1150 3131 1219 3164 sum
1238 3129 1498 3169 intolerabilem,
1521 3129 1557 3164 &
1582 3132 1709 3177 pergit:
1735 3135 1802 3165 Nec
1811 3132 1929 3166 Beatus
1942 3131 2030 3171 Papa

1149 3185 1308 3224 Gregorius
1320 3204 1331 3220 ,
1358 3181 1413 3214 vel
1417 3185 1516 3214 caeteri
1528 3183 1638 3215 Patres
1648 3206 1661 3223 ‚
1685 3187 1739 3224 qui
1750 3179 1876 3221 diversis
1889 3184 2028 3223 tempori-

1145 3230 1197 3263 bus
1222 3237 1255 3264 in
1280 3229 1446 3273 Apostolicae
1469 3231 1557 3264 Sedis
1572 3237 1713 3275 regimine
1732 3231 1894 3271 floruerunt
1909 3254 1922 3271 ,
1947 3228 2025 3262 hunc

1146 3292 1253 3314 morem
1274 3285 1307 3313 in
1326 3279 1394 3324 suis
1407 3286 1589 3323 reperiuntur
1598 3281 1758 3326 observaſje
1770 3284 1905 3314 Decretis
1918 3304 1925 3311 .
1953 3277 2023 3311 An-

1146 3332 1272 3374 tiquum
1285 3341 1411 3377 morem
1424 3355 1435 3371 ‚
1461 3332 1538 3365 solis
1552 3330 1710 3366 haereseon
1735 3339 1792 3365 aut
1817 3328 2022 3365 schismatum

1146 3380 1410 3415 damnationibus
1435 3392 1654 3424 apponentem
1679 3377 1850 3420 anathema
1873 3401 1885 3419 ³
1921 3374 2022 3412 servat

1145 3430 1243 3466 hodie
1269 3429 1409 3467 Ecclesia
1425 3431 1576 3467 Romana
1589 3455 1599 3466 .
1684 3432 1695 3469 ἶ
1880 3474 1927 3511 H*

1918 3485 1973 3511 mc

2067 852 2085 880 L
2096 859 2123 886 ς.
2134 848 2218 890 Epist.

2069 900 2112 927 19.

2050 2970 2208 3011 L-1.Epist.

2054 3024 2095 3043 12·
