2340 3762
622 155 925 214 Scrrorns,
961 169 1030 199 Er
1065 152 1255 199 Nor1s
1290 166 1659 200 lausum-11⁴

246 244 380 277 rseenfis
409 242 587 287 Episcopus
619 239 654 276 in
688 242 805 279 litteris
833 243 1013 277 amicorum
1041 242 1113 275 suo-

241 303 312 326 rum
341 294 381 327 ad
403 293 585 328 faciendam
607 303 683 326 cum
708 293 838 328 Latinis
861 303 974 336 pacem
1009 291 1113 326 horta·

241 342 350 377 toriis.
390 346 481 386 Apud
505 348 516 374 ἴ
526 349 621 378 atinus
641 344 828 386 Evangeliea
854 341 989 375 doc‘lrina
1008 341 1113 383 ubique

242 397 346 435 viget,
364 400 482 434 currit,
516 393 747 435 nncltiplicatur‚
771 395 806 427 ὁ·
825 391 958 425 omnibus
982 395 1112 425 Divinus

241 440 338 485 samo
354 446 551 486 praedicatur.
589 441 833 476 Multitudtntbus
862 449 920 483 por
951 446 1090 475 civitates
1102 466 1113 484 ‚

245 492 361 532 villas,
388 495 515 535 oppida,
547 492 703 532 &castella
717 516 728 533 ,
753 494 788 528 Θ
806 497 839 525 in
856 489 952 534 sacris
975 492 1112 534 templis,

245 543 281 575 6·
294 542 462 584 ubicumque
473 546 668 576 inveniuntur
673 542 762 584 fimul
772 543 858 575 multi
878 547 1030 586 aggregati
1044 565 1055 582 ,
1079 541 1114 575 ὁ*

243 590 535 634 presertimftstivis
544 591 646 626 dtebus
655 614 666 631 ‚
690 589 841 634 qutsctunt
852 593 968 624 Divina
979 592 1091 634 eloquia
1101 614 1113 630 ,

242 642 414 682 pradicant
429 651 614 686 congruenter
621 642 809 675 audientium
832 640 948 675 habitui
966 643 1001 675 ὑ·
1020 642 1114 684 loque·

243 692 283 724 1ae
293 714 305 731 ,
332 697 497 733 aperientes
509 697 610 734 etsper
620 700 714 724 totum
723 702 834 724 annum
845 692 879 725 (a
888 690 1031 732 historiale
1042 713 1054 731 ‚
1080 691 1114 724 o·

243 746 435 775 narrativum
445 766 456 783 ,
483 740 697 786 &sententiale
709 764 720 782 ‚
744 742 777 775 Θ
790 742 896 775 morale
907 744 1032 776 Divinae
1041 742 1114 774 Scri-

236 797 340 831 pturae
348 815 359 831 ,
385 797 497 826 veteris
503 796 620 834 pariter
631 792 665 825 Θ
677 802 764 825 novae
772 812 784 830 ‚
799 788 843 825 ⁹&
854 802 919 824 cum
939 789 987 826 bis
996 790 1115 823 saneto-

241 851 310 872 rum
331 846 418 874 vitas
439 846 473 872 ln
484 852 582 874 eorum
592 842 759 874 natalitiis.
785 842 838 873 Ita
857 841 972 874 illorum
991 841 1114 873 illitera-

71 312 153 351 Epist.
169 325 193 345 1.

239 894 267 922 tt
276 913 288 928 ,
303 889 502 931 ,maresfimul
509 888 686 932 &faeminae
696 913 707 928 ‚
727 889 898 923 nibilminus
908 889 947 922 ab
957 889 1005 921 bt's
1019 913 1029 929 ,
1062 893 1114 930 qui

235 940 347 971 luteris
353 937 473 978 student
484 963 495 979 ,
520 937 647 972 babent.
675 938 825 972 Graviter
846 939 991 982 queritur
1012 939 1114 972 hocce

239 985 365 1020 bonum
379 988 523 1022 Ecclefiae
535 988 649 1024 Graecae
658 987 761 1022 deeffe
771 1013 778 1021 .
797 989 928 1022 Malum
940 990 1112 1033 graffatum

236 1036 330 1071 fuisse
341 1037 547 1082 fingulariter
557 1037 643 1082 apud
654 1037 844 1079 Armenios,
865 1038 906 1072 de
916 1037 1033 1082 quibus
1044 1038 1114 1073 Cle-

236 1098 331 1121 mens
340 1087 487 1122 Galanus
497 1088 533 1122 in
544 1099 640 1131 opere
650 1086 692 1122 de
701 1099 815 1123 eorum
825 1089 948 1122 unione
967 1100 1044 1122 cum
1054 1088 1116 1122 Ec-

236 1137 332 1171 clefia
343 1138 514 1173 Romanu.
542 1139 743 1182 magisterium
754 1140 805 1172 seu
815 1139 905 1172 sacrae
917 1137 1116 1182 Theologiae

237 1187 425 1221 doctoratus
435 1190 508 1221 adeo
513 1185 661 1230 supreme
670 1189 756 1230 apud
766 1191 917 1221 Armenios
927 1188 967 1228 est
985 1189 1114 1232 dignita-

238 1242 281 1271 tis
291 1259 303 1276 ‚
326 1246 359 1270 ut
368 1237 613 1279 ipfipraeferatur
631 1237 825 1281 Episcopatus*
836 1262 847 1279 ‚
873 1249 924 1271 nec
944 1239 1014 1271 aliis
1028 1262 1040 1279 ‚
1065 1236 1120 1279 nisi

232 1288 408 1330 pauctffimis
418 1286 665 1330 &sapientioribus
676 1288 830 1320 Monachis
843 1311 854 1327 ‚
881 1298 916 1320 ac
925 1295 1011 1320 tanto
1030 1298 1115 1321 caere-

238 1343 405 1370 momorum
426 1339 460 1370 6·
479 1341 661 1370 Divinarum
671 1340 793 1378 precum
813 1342 874 1369 ritu
892 1336 1040 1377 confertur
1049 1361 1061 1377 ,
1084 1344 1117 1369 ut

238 1386 281 1417 ab
301 1391 418 1419 incauto
435 1388 542 1427 populo
561 1389 633 1419 ver?
655 1387 885 1420 sacramentalis
906 1387 1008 1423 ordo,
1042 1392 1116 1426 quin

242 1434 369 1466 allorum
390 1440 516 1467 omnium
520 1433 675 1474 supremus
685 1435 847 1471 credatur,
872 1434 1057 1473 utpote‘qut,
1082 1442 1116 1465 ut

236 1480 294 1524 ipfi
307 1483 427 1521 dicunt,
452 1480 560 1521 christ,
580 1483 699 1513 Domini
721 1479 875 1524 personam
886 1504 898 1520 ,
923 1486 973 1522 qut
990 1480 1091 1513 Rabbt
1105 1506 1115 1522 ,

239 1530 358 1572 bocest,
383 1530 518 1575 magister
526 1529 751 1573 appellabatur,
775 1538 843 1572 prae
859 1528 894 1572 fit
910 1529 995 1571 fert.
1022 1533 1116 1575 Magi-

232 1581 306 1623 stris
321 1581 383 1622 istis
393 1582 556 1614 dumtaxat
565 1582 633 1615 licet
643 1586 804 1615 concionari
815 1585 847 1613 in
859 1578 989 1622 Ecclefiis
1001 1604 1008 1611 .
1032 1583 1114 1624 ,Qua-

240 1643 274 1665 re
280 1630 346 1674 suos
357 1630 517 1674 Epist-opos
526 1656 538 1671 ,
557 1629 688 1674 quisunt
701 1631 904 1672 utplurimum
914 1631 1022 1662 indolli
1041 1637 1092 1664 νηὶ
1102 1655 1113 1671 ,

238 1683 383 1724 ηοκρσηὲ
393 1705 405 1722 ,
430 1679 488 1722 nisi
499 1681 543 1715 ad
555 1679 631 1725 solos
647 1679 744 1725 sacros
754 1680 881 1716 ordines
902 1679 1091 1724 conferendos
1101 1706 1112 1724 ,

236 1730 386 1766 adhibent
397 1757 405 1764 .

289 1781 422 1829 Qanta
444 1782 635 1827 Episcopis,
664 1782 895 1827 Apostolorum
917 1783 1058 1819 Vicat-iis
1079 1784 1113 1818 ἀ

237 1832 468 1866 successoribus
477 1855 488 1871 ‚
511 1834 547 1867 fit
563 1831 753 1877 praedicandi
766 1833 928 1879 obligatio
938 1859 950 1875 ,,
961 1834 1063 1878 liquet
1072 1843 1113 1867 ex

241 1881 345 1916 verbo
354 1883 459 1918 Sancti
473 1882 568 1916 Pauli
582 1883 735 1927 Apostoli
749 1884 789 1917 ad
801 1882 1011 1919 Corinthios:
1041 1888 1114 1916 Non

238 1930 317 1973 misit
339 1943 385 1965 me
404 1934 546 1965 Dominus
568 1932 742 1976 baptizare,
762 1931 819 1976 sed
846 1934 1030 1975 praedicare.
1068 1934 1112 1967 Et
1135 1957 1139 1960 -

235 1981 394 2024 praecipua
407 1982 475 2025 ejus
496 1982 536 2018 ad
549 1982 769 2017 Timotheum
782 1983 982 2027 Episcopum
999 1994 1054 2026 per
1068 1983 1112 2026 Je—

235 2032 311 2065 sum
322 2030 488 2066 Christum
496 2031 643 2076 Iudicem
653 2034 686 2067 &
697 2032 900 2068 tremendum
910 2033 980 2075 ejus
991 2034 1023 2066 in
1037 2033 1114 2077 igne

237 2079 380 2115 tribunal
403 2080 564 2123 adjuratio
583 2083 666 2116 fuit:
705 2084 844 2116 Praedtca
867 2082 989 2115 verbum
1000 2107 1007 2114 .
1035 2080 1114 2124 E‘Jus

237 2129 338 2164 etiarn
355 2129 396 2164 ad
406 2129 526 2165 Titum
536 2132 696 2175 praecipua·
718 2142 783 2166 vox
803 2131 864 2166 est:
892 2136 1014 2173 oportet
1038 2135 1114 2174 Ept-

232 2177 350 2222 scopum
362 2179 413 2223 effe
425 2181 589 2214 Doc‘lorem.
611 2181 764 2225 Episcopi
784 2182 874 2215 enim
898 2182 1045 2215 officium
1067 2182 1111 2215 est

235 2228 330 2273 fungi
341 2229 504 2274 legatione
515 2242 571 2274 pro
584 2228 716 2264 Christo
727 2255 737 2270 ,
766 2231 850 2265 inter
859 2230 947 2273 cujus
960 2231 1113 2275 palmaria

233 2278 253 2311 ὲ
263 2277 361 2313 Patre
370 2288 500 2323 accepta
513 2281 666 2319 mandata
689 2281 753 2314 fuit
764 2281 955 2324 pauperibus
966 2282 1112 2326 Evange-

236 2329 349 2362 lizare.
374 2329 467 2362 Hinc
481 2330 637 2364 Eusebius
649 2330 848 2364 Caefareenfis
861 2331 1041 2374 Episcopos
1058 2342 1113 2365 vo·

57 2370 123 2403 L3-
136 2376 210 2406 c23¹·
233 2388 286 2411 cat
298 2379 509 2422 Evangelistas
520 2404 527 2412 .
557 2381 599 2413 Et
612 2380 720 2414 Patres
728 2379 809 2415 olim
823 2380 923 2413 nostri
937 2380 1109 2425 Episcopa-

57 2417 75 2443 3
81 2419 107 2436 ²¹⁸
232 2438 306 2462 tum
317 2428 523 2471 appellabant
540 2431 769 2462 Praedr'catlonts
780 2431 899 2472 officium
907 2455 918 2471 ,
945 2430 994 2464 ut'i
1008 2431 1111 2474 liquet

231 2478 318 2519 apud
330 2478 441 2521 Jacobi
455 2479 618 2513 Sirmondi
630 2478 801 2514 Gallicana
814 2480 968 2514 Conciliat
982 2492 1024 2514 ex
1037 2493 1107 2524 pro-

234 2527 367 2560 feffione
394 2526 562 2563 Adalberti
595 2529 791 2563 Morlnenfis
816 2530 992 2574 Episcopi,
1027 2532 1109 2565 fana

233 2577 420 2610 Hincmaro
431 2577 656 2621 Metropolitae
668 2579 818 2613 Remenfi
834 2604 844 2619 ‚
870 2591 907 2613 ac
928 2591 969 2613 ex
983 2581 1107 2615 vetusta

232 2626 383 2671 omnium
396 2623 751 2672 Archi-Episcoporum
763 2630 955 2672 profeffione
965 2652 975 2668 ‚
995 2630 1109 2673 produ·

233 2677 283 2723 Cia
294 2687 335 2710 ex
357 2677 454 2710 veteri
466 2675 579 2713 codice
591 2678 775 2712 monasterii
787 2678 997 2713 Fioriacenfis
1008 2703 1019 2719 ‚
1044 2680 1106 2715 Re·

230 2726 293 2770 giae
302 2726 381 2760 item
397 2727 655 2762 confirmationis
668 2738 855 2772 praeceptum
869 2727 1007 2763 habebat
1020 2730 1102 2764 olim

231 2773 297 2811 haec
307 2777 347 2810 ad
359 2776 494 2811 elestum
508 2778 707 2822 Episcopum
718 2779 811 2813 verba
823 2789 834 2808 -·
859 2779 1046 2822 Comnuffam
1058 2792 1107 2813 vo-

230 2825 277 2858 bis
304 2826 417 2868 plebem
431 2829 529 2868 juxta
551 2835 718 2862 canonicam
754 2828 962 2869 institutionem
987 2831 1105 2870 affiduis

227 2877 474 2914 praedicationum
496 2876 676 2920 sermonibus
705 2879 844 2920 expolito.
885 2879 929 2914 Et
957 2880 1105 2914 Ecclefiae

227 2921 448 2960 Laudunenfis
473 2928 513 2961 ad
548 2928 613 2971 jam
645 2928 768 2962 dietum
801 2929 1022 2964 Hincrnarum
1046 2942 1104 2974 pro

231 2971 423 3009 Hedenulfo
436 2977 544 3011 Elesto
555 2978 719 3012 decretum
734 2992 741 3011 z
763 2979 962 3021 Hedenulfum
974 2980 1054 3012 nobis
1069 2983 1103 3015 (τ’

230 3021 364 3063 Ecclefiae
376 3025 479 3064 nostrae
492 3027 639 3060 Ductorem
658 3027 951 3071 instituipostulamus
967 3053 974 3061 .
1003 3030 1046 3064 Et
1068 3031 1101 3063 in

228 3070 321 3105 libris
332 3072 513 3109 officiorum
524 3075 563 3110 de
573 3078 741 3122 semetipso
753 3077 883 3112 Sanctus
895 3077 1083 3114 Ambrosius
1095 3092 1102 3112 :

58 3127 87 3156 1„
101 3135 125 3156 ι.
147 3134 171 3157 c.
182 3136 205 3155 1.
227 3121 360 3162 officium
370 3122 491 3157 docendi
508 3127 587 3159 nobis
598 3126 733 3170 imposuit
743 3130 902 3162 sacerdotii
922 3130 1101 3170 ncceffltudo.

227 3169 364 3212 Lapsam
375 3173 458 3215 apud
476 3184 536 3208 nos
547 3175 824 3213 Christianitatem
847 3180 1022 3222 reparantis
1041 3179 1100 3214 Ca-

227 3219 289 3254 roli
300 3221 419 3265 Magni
432 3223 533 3265 prima
544 3225 605 3258 fuit
628 3227 836 3269 sacrajuffio‚
866 3229 1022 3263 laudata&
1034 3241 1101 3264 mo-

217 3269 336 3305 ·nacho
346 3272 453 3317 Sandji
475 3273 563 3307 Galli
581 3274 616 3308 in
627 3275 695 3317 ejus
717 3276 784 3310 vita
794 3300 805 3316 ,
830 3287 867 3311 ut
888 3288 1004 3311 omnes
1025 3279 1103 3322 Epi-

224 3321 317 3364 scopi
328 3322 446 3356 affidue
456 3322 608 3357 docerent
620 3324 746 3367 plebem
755 3350 766 3367 ‚
784 3325 892 3360 aut'ab
904 3327 1100 3372 Episcopatu

57 3393 87 3421 L
103 3400 129 3426 3·
150 3392 203 3432 Ep.
223 3367 480 3415 deponerentur.
515 3373 558 3408 Et
579 3374 780 3408 Brixiensem
800 3362 997 3420 Episcopum
1005 3367 1021 3416 ,⁷
1041 3367 1100 3411 lin-¹

60 3440 122 3465 140,
223 3429 296 3465 guae
305 3421 416 3456 officio
427 3422 616 3458 destitutum
627 3448 636 3464 ‚
649 3424 758 3458 cedere
769 3425 879 3471 coegit
886 3425 1099 3463 Innocentius

304 3500 307 3503 ,
325 3470 430 3512 Christ.
448 3475 525 3515 Lupi
534 3477 621 3518 oper.
635 3479 712 3508 Tem.
725 3478 780 3508 ΙΙΙ.
1013 3477 1016 3480 “

1913 155 1984 217 75

1171 241 1285 276 tertius
1295 262 1306 280 ‚
1325 239 1413 284 quod
1424 239 1491 274 Dei
1501 239 1647 275 Verbum
1658 240 1693 272 in
1702 239 1817 286 lingua
1826 239 1981 285 Episcopi
1992 250 2047 276 no-

1172 300 1268 333 queat
1287 291 1350 324 effe
1371 289 1559 335 alligatum.
1587 291 1722 324 Secutus
1742 291 1786 324 est
1808 292 1982 334 antiquum
2012 290 2047 324 ἁ
2062 278 2153 312 C.57·

1174 339 1274 386 vulgo
1309 339 1540 383 Apostolicum
1575 338 1770 373 Canonem:
1808 339 1970 382 Episcopus
1994 348 2049 373 aut

1175 390 1348 430 Presbyter,
1374 395 1423 432 qui
1435 392 1553 423 elerum
1563 389 1616 422 vel
1619 390 1760 431 populum
1764 393 1909 430 pictatem
1931 401 1989 423 non
1999 390 2049 422 do-

1175 448 1218 473 cet
1229 465 1240 481 ,
1280 448 1426 483 egregetur
1436 452 1451 480 ;
1477 442 1510 473 Θ·
1516 438 1546 480 st
1565 444 1597 472 in
1602 438 1737 482 socordia
1744 436 1938 481 perseverat,
1969 440 2052 479 depo-

1175 497 1281 522 natur.
1318 489 1382 522 Sua
1403 499 1571 530 tempora,
1597 487 1714 532 quibus
1740 487 1920 532 Episcopus
1944 484 2053 531 ptaedi-
2068 471 2133 499 ¹⁸²·
2151 476 2211 503 ⁰⁷⁴

1174 549 1250 574 cans
1259 548 1326 573 erat
1336 538 1422 581 quafi
1434 538 1628 572 miraculum
1638 561 1651 577 ‚
1676 536 1794 573 merito
1805 536 1950 582 deplorat
1961 537 2056 571 Hen-

1174 588 1257 624 ricus
1279 584 1512 631 Cnychtonus.
1554 586 1599 619 Ee
1623 587 1708 629 apud
1744 586 1936 624 Matthaeum
1961 586 2053 624 Paris
2070 586 2106 614 Α·
2130 592 2212 616 ¹07²·

1177 638 1328 683 imperito
1353 649 1390 671 ac
1415 635 1599 682 negligenti
1619 636 1718 670 Clero
1731 637 1771 669 de
1791 637 1970 685 intermisso
1980 648 2052 681 prae·

1175 688 1351 722 dicationis
1378 687 1502 727 verbo,
1527 697 1565 720 ac
1591 685 1677 720 natis
1702 685 1781 719 inde
1806 686 1927 720 inferni
1954 687 2052 721 lucris

1175 737 1324 772 diabolus
1332 738 1452 781 gratias
1475 735 1562 780 agit:
1589 735 1765 781 Qotquot
1788 735 1878 770 enim
1901 748 1942 770 ex
1963 736 2053 770 verbi

1175 787 1300 822 defectu
1311 796 1468 831 pereunt,
1494 785 1595 829 perire
1617 784 1783 828 Episcopo
1794 785 1873 819 reete
1883 796 1924 818 ex
1934 786 2052 821 Sansto
2071 773 2141 802 1⁰¹·
2160 780 2223 808 σ’ς’

1179 837 1335 880 Prospero
1349 860 1360 876 ‚
1385 837 1503 871 &cum
1526 832 1699 870 Ezechiele
1708 832 1870 878 Propheta
1879 833 1976 868 tradit
1987 837 2054 869 sex-

1174 897 1208 921 ta
1218 886 1369 929 Synodus
1381 885 1561 922 Parifienfis
1575 909 1583 918 .
1609 884 1775 920 Plurimos
1796 883 1952 920 habemus
1973 884 2056 929 ‘ejus-r

1176 935 1266 971 modi
1285 936 1457 971 Canones.

1226 986 1325 1021 Rene
1342 986 1421 1020 item
1441 986 1487 1020 ait
1509 984 1774 1031 Aquisgranenfis
1801 986 1861 1020 sub
1881 985 2055 1020 Ludovico
2074 1002 2103 1031 L·
2125 1009 2184 1031 hc„
2200 1003 2226 1030 g,

1174 1037 1238 1071 Pio
1250 1035 1404 1079 Synodus
1419 1048 1426 1067 ε
1454 1036 1619 1075 Presbyteri
1630 1035 1772 1079 coanrtes
1779 1035 1852 1080 sunt
1863 1048 1927 1069 cum
1938 1034 2057 1078 Episco-

1173 1094 1224 1129 pts
1234 1093 1267 1119 in
1277 1087 1592 1128 doarinapopulorum
1603 1088 1638 1120 (⁸5
1647 1088 1732 1127 officio
1751 1087 1946 1127 praedtcandt
1958 1111 1963 1117 .
1989 1086 2056 1119 Ne·

1175 1148 1238 1181 que
1246 1135 1336 1170 obest
1349 1137 1502 1178 antiquus
1509 1135 1723 1180 quarumdam
1735 1135 1949 1170 Ecclefiarum
1962 1145 2035 1170 mos
2046 1159 2056 1174 ,

1176 1187 1293 1229 dequo
1305 1186 1458 1224 Hermins
1483 1186 1710 1221 Zozomenus:
1736 1187 1828 1228 Apud
1840 1185 2055 1219 Alexandrinos
2074 1196 2134 1229 [ῃ.
2146 1202 2168 1224 c.
2185 1197 2232 1228 19.>

1176 1242 1208 1271 in
1219 1235 1344 1278 Ecclesia
1352 1237 1433 1271 docet
1449 1235 1531 1279 solus
1551 1242 1687 1270 civitatis
1697 1234 1883 1278 Epifitopus.
1913 1236 1958 1269 Et
1978 1236 2057 1269 San·

1177 1288 1245 1320 &us
1256 1285 1327 1320 Leo
1340 1310 1352 1326 ,
1377 1288 1433 1321 seu
1443 1287 1606 1329 quisalius
1615 1287 1650 1320 in
1660 1286 1810 1329 >Epistola
1822 1286 1862 1319 ad
1874 1285 2058 1320 Germaniae

1176 1337 1212 1370 δε
1224 1335 1339 1370 Galliae
1348 1336 1529 1380 Episcopos
1541 1349 1551 1368 :
1578 1335 1759 1374 Presbyteris
1771 1347 1828 1369 non
1838 1337 1903 1369 licet
1914 1333 2058 1378 Epiftopo

1177 1384 1518 1427 corampofitopopulum
1529 1387 1645 1420 docere.
1675 1386 1720 1420 Et
1740 1387 1876 1420 sanstus
1899 1385 2060 1418 Poffidius

1181 1433 1351 1466 Valerium
1362 1433 1611 1476 Hipponensem
1634 1433 1858 1477 Episcopum,
1881 1433 1961 1467 dum
1983 1435 2061 1468 San·
2077 1425 2185 1462 EP·⁸3·

1176 1482 1228 1516 sto
1250 1481 1442 1526 Augustino
1458 1482 1565 1516 adhuc
1589 1482 1758 1521 Presbytero
1777 1483 1951 1525 potestatem
1973 1484 2060 1516 dedit

1176 1531 1354 1575 coramsein
1378 1531 1505 1573 Ecclesia
1522 1534 1725 1576 Evangelium
1744 1533 1957 1575 praedtcand1‚
1982 1534 2061 1567 fate·

1177 1592 1229 1615 tur
1238 1582 1346 1616 fecisse
1358 1589 1460 1616 contra
1468 1580 1552 1625 usum
1576 1581 1853 1626 &consuetudinem
1867 1582 2064 1625 Ecclefinrum

1177 1632 1386 1673 Africanarum
1399 1656 1410 1672 ‚
1435 1630 1578 1676 ideoque
1595 1633 1645 1666 illi
1665 1634 1816 1666 nonnullos
1832 1631 1991 1676 Episcopos
2011 1634 2087 1680 cle-fi

1177 1683 1311 1726 traxtffe.
1349 1681 1540 1726 Respondet
1563 1683 1652 1717 enim
1676 1683 1810 1717 sanstus
1830 1682 2060 1727 Hieronymus

1175 1731 1210 1766 in
1221 1732 1336 1767 litteris
1349 1732 1390 1766 ad
1412 1732 1639 1776 Nepotianum
1653 1757 1660 1765 .
1687 1734 1815 1773 Poffimae
1838 1731 2057 1776 consuetudinis
2078 1726 2171 1765 ΕΡ-ῑε

1173 1781 1210 1820 est
1229 1787 1263 1815 in
1293 1780 1471 1824 quibusdam
1498 1781 1634 1823 Ecclefiis
1660 1791 1757 1817 tacere
1778 1783 1962 1821 Presbyteros
1988 1809 1999 1824 ‚
2027 1786 2061 1818 <r

1170 1829 1369 1875 prasentibus
1382 1831 1535 1875 Episcopis
1548 1844 1607 1866 non
1616 1836 1695 1874 loqui
1704 1857 1714 1873 ,
1730 1831 1814 1876 quast
1821 1842 1874 1866 aut
1885 1835 2060 1873 invideant,

1174 1891 1297 1915 autnon
1319 1883 1479 1925 dignentur
1490 1884 1616 1916 audire.
1644 1884 1782 1917 Gaudeat
1796 1881 1959 1927 Episcopus
1973 1886 2061 1925 ‚iudi-

1174 1937 1215 1966 clo
1229 1931 1282 1975 fito
1295 1957 1306 1972 ,
1330 1934 1394 1965 cum
1417 1935 1494 1966 tales
1516 1932 1631 1973 Cbrtsto
1653 1935 1772 1976 elegerit
1798 1935 1986 1969 Sacerdotes.
2017 1935 2061 1968 Et

1175 1981 1254 2016 hinc
1267 1991 1483 2016 memoratum
1495 1982 1616 2017 Valerii
1632 1983 1752 2017 fastum
1766 1983 1874 2018 laudat
1887 1984 2062 2023 Poffidius,

1174 2031 1287 2075 utpote
1310 2038 1362 2074 qut·
1374 2038 1406 2065 t'n
1419 2033 1622 2066 Orientalibus
1634 2032 1767 2074 Ecclefiis
1793 2034 1828 2065 id
1837 2044 1875 2066 ex
1897 2045 1973 2068 more
1993 2034 2062 2076 fieri

1169 2080 1266 2124 sciens
1280 2107 1290 2122 ,
1323 2082 1450 2115 utilitati
1477 2081 1612 2123 Ecclefiae
1632 2081 1781 2125 consulens
1795 2108 1806 2123 ‚
1836 2083 2059 2119 obtrectantium

1175 2143 1231 2164 non
1251 2138 1371 2165 curavit
1383 2132 1518 2175 linguas.
1547 2132 1681 2167 Etenim
1705 2132 1883 2176 Ancyrana
1906 2134 2059 2175 synodus

1176 2181 1259 2215 inter
1272 2181 1452 2224 Presbyteri
1464 2183 1573 2216 officia
1586 2181 1726 2216 omnino
1738 2194 1884 2217 numerat
1894 2182 2059 2227 sermonem

1165 2230 1269 2272 facere
1279 2232 1323 2263 ad
1328 2233 1485 2273 populum.
1516 2232 1557 2267 Et
1568 2231 1634 2274 Jam
1646 2232 1800 2268 adductus
1815 2233 1955 2278 vulgaris
1966 2233 2057 2277 Apo·
2072 2250 2145 2288 ρῳ,
2158 2261 2181 2280 1,

1174 2281 1306 2315 stolicus
1328 2281 1447 2315 Canon
1474 2293 1541 2315 non
1573 2281 1703 2316 tantum
1724 2283 1889 2326 Episcopo
1905 2307 1914 2322 ,
1942 2284 1995 2318 sed
2020 2285 2056 2317 ὃ(

1174 2330 1367 2374 Presbytero
1388 2330 1649 2374 praedicationem
1672 2332 1988 2378 negligentiinfligit
2013 2335 2057 2367 se-

1172 2382 1418 2425 gregarionem,
1454 2382 1487 2414 δε
1518 2381 1786 2426 degradationem
1817 2384 2052 2417 comminatur.

1174 2431 1216 2463 Et
1237 2431 1321 2474 apud
1335 2429 1514 2464 Eusebium
1528 2430 1762 2465 caesareensem
1780 2433 1980 2475 Smyrnenfis
1993 2433 2054 2468 Ec·
2072 2441 2157 2476 l.·4.c.
2174 2451 2216 2476 14·

1170 2480 1260 2514 clefia
1283 2482 1316 2514 in
1340 2480 1454 2514 litteris
1484 2480 1525 2515 ad
1548 2492 1664 2516 omnes
1694 2480 1749 2515 sub
1775 2483 1860 2516 coelo
1894 2482 2052 2517 Ecclefias

1172 2530 1279 2564 laudat
1304 2529 1417 2563 Pionii
1439 2530 1624 2574 Presbyteri
1651 2532 1697 2565 sui
1719 2537 1864 2568 sanctones
1885 2534 1930 2565 ad
1950 2534 2052 2566 docen—

1170 2581 1239 2612 dum
1258 2581 1459 2613 accomodatas
1471 2605 1478 2612 .
1509 2580 1551 2614 Et
1566 2580 1607 2614 de
1620 2579 1793 2615 Dorotbeo
1806 2581 1955 2615 Ecclesia:
1978 2581 2049 2616 An·
2069 2598 2127 2630 L-7·
2138 2605 2184 2626 ω
2190 2600 2218 2626 6.

1170 2628 1329 2665 tiochenae
1361 2629 1556 2674 Presbytero
1581 2631 1649 2675 ipse
1672 2631 1850 2666 Eusebius:
1881 2631 1970 2670 Istum
1995 2643 2048 2664 nos

1168 2682 1338 2722 Scripturas
1362 2685 1395 2713 in
1428 2679 1552 2721 Ecclefia
1574 2693 1631 2714 non
1652 2682 1829 2717 incommode
1850 2681 2048 2729 explicantem

1167 2730 1358 2763 audivimus.
1397 2730 1441 2764 Et
1462 2727 1502 2764 de
1523 2730 1657 2772 Pierio,
1692 2742 1789 2776 quem
1818 2731 1876 2764 sub
1901 2729 2045 2766 Theona

1169 2779 1356 2816 Patriarcha
1377 2780 1544 2823 praedicare
1567 2781 1699 2816 solitum
1721 2780 1828 2815 scribit
1843 2781 1877 2814 in
1888 2780 2045 2826 catalogo

1168 2830 1307 2864 virorum
1326 2830 1499 2864 illustrium
1526 2830 1660 2865 sanstus
1682 2831 1929 2873 Hieronymus,
1956 2829 2045 2865 Pses-

1168 2880 1282 2923 bytero
1295 2880 1440 2914 Ecclesiae
1451 2881 1681 2916 Alexandrinae
1698 2893 1704 2911 :
1733 2884 1808 2913 Fuit
1818 2885 1851 2913 in
1863 2880 2043 2915 concionibus

1161 2930 1277 2972 publice
1285 2936 1317 2963 in
1339 2929 1466 2972 Ecclesia
1481 2930 1633 2972 faciendis
1642 2929 1737 2973 supra
1758 2930 1874 2964 modum
1899 2938 2041 2963 exercita-

1165 2990 1233 3013 tus.
1261 2981 1315 3014 De
1335 2979 1464 3014 adversa
1479 2981 1570 3015 enim
1596 2979 1686 3014 istius
1701 2979 1845 3014 Ecclefiae
1868 2982 2042 3014 consuetu-

1165 3029 1241 3063 dine
1250 3027 1341 3063 addit
1363 3030 1514 3064 Hermias
1532 3031 1739 3063 Zozomenus
1763 3030 1854 3073 supra
1867 3029 2039 3064 addixeras.-

1165 3081 1257 3122 Ajunt
1283 3089 1383 3112 tamen
1408 3078 1486 3112 banc
1505 3077 1736 3121 consuetudinem
1758 3090 1815 3112 non
1833 3080 1921 3120 'prius
1956 3081 2042 3113 inole-

1164 3130 1254 3172 visse,
1278 3141 1368 3171 quam
1386 3140 1427 3161 ex
1450 3139 1506 3171 quo
1534 3128 1620 3160 Arius
1649 3128 1805 3168 Presbyter
1831 3130 1868 3162 de
1901 3129 2039 3163 dor‘lrIna

1164 3180 1299 3222 differens
1320 3176 1467 3221 insolitam
1487 3179 1700 3212 introduceret.
1731 3179 1821 3213 Ante
1841 3179 1909 3221 ejus
1929 3178 2040 3213 turbas

1164 3227 1255 3263 fuiffe
1282 3226 1488 3265 ,Alexandriae
1508 3228 1608 3262 varias
1629 3227 1836 3262 parochiales
1857 3228 2038 3269 Ecclefias,

1162 3278 1196 3311 ὃς
1218 3279 1294 3311 suos
1314 3277 1348 3309 in
1372 3277 1445 3320 ipsis
1463 3276 1675 3322 Presbyteros
1704 3279 1871 3321 praedicare
1892 3279 2006 3313 solitos
2026 3303 2038 3318 ‚

1161 3328 1259 3362 etiam
1280 3327 1427 3361 Socrates
1446 3327 1479 3362 δε
1502 3327 1848 3372 SanElustpiphanius
1860 3329 2035 3362 testantur.

1165 3377 1269 3410 Addit
1292 3375 1435 3411 Socrates
1454 3375 1604 3411 eumdem
1628 3373 1751 3413 morem
1779 3379 1913 3423 viguisse
1933 3379 2034 3411 etiam

1162 3427 1308 3462 Caesareae
1316 3425 1551 3473 Cappadocum
1565 3453 1576 3470 ‚
1603 3439 1641 3462 ac
1662 3428 1696 3462 in
1709 3428 1813 3470 Insula
1829 3428 1939 3470 Cypro
1956 3450 1962 3456 .
1991 3426 2033 3460 Et

1575 3477 1606 3512 K
1654 3486 1679 3512 2
1926 3475 1985 3510 'zm-

2057 3205 2087 3236 L,
2101 3213 2208 3242 μου.
