2340 3762
670 182 736 212 Dr:
772 181 1006 213 OCTAVA
1034 167 1279 212 SYNono
1314 165 1653 217 GENERALI.

254 254 323 288 vie.
348 248 399 283 Ita
418 249 482 284 ciem
504 248 643 294 Episcopi
667 261 765 284 omnes
786 255 866 284 votis
889 250 963 283 adeo
983 248 1129 293 conspira-

252 308 319 335 rem
330 323 342 340 ,
368 299 517 344 utseipsos
534 312 646 344 quoque
655 302 836 335 damnarent
850 324 861 341 ,
880 298 910 340 fi
914 310 1045 342 unquam
1053 299 1127 334 Pbo-

248 356 323 385 rium
335 350 549 384 patriarcham
559 351 763 394 confiterentur
776 375 786 391 ‚
812 351 846 384 ὀ·
851 358 909 392 per
922 351 1125 395 quadraginta

249 401 355 434 diesin
366 402 431 435 rede
438 400 554 445 saneS‘ae
574 404 675 434 trenes
690 402 832 439 synodum
855 399 1055 442 celebrarent,
1081 406 1125 434 in-

250 455 336 484 ierim
345 452 394 484 ille
405 476 416 492 ,
442 452 552 484 Barda
561 451 696 491 adjutore
709 476 720 491 ‚
741 457 773 484 in
783 451 848 484 aede
859 449 1049 491 Apostolorum
1058 463 1124 484 con-

248 509 373 534 ventum
394 507 454 544 egit
473 525 485 541 ,
509 502 670 543 iterumque
690 506 840 546 Ignatium
860 500 981 534 abdicat
1008 502 1042 535 Θ·
1054 513 1127 534 ana-

245 550 380 585 themate
391 551 488 593 ferit.
516 554 586 594 ,Quo
605 562 659 586 nos
680 557 773 586 etiam
787 558 914 592 tempore
924 552 1007 583 illum
1030 550 1124 595 desito

242 599 348 644 J'celere
371 611 467 641 coram
487 608 641 645 arguimus
653 627 660 634 .
686 604 759 646 ,Qua
779 602 818 635 de
837 599 925 644 causa
932 609 988 642 per
998 606 1064 635 vim
1087 603 1121 635 Θ

799 653 834 686 ὁ·
845 658 878 684 in
897 653 986 685 olenti
1005 656 1119 685 teterri-

246 651 441 691 latroeinium
452 652 635 685 exauc‘lorati
649 650 752 696 sumus

244 711 347 742 moque
365 711 480 735 carcere
489 727 500 743 ‚
525 705 587 735 una
596 714 661 736 cum
671 677 787 749 Ignabo.
793 701 908 744 ferreis
931 701 1118 744 compedibus

244 750 348 784 vint‘lo
359 775 370 791 ‚
396 753 482 794 apud
500 757 639 786 Numera
658 752 761 785 multis
768 750 843 795 sam?
860 750 963 785 diebus
986 750 1100 792 adflidli
1115 775 1122 782 .

242 801 306 833 Ain·
315 803 388 834 vero
399 808 432 834 in
443 805 588 835 Praetorio
598 793 831 849 custodiebantur
840 826 848 834 .
878 803 996 835 Deinde*
1005 800 1102 834 edum
1111 823 1123 840 ,

241 851 430 884 patriarcba
451 853 608 890 Mytilenen
627 874 639 890 ,
666 852 722 885 dlii
749 853 817 891 alio'
833 852 986 892 deportati
998 849 1122 892 sumus.

238 899 328 947 Qae
339 900 453 939 omnia
462 901 498 939 in
509 901 624 934 litteris
633 900 674 933 ad
685 894 883 942 Stephanum
897 900 1024 932 sextum
1037 898 1122 933 Pon-

234 947 366 987 tificem
378 946 479 990 habet
488 950 588 983 etiam
610 949 743 983 Sandius
754 948 919 991 Stylianus
941 947 1122 992 Episcopus

239 996 553 1033 NeoeCaesareenfis.
580 998 689 1034 lllatas
709 999 844 1044 Ignatio
854 1009 1011 1034 aerumnas
1034 1010 1122 1037 enar-

237 1058 309 1087 tare
321 1047 360 1081 fit
372 1049 472 1082 nimis
485 1049 622 1094 longum
634 1075 641 1082 .

290 1096 371 1140 Ejus
389 1096 569 1133 damnandi
591 1099 700 1136 causas
723 1097 863 1134 Photius
886 1100 1051 1144 praetexuit
1069 1111 1120 1134 va·

238 1146 320 1182 rias.
345 1146 491 1189 Primam
512 1150 547 1183 ὃς
567 1149 743 1193 palmarem
761 1149 916 1191 adducit,
942 1150 1119 1194 falsamque

238 1196 384 1234 ostendit
393 1198 429 1233 in
441 1199 559 1234 litteris
569 1199 609 1234 ad
621 1199 823 1240 Michaelem
837 1198 1025 1244 Augustum
1036 1224 1048 1241 ‚
1073 1200 1120 1235 le·

235 1247 298 1281 stis
316 1247 352 1282 in
371 1258 486 1293 quarta
512 1247 610 1293 hujus
631 1249 760 1293 Synodi
779 1250 923 1286 Actione
948 1275 960 1292 ,
984 1251 1119 1285 Sanctus

636 1299 740 1348 Qod
761 1300 909 1347 Ignatius
935 1312 1005 1335 non
1026 1301 1116 1336 Cleri

235 1346 272 1380 ἀ
283 1347 396 1391 populi
406 1350 566 1390 canonica
576 1349 738 1391 elestione
749 1372 760 1389 ‚
785 1350 839 1385 sed
861 1350 943 1385 laica
954 1349 1115 1386 Theodo-

234 1406 275 1434 1ae
285 1396 440 1449 Augustaej
455 1400 614 1435 violentia
624 1399 699 1434 esset
710 1401 849 1434 intrusus
873 1400 908 1433 in
920 1399 1117 1435 Patriarcha-

233 1454 306 1481 tum
320 1472 328 1479 .
345 1445 404 1482 *Ita
416 1450 478 1482 suae
489 1449 709 1491 promotionis
729 1449 868 1482 scabiem
878 1448 1011 1492 Ignatio
1023 1449 1115 1482 adfri-

233 1505 308 1531 care
316 1495 459 1531 Photius
467 1497 513 1530 est
525 1497 676 1532 molitus.
703 1496 852 1531 Alteram
875 1499 1007 1531 causam
1017 1497 1116 1532 addu-

231 1545 281 1579 cit
289 1545 324 1579 in
336 1545 400 1582 alia
412 1547 454 1581 ad
478 1547 632 1582 eumdem
653 1546 843 1590 Principem
856 1546 1003 1591 Epistola
1026 1546 1115 1582 idem

231 1593 411 1636 Pontifex,
437 1609 475 1630 ac
487 1596 554 1639 ejus
579 1597 736 1631 successor
749 1595 916 1630 Adrianus
939 1597 974 1630 in
995 1597 1113 1631 litteris

232 1643 276 1677 ad
287 1644 394 1687 ipsum
406 1645 573 1691 Ignatium
585 1670 596 1686 ‚
622 1646 711 1680 leffis
721 1647 755 1680 in
769 1656 881 1694 quarta
893 1644 997 1694 hujus
1009 1648 1112 1688 Syno-

469 1695 573 1744 Qod
584 1696 732 1740 Ignatius
752 1696 876 1730 Leonis
886 1696 994 1739 quarti
1006 1707 1043 1731 ac
1056 1697 1113 1736 Be·

230 1743 354 1778 „edicti
377 1745 465 1784 tertii
487 1745 689 1780 Pontificum
712 1746 834 1780 litteras
845 1755 1011 1790 tamquam
1030 1746 1112 1782 alter

235 1295 397 1333 Pontifex
419 1299 581 1334 Nicolaus
600 1313 610 1333 .·

231 1693 268 1727 di
279 1694 422 1730 Astione
435 1708 442 1734 ς

235 1792 418 1828 Dioscorus
429 1796 667 1838 contempfiffet
677 1822 685 1830 .
701 1796 831 1840 Nempe
840 1796 1111 1831 molliori-utrius·

229 1852 296 1886 que
304 1843 478 1883 Pontificis
489 1846 524 1879 in
539 1845 735 1891 Gregorium
745 1846 982 1888 Syracusanum
994 1843 1031 1879 ad
1045 1845 1111 1887 ejus

231 1903 461 1941 congerrones*
480 1894 616 1929 Petrum
637 1907 677 1929 ac
701 1895 914 1938 Eulampium
945 1894 1110 1929 sententiae

228 1937 546 1988 non''acquieverat-‚
573 1943 626 1979 sed
649 1943 691 1979 ab
714 1944 787 1988 ipfis
814 1943 1035 1979 Pontificibus
1054 1956 1109 1988 per

228 1990 392 2036 Legatum
402 1994 495 2035 suum
507 1994 667 2030 Lazarum
680 1993 1007 2031 monachumfecerat
1019 1995 1107 2029 suam

228 2041 396 2076 duriorem
415 2044 619 2081 confirmari.
645 2043 800 2077 Tertiam
817 2043 958 2087 denique
980 2046 1107 2078 causam

227 2090 362 2126 adducit
384 2092 519 2127 Nicetas
531 2091 720 2137 Paphlago:
752 2095 989 2135 ‚Quodlgnatius
1011 2095 1108 2127 morbo

226 2152 264 2174 ac
271 2139 350 2184 senio
360 2142 508 2184 confec‘lus
519 2167 529 2183 ,
557 2140 736 2185 corporisque
747 2143 956 2177 invaletudine
966 2142 1106 2176 laborans

225 2189 257 2233 se
278 2202 396 2226 munere
419 2192 599 2236 abdicasset,
620 2190 733 2235 suaque
754 2198 788 2225 in
810 2191 906 2236 infida
930 2196 965 2228 &³
983 2193 1107 2226 coenobio

225 2251 407 2275 commorans
420 2267 431 2282 ‚
458 2244 478 2274 ἃ
491 2243 683 2284 Principibus
695 2268 705 2284 ‚
728 2243 835 2284 populo
847 2267 857 2283 ,
886 2244 919 2277 (θ’
929 2252 992 2276 tota
1005 2245 1103 2277 Eccle-

219 2289 264 2331 fia
275 2315 286 2331 ,
312 2299 389 2326 omni
401 2293 505 2330 honore
528 2294 561 2327 (9¹
579 2293 677 2335 officiis
687 2294 826 2326 coleretur
839 2317 845 2323 .

395 2465 740 2513 CAPUT
834 2468 923 2512 ΙΙ.

221 2586 471 2650 Exponuntur
515 2583 648 2630 Sanbii
696 2582 884 2647 Pontificis
932 2583 1102 2649 Nicolai

336 2658 454 2722 primi
483 2657 582 2699 circa
610 2652 705 2700 hanc
729 2657 982 2702 contentionem

596 2723 700 2774 Asta
714 2760 726 2773 .

327 2841 422 2876 ldens
433 2844 603 2887 versipellis
614 2843 754 2880 Photius
765 2844 888 2878 multos
903 2843 1079 2888 Episcopos
1088 2871 1098 2886 ,

352 2891 499 2931 Clericos
509 2919 519 2934 ‚
541 2906 580 2928 ac
591 2894 701 2928 fideles
714 2895 813 2928 laicos
825 2895 885 2928 suae
898 2895 931 2927 in
944 2894 1098 2929 Sancstum

174 2965 177 2969 »
220 2939 387 2982 Ignatium
408 2941 589 2978 latrocinali
616 2944 753 2988 Synodo
783 2955 850 2978 non
870 2944 1096 2987 adquiescere,

219 2987 451 3033 Theophilum
470 2991 695 3032 Amoriensem
719 3007 756 3028 ac
770 2994 952 3028 Samuelem
964 2993 1095 3029 Chona-

218 3049 291 3072 rum
305 3041 337 3073 in
349 3039 496 3086 Phrygia
507 3042 634 3080 salutari
647 3045 845 3087 Episcopum
857 3044 939 3077 misit
952 3043 1095 3079 Romam

219 3090 259 3122 ad
273 3089 452 3127 Nicolaum
465 3091 665 3127 Pontificem
692 3105 768 3128 cum
787 3094 900 3130 litteris
912 3093 1094 3137 synodicis,

217 3139 248 3172 se
262 3139 403 3174 invitum
421 3152 459 3174 ac
471 3139 677 3177 reluctantem
700 3145 734 3177 in
753 3143 913 3178 canonice
935 3143 1095 3187 dejefflac

215 3190 438 3224 renunciantis
459 3191 581 3234 Ignatii
606 3193 715 3226 locum
739 3196 801 3228 effe
822 3195 942 3227 fadium
958 3194 1093 3231 Patriar-

216 3236 314 3273 cham
337 3240 591 3281 mentientibus,
618 3241 863 3278 continentibus
885 3243 961 3276 fidei
974 3243 1092 3278 Roma·

215 3297 265 3322 2¹ae
287 3301 323 3323 ac
337 3291 456 3333 septem
478 3291 677 3335 generalium
701 3292 909 3334 Synodorum
931 3292 1089 3334 professio-

216 3348 292 3372 nem
305 3363 315 3379 ,
341 3339 640 3383 postulantibusque
650 3341 792 3386 Legatos
803 3341 1013 3384 Apostolicos
1026 3342 1090 3377 haec

215 3389 464 3425 confirmaturos
475 3415 484 3431 ,
512 3403 571 3425 nec
584 3403 652 3425 non
664 3392 880 3425 resuscitatam
899 3391 933 3423 in
950 3391 1091 3426 Ecclesia

214 3436 585 3484 constantinopolitana
598 3442 850 3476 lconoclastiam
862 3440 971 3476 denuo
981 3442 1090 3477 exstir-

1195 258 1340 298 paturus.
1367 248 1472 287 Vario
1494 250 1673 297 peccatoris
1688 252 1764 287 oleo
1782 255 2066 293 undiumPontifi-

1191 300 1239 333 cis
1263 308 1359 342 caput
1382 308 1521 339 conatus
1541 300 1587 333 est
1609 301 1657 336 cir
1679 335 1682 339 ,
1701 303 1867 340 mscribere
1890 332 1896 339 .
1921 306 2066 342 Dolosas

1192 349 1312 383 litteras
1325 374 1336 390 ,
1361 360 1403 384 ex
1426 348 1641 388 Columnenfi
1666 349 1852 390 Cardinalis
1872 355 1993 391 Sirletti
2009 356 2065 390 Bi-

1191 397 1356 434 bliotheca
1387 399 1555 443 productas
1577 423 1587 440 ,
1612 399 1677 434 suis
1709 399 1895 441 Annalibus
1920 405 2064 444 intexuit

1191 448 1376 484 Cardinalis
1388 449 1494 483 Caesar
1506 450 1666 484 Batonius
1679 478 1688 483 -
1714 451 1838 496 Ignatii
1855 454 2065 491 accusatrices

1189 499 1310 540 litteras
1336 523 1347 539 ‚
1374 498 1516 543 Legatos
1537 524 1547 540 ‚
1574 500 1608 534 δε
1634 500 1721 535 varia
1747 513 1881 538 munera
1907 503 2066 542 miserunt

1187 551 1285 586 etiam
1309 548 1476 594 Augustus
1498 547 1647 583 Michael
1668 551 1702 585 δε
1725 551 1846 587 Bardas
1865 552 1969 588 Caesar
1987 576 2000 593 ,
2024 551 2066 589 de

1187 599 1307 644 quibus
1327 599 1497 635 inlaudati
1518 598 1692 634 Pontificis
1714 601 1780 635 vita
1803 601 1989 638 Anastasius
2010 603 2068 638 Bi-

1189 648 1420 684 bliothecarius
1441 673 1449 684 .
1477 649 1609 685 Michael
1626 649 1956 694 Constantinosriolitana³
1980 651 2068 695 urbis>

1187 704 1350 743 Imperator
1368 700 1403 734 ob
1423 711 1552 741 amorem
1573 699 1767 742 Apostolorum
1788 702 1862 743 mifit
1882 705 1928 736 ad
1947 703 2068 737 beatum

1189 752 1313 783 Petrum
1324 749 1485 791 Apostolum
1496 752 1579 784 dona
1588 758 1643 792 per
1654 749 1814 794 Episcopos
1826 776 1837 792 ,
1862 763 1985 794 quorum
2003 752 2067 792 haee

1185 797 1256 840 sunt
1265 805 1386 833 nomina
1399 814 1410 834 .·
1436 799 1605 833 Methodius
1615 803 1861 843 Metropolitanus
1871 825 1882 841 ,
1907 805 1941 836 ὁ·
1952 803 2069 841 samuel

1185 848 1348 891 Episcopus
1360 872 1370 888 ‚
1396 852 1430 883 ἐν
1452 851 1506 883 alii
1527 851 1584 888 duo
1605 849 1723 894 depositi
1742 851 1782 888 ab
1792 850 1897 886 bonore
1907 851 2068 895 Episcopa-

1186 906 1257 938 tus,
1282 910 1404 940 quorum
1426 905 1546 933 nomina
1572 899 1636 936 haec
1650 899 1724 945 sunt
1745 901 1917 937 Zacharias
1945 904 2066 936 &alius

1185 947 1360 991 Theophilus
1376 973 1387 990 ‚
1414 951 1535 989 &alius
1547 953 1716 993 Imperialis
1736 954 1831 994 laicus
1844 959 1961 993 nomine
1972 958 2066 987 Arza-

1184 998 1231 1031 bir
1247 1023 1258 1039 ,
1285 999 1583 1041 Proto-spatharius.
1610 1001 1795 1037 Postulavit
1815 1004 1850 1043 &
1863 1004 1929 1048 ipse
1952 1015 1992 1038 ex
2006 1003 2066 1037 Ec-

1184 1048 1278 1087 clesia
1289 1048 1661 1093 Gonstantinopolitana
1674 1052 1829 1092 proscribi
1840 1064 1985 1088 renatam
1995 1053 2064 1091 Ico-

1183 1098 1372 1133 noclastiam
1387 1123 1398 1139 ,
1425 1100 1460 1141 ἀ
1471 1098 1489 1140 ὲ
1502 1099 1650 1134 Nicolao
1672 1099 1837 1135 Pontifice
1849 1102 1920 1136 fieri
1942 1102 1976 1135 in
1988 1103 2064 1140 San-

1182 1150 1270 1183 &um
1289 1149 1457 1193 Ignatium
1470 1172 1482 1190 ,
1508 1149 1600 1194 quod
1621 1150 1657 1183 in
1668 1151 1822 1185 Sandium
1843 1148 2064 1191 Athanasium

1181 1199 1265 1234 olim
1275 1199 1293 1234 a
1304 1199 1393 1242 Julio
1403 1207 1531 1245 rogarat
1541 1199 1640 1235 factio
1651 1199 1836 1242 Eusebiana
1849 1214 1861 1234 .-
1887 1205 1980 1235 Nunc
1990 1213 2043 1236 nos
2052 1227 2064 1243 ,

1182 1261 1263 1293 quos<
1278 1247 1414 1284 certiores
1431 1251 1553 1284 minime
1566 1250 1703 1292 fecerunt
1725 1275 1737 1292 ,
1768 1250 1922 1294 postquam
1944 1261 2063 1294 egerunt

1183 1301 1261 1343 quod
1269 1300 1380 1340 libuit,
1398 1300 1611 1345 sufflagatores
1620 1300 1685 1345 suae
1695 1302 1922 1342 damnationis,
1948 1309 1994 1335 cui
2004 1313 2062 1341 non

1181 1350 1375 1392 interfuimus
1389 1351 1405 1392 ,⁷
1425 1350 1475 1394 effi
1487 1353 1593 1385 volunt
1604 1351 1626 1391 .,’

1230 1399 1385 1442 Ejusdem
1410 1400 1585 1445 legationis
1612 1401 1833 1437 meminerunt
1860 1402 1896 1435 in
1918 1400 2058 1437 secunda

1180 1448 1295 1481 nostrae
1305 1449 1435 1490 Synodi
1446 1450 1589 1484 Aetione
1614 1451 1733 1495 Legati
1754 1450 1942 1494 Apostolici
1958 1475 1966 1482 .
1993 1453 2063 1489 Pri-⁴

1177 1498 1270 1536 misus
1280 1499 1377 1541 miffics
1386 1498 1425 1539 est
1436 1498 1564 1532 Arzabir
1575 1503 1711 1544 Legatus
1733 1500 1889 1534 Michaelis
1900 1505 2062 1543 imperato«

1178 1552 1220 1580 ris
1228 1571 1240 1587 ,
1265 1549 1299 1584 1&
1311 1559 1377 1581 cum
1399 1559 1431 1582 eo
1442 1550 1513 1589 mtffi
1526 1547 1601 1592 sunt
1612 1559 1736 1591 quatuor
1749 1549 1889 1594 Episcopi
1902 1574 1915 1591 ,
1939 1555 2060 1584 nomina

1176 1608 1273 1629 eorum
1293 1603 1462 1640 ignoramus
1474 1622 1484 1638 ,
1510 1598 1653 1639 deferens
1661 1598 1761 1642 sicum
1784 1600 1819 1634 (τ’
1831 1599 1994 1642 Epistolam
2003 1602 2060 1634 Re-

1171 1652 1257 1690 giam
1276 1671 1287 1687 ‚
1307 1646 1521 1691 significantem
1542 1653 1575 1680 in
1596 1647 1631 1691 J}
1650 1647 1767 1692 causam
1791 1648 1933 1692 baereseos
1956 1655 2061 1694 imagi-

1176 1707 1248 1729 num
1260 1721 1270 1736 ‚
1281 1698 1315 1730 (θ’
1334 1702 1367 1730 in
1372 1695 1432 1737 fine
1445 1699 1616 1736 litterarum
1627 1697 1749 1738 istarum
1761 1699 1955 1740 ostendentem
1967 1705 2060 1733 etiam

1175 1747 1342 1787 emiffionem
1357 1745 1528 1790 saneqtffimi
1549 1747 1742 1780 Patriarcbae
1761 1753 1874 1790 Ignatii
1899 1772 1906 1779 .
1931 1749 2060 1782 Petebat

1176 1805 1294 1835 aurem,
1320 1793 1496 1830 ut‘mitteret
1519 1795 1711 1838 apocrisarios
1727 1795 1797 1839 suos
1819 1796 2062 1840 Constantinopo-

1172 1843 1232 1877 lir'n.
1243 1843 1348 1878 Addit
1363 1844 1397 1877 in
1409 1845 1583 1889 marginali
1594 1843 1721 1880 scholio
1734 1847 1922 1882 Anastasius
1932 1848 2058 1891 Biblioss

1174 1892 1354 1931 thecarius.
1381 1897 1510 1937 Urgente
1521 1898 1648 1938 Legatos
1655 1895 1809 1940 proposita
1830 1898 1981 1936 locutionis
1989 1907 2058 1941 pro-

1168 1941 1334 1986 secutione,
1361 1950 1483 1977 nomina
1491 1944 1700 1987 Epist-operum,
1713 1952 1756 1980 eis
1780 1948 2006 1982 admemoriam
2015 1960 2057 1983 re·

1172 2004 1282 2026 currere
1299 2002 1364 2026 tam
1382 1994 1489 2027 concite?
1510 1997 1634 2028 minime
1654 2003 1837 2037 potuerunt:
1865 1999 1986 2041 ,Quibus
2009 2010 2057 2033 ta·
2094 2034 2098 2037 ,

1172 2054 1239 2076 men
1264 2049 1383 2076 nomina
1405 2053 1492 2077 erant
1513 2043 1679 2078 Methodius
1689 2048 1875 2088 Metropolim
1900 2051 2054 2091 Gangre&

1165 2091 1239 2134 fium
1252 2118 1262 2133 ,
1288 2095 1408 2126 samuel
1417 2093 1587 2127 Chonarum
1598 2093 1761 2141 Episcopus
1772 2120 1783 2136 ,
1809 2106 1898 2139 atque
1911 2097 2054 2140 Theophi-

1170 2144 1218 2176 lus
1228 2146 1338 2183 Iconii,
1363 2145 1397 2176 (τ
1409 2143 1579 2179 Zacharias
1592 2148 1797 2179 Tauromeniae
1808 2146 2054 2191 Pseudo-Episco-

1166 2199 1224 2234 pi,
1247 2197 1296 2235 qui
1305 2193 1478 2236 legationem
1501 2196 1535 2228 (9⁶
1548 2194 1698 2237 Epistolas
1712 2198 1732 2228 ᾶ
1745 2195 1849 2229 Photio
1858 2199 1878 2229 5
1880 2199 1927 2231 edi
1939 2198 2054 2240 Aposto-

1168 2245 1233 2276 licae
1257 2243 1442 2277 detulerunt.
1473 2244 1537 2278 Pro
1548 2248 1639 2279 Iconii
1658 2256 1767 2280 textus
1779 2247 1796 2280 a
1811 2247 1980 2282 Cardinali
1992 2249 2051 2284 Ba·

1168 2293 1265 2327 ronio
1275 2293 1431 2327 adductus
1443 2294 1590 2332 Zachynti
1599 2319 1610 2335 ,
1630 2305 1663 2329 at
1677 2297 1752 2330 vero
1764 2296 1900 2331 Nicetas
1912 2297 2050 2342 Paphla-

1166 2354 1213 2390 go
1235 2342 1334 2378 habet
1356 2347 1485 2377 Amorii:
1514 2345 1615 2378 Etita
1635 2345 1776 2379 omnino
1801 2347 2046 2393 videturlegen-

1166 2393 1262 2427 dum.
1290 2393 1435 2440 Qidam
1459 2393 1671 2429 Methodium
1692 2396 1727 2430 δε
1747 2397 1929 2432 Samuelem
1952 2398 2048 2433 Prin-

1165 2444 1269 2485 cipis,
1297 2442 1528 2487 Theophilum
1548 2445 1581 2478 δε
1595 2444 1788 2480 Zachariam
1816 2448 1932 2482 volunt
1952 2449 2045 2483 fuisse

1166 2491 1281 2526 Photii
1303 2493 1465 2538 Legatos;
1493 2494 1604 2528 verum
1629 2495 1777 2530 laudatus
1799 2496 1934 2532 Nicetas
1944 2500 2045 2533 etiam

1166 2542 1346 2577 Samuelem
1359 2545 1405 2577 ait
1415 2543 1507 2578 fuisse
1518 2543 1631 2579 Photii
1644 2546 1806 2591 Legatum
1817 2571 1827 2587 ‚
1853 2547 1887 2580 &
1898 2548 1938 2582 ad
1952 2559 2043 2592 quar-

1164 2602 1231 2626 tam
1258 2591 1352 2634 huJus
1376 2593 1688 2636 SynodiAfflonem
1715 2596 1799 2630 dixit
1811 2596 2039 2641 Theophilus:

1165 2643 1210 2675 Ab
1233 2646 1411 2684 Imperatore
1428 2645 1461 2677 Θ
1472 2645 1492 2676 ἃ
1506 2643 1619 2678 Photii
1631 2648 1739 2684 synodo
1750 2649 1847 2690 missus
1853 2646 1921 2689 sum
1934 2673 1940 2679 .
1967 2647 2041 2681 Me·

1163 2691 1336 2735 trophanes
1354 2692 1571 2737 Metropolita
1593 2696 1797 2739 Smyrnenfis
1811 2697 1843 2729 in
1870 2697 1984 2730 litteris
1995 2697 2037 2732 ad

1164 2742 1356 2776 Manuelem
1369 2743 1491 2778 Dromi
1505 2744 1728 2789 Logothetam
1751 2744 1865 2780 diserte
1887 2746 2036 2782 adfirmat

1161 2803 1273 2826 omnes
1295 2803 1433 2837 quatuor
1453 2794 1547 2829 fuisse
1573 2806 1763 2829 communes
1776 2796 1918 2839 Legatos
1929 2798 2036 2833 totius

1160 2843 1309 2876 fastionis
1322 2867 1329 2874 .
1358 2842 1407 2877 At
1418 2844 1527 2878 nescio
1540 2869 1550 2884 ,
1570 2857 1627 2878 cur
1639 2855 1752 2878 omnes
1762 2845 1849 2880 dicat
1859 2846 1950 2885 fuisse
1962 2846 2035 2882 Me·

1161 2893 1335 2936 tropolitas
1357 2917 1363 2923 .
1390 2893 1434 2927 Et
1458 2895 1589 2937 praesens
1608 2895 1761 2937 Synodus
1791 2894 1825 2928 &
1851 2894 2035 2931 Anastasius

1160 2940 1389 2986 Theophilum
1400 2955 1438 2977 ac
1448 2943 1638 2978 Zachariam
1648 2943 1776 2979 adsidue
1788 2956 1910 2979 vocant
1922 2948 2034 2981 dudum

1160 2991 1320 3035 Episcopo-r
1338 3017 1349 3033 ‚
1378 2991 1660 3036 Pseudo-Epistopos
1683 3018 1694 3034 ,
1719 3006 1754 3028 ac
1780 2995 2029 3040 Ex-Epiftopos:

1157 3041 1259 3089 Qod
1281 3054 1396 3085 nempe
1407 3044 1487 3077 olim
1509 3044 1634 3078 etiama
1647 3044 1808 3089 Gregorio
1831 3046 2032 3089 Syracusano

1156 3092 1254 3135 legati
1266 3093 1396 3126 fuissent
1406 3093 1472 3136 jam
1485 3093 1608 3136 pridem
1620 3095 1638 3128 a
1650 3094 1825 3129 Benedfflo
1837 3098 1936 3130 tertio
1947 3096 2032 3131 Pon·

1157 3142 1245 3175 tifice
1255 3141 1421 3185 degradati
1435 3167 1442 3174 .
1469 3143 1607 3177 Fuerant
1621 3145 1638 3177 a
1650 3145 1768 3180 Sansto
1781 3145 1958 3181 Methodio
1971 3146 2028 3187 Pa-

1154 3190 1292 3225 triarcha
1308 3192 1343 3225 in
1358 3191 1538 3236 Episcopos
1547 3195 1709 3237 promoti.

1203 3241 1258 3275 De
1268 3240 1387 3278 eisdem
1398 3240 1438 3280 ad
1449 3253 1595 3283 quartam
1607 3243 1702 3287 hujus
1713 3245 1840 3289 Synodi
1849 3244 2026 3286 Afflonem

1153 3290 1305 3324 dixerunt
1314 3291 1530 3334 gloriosiffimi
1542 3294 1710 3338 Principes
1720 3320 1728 3327 .
1752 3295 1878 3339 Illisunt
1888 3299 1932 3330 illi
1943 3299 1998 3329 duo
2012 3319 2023 3334 ,

1151 3346 1200 3382 qui
1211 3342 1372 3374 omnimodo
1394 3342 1510 3376 laedunt
1531 3346 1747 3379 multitudinem
1768 3346 1874 3386 illam,
1900 3349 1930 3379 eo
1945 3346 2026 3386 quod

1154 3391 1313 3432 certificent
1323 3403 1369 3424 eos
1380 3390 1564 3434 hujusmodi,
1590 3400 1662 3437 qula
1676 3396 1917 3435 comministravit
1937 3394 2021 3427 nobis

1152 3442 1239 3483 Papa
1251 3441 1392 3477 Nicolaus
1406 3466 1413 3475 .
1441 3445 1486 3476 Et
1498 3448 1530 3476 in
1542 3443 1593 3480 boc
1606 3443 1696 3480 babet
1703 3443 1938 3488 satisfacqionem
1948 3443 2023 3480 mah

1852 3494 1947 3528 titudo
1960 3516 1972 3534 ,
