2340 3762
53 1229 132 1267 cap.
148 1231 192 1260 ¹6.

51 1944 124 1982 Cap.
141 1948 187 1979 19·

624 163 1032 220 ScH0L115521·
1065 158 1262 206 Norts
1297 169 1690 203 utusrnarl.
1883 175 1976 219 205

237 269 421 325 ponatur
456 291 469 316 ,
504 259 624 321 juxta
660 253 885 305 secundam
920 252 1108 315 regulam
1145 248 1505 300 Chalcedonensis
1540 249 1736 297 Concilii
1771 285 1784 296 .
1845 250 2048 300 Abbatis-

235 323 279 391 122
327 323 433 375 vero
480 327 678 391 ejiciatur
713 324 767 374 de
803 324 1058 375 monasterio
1092 358 1106 384 ‚
1152 325 1196 370 &
1244 320 1438 370 tradatur
1485 321 1531 367 in
1576 319 1666 369 alio
1700 319 1955 369 monasterio
1992 322 2049 371 ad

234 393 534 462 subjefflonem
566 431 579 444 .
616 397 822 446 Similiter
854 399 898 444 &
930 393 1081 444 Abbas
1099 429 1115 453 ‚
1152 394 1231 461 qui
1266 409 1356 444 non
1391 389 1589 442 habuerit
1624 406 1774 439 manus
1809 390 2049 457 impolitio-

235 483 338 516 nem
381 465 629 536 Presbyteri
663 504 678 515 .
728 464 860 516 Porro
911 481 1007 531 quae
1059 463 1159 513 filiis
1195 461 1221 511 ὲ
1256 459 1508 532 parentibus
1542 459 1703 511 dantur
1740 477 1859 509 more
1893 457 2011 510 dotis
2035 497 2048 521 ,

235 537 307 587 vel
342 535 374 587 fi
408 553 504 603 quae
550 555 600 586 ex
635 539 818 606 propriis
865 535 991 585 rebus
1027 533 1238 601 acquisita
1270 531 1509 584 offeruntur
1543 565 1557 590 ,
1607 530 1907 598 profitentibus
1943 530 2011 579 his
2034 567 2049 591 ,

228 610 312 674 qui
345 623 398 657 ea
430 604 618 656 offerunt
651 608 753 658 Deo
786 604 970 657 dicanda
1005 643 1018 666 ,
1054 604 1278 655 definimus
1314 641 1328 665 ,
1366 603 1453 653 five
1486 597 1855 668 perseveraverint
1880 637 1892 660 ‚
1929 600 2050 654 five...
2107 617 2109 619 ·

231 679 439 737 exierint,
477 695 648 729 manere
685 679 761 727 illa
795 680 840 727 in
876 675 1133 727 monasterio
1165 672 1397 726 secundum
1430 669 1797 742 repromiffionem
1836 670 2049 738 ipsorum,

228 746 310 797 nifi
348 746 479 799 fuerit
515 749 644 818 culpa
678 748 872 802 Praelati.

1173 953 1318 995 militiae,
1341 954 1389 988 ad
1408 952 1593 995 extorfionom
1615 952 1811 995 procedebat.
1839 951 1923 986 Eam
1945 952 2052 987 omni·

414 960 903 1005 Senot10u.
1150 978 1153 983 ·

323 1104 407 1140 Mne
428 1104 462 1139 in
474 1105 657 1140 monastico
681 1106 821 1150 ingreffu
842 1114 898 1139 aut
921 1105 1112 1149 professione

349 1156 496 1190 exactum
509 1156 650 1200 pretium
669 1156 768 1192 &hic
787 1156 886 1190 &alii
906 1155 1037 1199 plurimi
1051 1155 1111 1190 Ca-

229 1215 334 1240 noues
356 1205 514 1240 damnant
538 1205 580 1240 de
591 1206 746 1242 limonia.
774 1208 978 1245 Audivimus,
1003 1205 1111 1249 inquit

226 1254 384 1299 synodus
396 1255 695 1291 Francofordienfis
705 1281 716 1298 ,
742 1258 823 1299 quod
845 1257 970 1299 quidam
983 1256 1111 1289 Abbates

224 1305 392 1347 cupiditate
417 1306 500 1340 duc‘lt
514 1310 645 1349 praemia
652 1314 710 1347 pro
733 1305 948 1340 introeuntibus
970 1310 1002 1338 in
1012 1317 1110 1339 mona-

222 1355 344 1396 sterium
353 1362 508 1397 requirant
516 1379 524 1389 .
550 1357 620 1389 Ideo
628 1356 746 1397 placuit
758 1356 843 1390 nobis
863 1356 898 1390 o·
906 1354 1020 1398 121chae
1031 1357 1113 1395 syno-

227 1405 287 1443 do,
312 1413 347 1437 ut
361 1413 418 1446 pro
434 1403 633 1448 fiiscipiendis
654 1411 688 1437 in
701 1405 804 1447 fando
823 1406 935 1438 Ordine
950 1405 1107 1446 fratribus

225 1463 413 1495 nequaquam
416 1460 546 1495 pecunia
555 1453 953 1503 requiratur-,sedsecundum
964 1454 1109 1497 Regulam

226 1502 330 1536 San&
340 1502 498 1538 Beneditii
506 1501 708 1546 suscipiantur
723 1527 730 1534 .
757 1503 802 1538 Et
813 1502 923 1537 Caroli
935 1502 1055 1547 Magni
1068 1501 1109 1536 ad

226 1551 409 1588 monachos
419 1552 623 1596 Capitulare:
649 1553 766 1588 Nullus
783 1553 885 1587 abbas
892 1561 950 1595 pro
953 1551 1106 1596 susceptio-

227 1613 265 1634 ne
276 1601 408 1636 monachi
417 1608 575 1643 proemium
594 1614 731 1645 quaerat.
759 1603 803 1638 Et
815 1602 995 1638 Alexandri
1021 1603 1108 1636 tertii

228 1650 404 1685 Pontifieis
429 1652 582 1694 synodus
613 1652 836 1687 Lateranenfis
860 1678 866 1685 .
893 1651 1032 1685 Monacbt
1052 1650 1109 1694 sub

223 1706 323 1743 pretio
333 1712 390 1734 non
398 1706 580 1742 recipiantur
589 1706 622 1734 in
634 1702 821 1743 monasterio.
847 1705 880 1735 si
892 1707 959 1745 quis
985 1701 1108 1735 exac‘lus

225 1751 342 1792 aliquid
358 1751 496 1789 dederit,
520 1752 567 1783 ad
583 1750 682 1795 saeros
693 1755 821 1787 Ordines
837 1763 896 1785 non
913 1753 1061 1793 accedat;.
1080 1756 1106 1785 is

224 1807 348 1839 «uim,
372 1804 424 1843 qui
432 1810 496 1833 eum
505 1807 643 1842 receperit
658 1826 669 1842 ,
695 1804 776 1843 officii
793 1808 970 1844 privatione
989 1801 1108 1835 mullle·

224 1859 292 1885 tur.
321 1850 365 1883 Et
376 1847 519 1891 ejusdem
542 1849 695 1894 synodus
715 1851 921 1887 Turonensis
939 1865 951 1885 :
978 1850 1023 1884 Ab
1044 1855 1108 1890 eis,

224 1906 277 1943 qui
295 1897 523 1943 adReligt'onem
533 1898 656 1942 tranfire
685 1902 835 1935 voluerint
845 1926 856 1944 ,
883 1902 966 1935 nulla
981 1906 1107 1943 pecunia

222 1955 379 1995 exigatur.
407 1949 451 1983 Et
463 1948 548 1993 apud
561 1949 760 1995 Gregorium
779 1963 906 1987 nonum
926 1951 985 1986 sub
1007 1951 1106 1986 titulo

223 1999 267 2034 de
277 1998 426 2034 Simonia
446 1998 672 2043 Presbyterum
693 2002 867 2045 quemdam
889 2001 948 2036 sub
971 2000 1104 2046 triginta

222 2047 404 2082 solidorum
427 2050 521 2091 pasto
543 2050 662 2083 factum
687 2051 911 2091 monachum,
937 2051 1106 2094 ipsumque

222 2097 304 2131 item
315 2096 480 2131 Abbatem
493 2109 553 2141 pro
572 2108 662 2132 tanta
682 2100 840 2143 pravitate
862 2100 996 2134 mandat
1018 2101 1105 2133 idem

223 2146 382 2181 Pontifex
394 2147 535 2191 graviter
555 2148 686 2190 puniri.
714 2149 757 2183 Et
770 2151 804 2183 in
833 2149 972 2194 Synodo
983 2149 1108 2185 Londi-

221 2197 310 2231 nenfi
321 2195 506 2232 Richardus
533 2197 773 2233 Cantuarienfis
787 2199 1083 2242 Archi-Episcopus
1096 2224 1106 2240 ‚

221 2246 326 2282 Sanffl
348 2245 495 2281 Thomae
525 2246 682 2292 Martyris
719 2250 887 2292 proximus
927 2249 1104 2284 succcffor:

228 2297 343 2330 Nullus
357 2298 509 2331 Praelatus
521 2302 556 2330 t'n
566 2300 730 2339 recipiendo
749 2299 892 2333 Monacbo
904 2325 914 2340 ‚
938 2304 1086 2333 Canonico
1094 2325 1104 2341 ‚

222 2347 277 2380 vel
283 2348 303 2378 5
303 2345 503 2380 audimoniall
506 2354 665 2388 pra-mium
670 2347 786 2391 sumere
807 2352 861 2384 vel
866 2355 980 2394 exigere
1003 2351 1105 2392 aliqua

218 2395 302 2439 paHi
315 2395 452 2438 occafione
467 2395 635 2441 praesumat
645 2411 659 2440 ;
679 2397 785 2441 siquis
803 2398 857 2433 hoc
870 2399 979 2441 fecerit
995 2424 1004 2439 ,
1031 2412 1104 2432 ana-

1177 1005 1221 1039 no
1242 1005 1376 1039 damnat
1399 1003 1440 1038 de
1464 1003 1623 1043 limonia,
1648 1003 1794 1036 imitatus
1804 1002 1958 1037 sanetum
1972 1004 2053 1038 Gre-

1173 1056 1302 1100 goriurn
1315 1055 1479 1099 Magnum
1496 1079 1508 1094 ‚
1537 1052 1729 1088 scribentem
1752 1050 1792 1085 ad
1802 1052 1968 1096 Siagrium
1981 1052 2049 1086 Au—

1174 1105 1446 1151 gustodunensem
1469 1129 1480 1145 ,
1517 1104 1551 1138 &
1579 1102 1739 1147 quosdam
1760 1101 1843 1136 alios
1869 1103 2053 1145 Episcopos

1169 1262 1263 1301 gari,
1288 1256 1445 1289 dummodo
1467 1255 1521 1289 vel
1521 1252 1561 1298 fic
1570 1265 1685 1288 venena
1695 1251 1849 1293 mortifera
1870 1250 2052 1295 eleemosinae

1175 1308 1272 1340 celata
1293 1304 1510 1340 obumbratione
1528 1303 1725 1345 trasfundat.
1751 1306 1839 1335 Nam
1863 1314 1915 1336 nec
1927 1304 2054 1336 venator·

1166 1356 1266 1401 feram
1282 1380 1292 1396 ‚
1318 1366 1369 1389 nec
1381 1366 1471 1389 avem
1482 1362 1588 1396 auceps
1610 1355 1754 1395 deciperet
1764 1377 1776 1393 ‚
1806 1352 1859 1386 vel
1876 1351 1986 1395 piscem
2003 1357 2054 1394 pi-

1164 1404 1262 1448 scator
1272 1413 1387 1446 caperet
1397 1426 1407 1442 ‚
1426 1402 1455 1444 fi
1463 1412 1518 1436 aut
1534 1405 1579 1437 illi
1586 1403 1725 1445 laqueum
1744 1408 1777 1435 in
1789 1410 1889 1444 aperto
1910 1409 2053 1442 propone-

1168 1462 1255 1495 rent,
1283 1461 1334 1486 aut
1343 1454 1392 1486 ille
1401 1452 1522 1485 hamum
1537 1451 1603 1497 esca
1613 1451 1817 1495 absconditum
1843 1462 1900 1483 non
1910 1449 2051 1484 baberet.

1170 1504 1253 1537 Unde
1263 1509 1354 1537 etiam
1365 1502 1443 1536 illud
1455 1509 1566 1536 certum
1576 1501 1614 1542 est
1625 1524 1635 1541 ,
1660 1507 1731 1544 quia
1750 1500 1805 1543 etfi
1811 1500 1987 1542 monasteria
1997 1508 2052 1534 aut

1170 1552 1359 1587 Xenodocbia
1374 1577 1383 1592 ‚
1408 1561 1463 1586 aut
1473 1553 1550 1594 quid
1572 1552 1666 1585 aliud
1684 1553 1723 1584 de
1738 1556 1865 1594 pecunia
1878 1575 1889 1591 ,
1914 1562 1983 1593 quae
1996 1559 2056 1593 pro

1164 1602 1261 1646 sacris
1276 1601 1438 1636 Ordinibus
1455 1603 1547 1635 datur
1559 1625 1570 1641 ,
1588 1601 1802 1642 constituantur
1812 1625 1822 1641 ,
1848 1601 1973 1634 mercedi
1995 1611 2055 1634 non

1164 1653 1282 1695 proficit
1308 1677 1314 1684 .
1342 1651 1463 1685 Multis
1486 1651 1630 1685 ostendit
1656 1663 1711 1694 per
1736 1650 1893 1693 ejusmodi
1924 1650 2055 1694 pietatis

1170 1710 1340 1746 praetextus
1363 1702 1464 1736 fucati
1490 1702 1524 1736 δε
1536 1701 1681 1745 pejorem
1699 1701 1790 1734 reddi
1808 1724 1818 1740 ‚
1846 1708 2053 1744 nequaquam

1169 1752 1302 1799 purgati
1323 1751 1495 1785 simoniam
1507 1776 1514 1782 .
1542 1752 1613 1798 Qi
1624 1761 1696 1785 eam
1709 1750 1754 1783 ob
1778 1749 1922 1793 publicas
1935 1750 2055 1794 Reipu-

1169 1801 1262 1836 blicae
1285 1800 1480 1835 neceffitates
1503 1801 1630 1845 purgari
1652 1824 1662 1840 ,
1687 1799 1833 1843 adeoque
1857 1800 2050 1834 nominatos

1168 1851 1320 1886 Praelatos
1342 1851 1430 1894 posse
1455 1850 1570 1895 Regiis
1594 1849 1821 1885 exastionibus
1842 1850 1969 1895 gravari
1995 1849 2054 1886 do-

1169 1911 1244 1936 cent
1257 1926 1267 1942 ‚
1293 1899 1404 1935 misere
1415 1900 1656 1935 hallucinantur
1670 1926 1677 1933 .

1219 1951 1338 1993 Neque
1349 1951 1560 1994 pecuniarum
1573 1951 1783 1987 solummodo
1794 1977 1804 1992 ,
1831 1950 1885 1986 sed
1896 1953 1930 1986 δε
1942 1952 2050 1994 pastus

1170 2002 1224 2036 seu
1246 2001 1391 2035 convivii
1411 2024 1422 2040 ,
1451 2001 1526 2034 licet
1550 2001 1590 2034 de
1612 2001 1849 2035 consuetudine
1874 2025 1884 2041 ,
1911 2002 2056 2035 exastio·

1170 2061 1244 2085 nem
1257 2048 1441 2085 Alexander
1453 2051 1565 2084 tertius
1581 2049 1718 2084 damnat
1733 2050 1774 2085 de
1799 2052 1934 2085 limonia
1948 2077 1954 2083 .
1982 2051 2051 2086 Ne-

1171 2102 1236 2134 scio
1248 2100 1337 2144 quod
1349 2100 1580 2136 monasterium
1594 2125 1605 2140 ,
1630 2099 1807 2134 duodecim
1819 2101 1941 2136 solidos
1952 2114 1993 2136 eo
2005 2102 2045 2135 ti-

1169 2151 1238 2185 tulo
1248 2151 1406 2196 exigens,
1432 2150 1543 2196 coegit
1565 2151 1606 2185 ad
1630 2150 1868 2185 restitutionem
1883 2176 1890 2184 .
1919 2152 2049 2186 Confir-

1170 2211 1237 2235 mat
1250 2201 1409 2237 Urbanus
1420 2209 1555 2245 quartus
1567 2202 1600 2234 in
1613 2201 1853 2245 Extravagante
1875 2204 2051 2237 communi

1168 2251 1207 2285 ad
1221 2250 1353 2285 titulum
1374 2251 1433 2285 sub
1443 2250 1595 2284 limonia.
1621 2251 1784 2284 Multorum
1805 2251 1870 2293 fide
1892 2253 2051 2295 dignorum

1166 2303 1306 2335 relatione
1324 2302 1483 2335 didicimus
1495 2324 1506 2341 ‚
1532 2301 1612 2342 quod
1629 2306 1665 2333 in
1686 2302 1837 2334 nonnullis
1860 2301 1992 2343 Ecclesiis
2014 2305 2051 2337 &A

1166 2352 1362 2391 monasteriis,
1390 2362 1454 2385 tam
1465 2357 1599 2384 virorum
1611 2354 1701 2393 quam
1722 2352 1877 2384 mulierum
1891 2377 1901 2392 ‚
1927 2353 2048 2392 detesta-

1169 2401 1238 2434 bilis
1248 2400 1390 2444 servatur
1401 2400 1495 2443 abufio
1506 2425 1517 2441 ‚
1543 2402 1623 2443 quod
1630 2401 1694 2433 cum
1709 2400 1846 2444 personae
1871 2407 2052 2444 recipiuntur

17 2494 21 2500 ι
49 2439 123 2476 0³9·
137 2443 185 2473 ²5·
223 2444 325 2479 thema
328 2443 385 2487 fit.
414 2445 731 2492 Ejusmodiingreffu
755 2450 789 2483 in
805 2449 938 2485 laudato
951 2449 1102 2495 Gregorii
1165 2451 1256 2485 abeis
1277 2452 1321 2484 ad
1330 2449 1551 2494 observantiam
1572 2452 1733 2494 regularem
1747 2476 1758 2491 ,
1782 2450 1860 2494 ipsae
1881 2459 2049 2487 temeritate

52 2625 123 2662 Cap.
141 2631 186 2661 30·

55 3079 113 3113 L4.
122 3074 209 3116 Epist.

224 2494 308 2529 noni
328 2494 425 2529 titulo
437 2495 590 2532 Clemens
614 2499 729 2532 tertius
738 2498 874 2534 damnat
896 2500 936 2534 de
949 2500 1100 2534 limonia.

224 2544 409 2578 Confirmat
432 2544 467 2578 in
481 2545 596 2580 litteris
616 2548 656 2580 ad
671 2547 867 2591 Stephanum
889 2550 1102 2584 cantuarien-

223 2595 291 2628 sem
304 2591 619 2638 Archi-Episcopum
638 2597 848 2632 Innocentius
870 2600 1004 2640 tertius,
1032 2611 1101 2633 om-

223 2654 281 2678 nes
292 2643 397 2678 taliter
408 2653 551 2686 receptos
565 2669 576 2684 ,
601 2645 678 2680 licet
689 2646 789 2692 longe
803 2649 959 2692 plurimos
972 2673 982 2690 ‚
1009 2649 1100 2692 puni-

223 2693 249 2727 ri
262 2693 418 2728 mandans
431 2718 441 2734 ,
468 2693 651 2730 &addens:
678 2698 760 2730 Illud
768 2707 869 2732 tamen
885 2707 1046 2743 gratanter
1057 2711 1099 2733 re-

223 2747 280 2785 cipi
290 2749 401 2786 poterit
414 2768 424 2784 ‚
449 2746 531 2786 quod
540 2744 638 2787 suerit
653 2745 716 2788 fiae
733 2754 887 2782 taxatione
901 2755 1002 2793 gratis
1024 2747 1100 2782 obla·

223 2799 308 2824 tum.
338 2793 381 2827 Et
404 2793 438 2826 in
450 2793 587 2837 synodo
609 2797 663 2830 sua
687 2797 916 2832 Lateranenfi.
944 2801 1097 2842 ,Quoniam

221 2839 377 2883 simoniaca
398 2842 477 2877 labes
491 2844 564 2877 adeo
582 2845 738 2889 plerasque
748 2849 893 2882 Moniales
913 2848 1016 2891 infecit
1030 2873 1041 2888 ,
1066 2857 1099 2882 ut

226 2896 284 2924 vix
303 2891 418 2933 aliquas
424 2891 487 2934 fine
505 2899 601 2935 pretio
610 2901 756 2938 recipiant
777 2897 927 2941 insorores
940 2923 951 2939 ,
972 2907 1098 2940 pauper·

226 2946 299 2975 tatis
307 2946 461 2981 praetextu
478 2945 609 2978 volentes
630 2944 798 2990 hujusmodi
820 2954 930 2981 vitium
945 2951 1093 2990 palliare.

225 2988 433 3034 Rigidiffime
451 2993 566 3033 punit,
592 3006 630 3028 ac
647 2994 801 3040 deinceps
821 3006 906 3032 vetat
930 3009 967 3033 ut
991 3009 1095 3032 veram

226 3039 348 3083 lepram
370 3039 532 3074 Simonis.
561 3042 670 3078 Etiam
680 3046 716 3079 in
738 3047 853 3082 litteris
873 3048 958 3092 apud
970 3049 1096 3082 Franci-

226 3090 315 3124 scum
329 3089 529 3133 Bosquetum
539 3091 754 3137 exstantibus,
781 3098 904 3141 scriptis
928 3096 968 3131 ad
979 3098 1095 3133 Hiero-

1163 2499 1398 2544 praesumptuosa
1413 2499 1515 2542 pastus
1535 2499 1587 2542 seu
1596 2503 1732 2542 prandia
1752 2504 1906 2543 Capitulis
1929 2505 2050 2537 &Con-

1164 2551 1302 2584 ventibus
1324 2563 1362 2584 ex
1372 2551 1484 2591 statuto
1499 2549 1551 2593 seu
1560 2549 1780 2594 consuetudine,
1808 2563 1876 2594 quae
1886 2554 2048 2597 corruptela

1160 2601 1259 2643 potius
1270 2601 1307 2642 est
1317 2602 1442 2634 dicenda
1458 2625 1468 2640 ,
1493 2601 1621 2634 tribuere
1642 2602 1870 2643 compellantur.
1901 2602 2047 2647 Rigidis-

1164 2651 1240 2685 sime
1251 2662 1288 2685 ea
1301 2660 1388 2685 vetat
1400 2676 1411 2692 ,
1437 2651 1622 2695 permittens
1637 2661 1746 2686 tamen
1765 2652 1863 2694 recipi
1876 2653 1990 2694 sponte
2010 2652 2047 2686 &

1164 2700 1309 2744 gratuito
1329 2701 1439 2736 oblata
1453 2726 1460 2732 .
1485 2701 1684 2737 oxoniensis
1705 2701 1763 2736 sub
1784 2701 1932 2734 Honorii
1956 2702 2045 2735 tertii

1163 2751 1366 2785 pontificatu
1403 2749 1514 2786 habita
1540 2750 1696 2794 synodus
1722 2751 1919 2795 paupertatis
1945 2751 2044 2785 titulo

1162 2801 1250 2845 exigi
1281 2801 1440 2845 permittit
1463 2801 1564 2835 solam
1589 2802 1726 2844 primam
1747 2799 1971 2835 monachandi
1992 2811 2044 2835 ve·

1163 2850 1243 2884 stem
1257 2876 1264 2882 .
1292 2851 1414 2886 Noster
1424 2851 1544 2886 Canon
1566 2852 1663 2886 etiam
1688 2851 1801 2884 dotem
1822 2849 1938 2893 sponte
1960 2849 2044 2894 apa·

1162 2900 1329 2942 rentibus,
1355 2911 1410 2935 aut
1420 2902 1535 2945 quaevis
1549 2901 1612 2934 alia
1628 2900 1668 2934 ab
1686 2900 1760 2942 ipfis
1781 2900 2041 2943 ingredientibus

1161 2950 1283 2985 donata
1295 2951 1459 2992 admittit,
1484 2949 1700 2990 monasterio,
1723 2948 1857 2984 licetilli
1870 2951 1948 2984 citra
1961 2950 2042 2984 Prte»

1163 3000 1219 3034 lati
1230 3002 1359 3044 culpam
1372 3011 1448 3036 ante
1459 3000 1683 3045 professionem
1706 2999 1929 3045 regrediantur
1939 3001 1979 3035 ad
1991 3001 2041 3036 sae-

1163 3049 1295 3091 culum,
1322 3051 1434 3085 volens
1459 3059 1660 3093 permanere.
1688 3048 1732 3082 Et
1756 3048 1842 3084 hanc
1863 3051 2039 3085 clausulam

1161 3100 1302 3134 correxit
1319 3100 1519 3134 -sacrosansta
1538 3099 1691 3142 Synodus
1713 3098 1913 3135 Tridentina
1925 3126 1932 3133 .
1960 3106 2039 3136 Ante

225 3139 359 3196 sol->imre
378 3138 598 3197 patriarcham
618 3166 629 3182 ,
656 3146 836 3188 graviffime
853 3148 1041 3191 expostulat
1052 3148 1113 3200 de}
1158 3148 1353 3192 profhfflonem
1373 3172 1386 3188 ‚
1410 3156 1528 3191 excepto
1551 3149 1633 3182 vida
1659 3151 1694 3184 et
1716 3148 1822 3191 vestitu
1846 3154 1971 3185 Novitii
1989 3152 2042 3186 vel

224 3189 399 3224 vituistius
420 3191 633 3234 grassatione,
661 3204 698 3226 ac
721 3196 840 3240 pergit.
868 3195 967 3239 Ipsam
986 3209 1095 3240 quoque
1163 3204 1299 3234 Novitiae
1311 3223 1323 3240 ‚
1348 3209 1523 3242 quocumque
1529 3207 1680 3241 praetextu
1695 3202 1902 3243 aparentibus
1913 3202 2039 3244 velpro-

227 3239 346 3274 domum
356 3240 473 3273 militiae
484 3243 585 3282 templi
596 3265 606 3279 ,
632 3244 676 3275 ad
683 3255 774 3286 quam
784 3246 854 3278 oculi
864 3245 1021 3289 respiciunt
1028 3250 1095 3289 plu-

225 3293 365 3324 rimorum
376 3312 386 3329 ‚
413 3288 552 3333 quosdam
563 3293 761 3327 intelleximus
774 3293 929 3336 fimontace
947 3297 1072 3341 introisse
1084 3323 1094 3339 ,

224 3337 409 3381 simplicitate
419 3348 520 3374 tamen
525 3342 625 3382 potius
638 3366 647 3382 ,
659 3345 751 3385 qudm
761 3346 877 3378 malitia
888 3357 895 3377 :
922 3347 1097 3388 Simplicita-

1160 3255 1282 3291 pinquis
1296 3273 1306 3289 ,
1332 3256 1385 3282 aut
1405 3249 1600 3282 curatoribus
1623 3250 1794 3292 monasterio
1804 3250 1881 3285 nibil
1902 3263 1941 3285 ex
1951 3252 2036 3285 bonis

1161 3298 1290 3341 eiusdem
1312 3298 1461 3332 tribuatur
1484 3311 1493 3331 :
1519 3299 1648 3334 Ne'bac
1669 3299 1804 3342 ocrafione
1822 3299 1967 3345 discedere
1987 3312 2035 3334 ne·

1162 3356 1266 3391 queat.
1293 3349 1517 3398 Qaevisfasta
1526 3349 1665 3386 donatio
1688 3350 1817 3386 nonnifi
1842 3354 1948 3386 secuta
1961 3360 2034 3394 pro·

225 3396 257 3420 te
277 3389 605 3432 occafionempraestante
625 3393 741 3426 delicto.
769 3393 984 3437 Simplicitate
996 3421 1007 3437 ,
1029 3407 1097 3440 quae
1164 3398 1294 3433 feffione
1306 3399 1464 3434 firmatur,

220 3434 278 3480 sub
297 3446 446 3480 praetentu
464 3438 664 3483 subventionis
688 3467 699 3484 ‚
726 3445 779 3479 seu
801 3443 986 3489 adjuvandae
1007 3447 1097 3482 sacrae

1214 3449 1410 3493 Episcopum
1423 3460 1480 3486 aut
1491 3449 1655 3488 Abbatem
1669 3448 2033 3531 Ρτσδγτετυφᾶὴὲερῐι

1143 3506 1151 3534 i
1884 3511 1894 3532 ι
1966 3510 1984 3534 c

1175 1156 1366 1190 Gallicanos
1379 1179 1387 1187 .
1412 1155 1523 1189 Suadet
1529 1152 1657 1196 forsitan
1668 1151 1811 1185 Diabolus
1822 1151 1927 1186 debere
1946 1152 1984 1184 ab
1996 1151 2052 1185 ba·
2070 1156 2234 1193 L7.indist.

1174 1205 1310 1240 bentibus
1319 1210 1430 1247 accipi,
1456 1203 1532 1246 utfit
1543 1205 1622 1247 quod
1625 1203 1704 1245 poffit
1725 1213 1782 1235 non
1791 1200 1971 1236 habentibus
1991 1213 2053 1235 ero-
2076 1210 2100 1232 ι.
2111 1200 2133 1228 E
2137 1208 2180 1238 p.1
2190 1208 2199 1228 ι
2209 1207 2232 1226 1-

2072 2271 2146 2311 Cap.
2167 2282 2191 2302 ι.
