2340 3762
617 145 934 209 ‘SouoniQ
971 166 1034 195 ετ
1069 150 1263 197 Nous
1301 158 1718 197 ILLUsrRA11.'
1896 175 1989 218 293

241 238 439 291 Praesules
476 239 768 290 universorum
805 239 1251 307 Metropolitanorum
1284 273 1298 297 ‚
1341 237 1421 304 qui
1470 235 1528 284 ab
1574 237 1673 304 ipsis
1719 259 2026 306 promoventur
2047 281 2061 305 ,

234 309 281 365 ἃ
315 310 401 360 sive
435 330 511 380 pet
548 329 699 360 manus
735 309 1054 380 impositionem
1088 346 1105 370 ‚
1142 308 1228 357 sive
1263 325 1340 375 per
1366 307 1499 374 pallii
1529 304 1759 361 dationem
1793 311 2063 381 Episcopalis

234 380 466 444 dignitatis
499 381 752 431 firmitatem
787 382 1008 449 accipiunt
1033 417 1047 440 ,
1082 379 1272 433 habeant
1308 377 1568 446 potestatem
1593 413 1607 437 ,
1643 376 1849 432 videlicet
1877 383 1933 430 ad
1958 402 2064 434 con-

234 451 484 512 vocandum
518 468 593 501 eos
638 489 652 514 ,
706 452 885 516 urgente
918 449 1164 505 necestitate
1192 485 1206 511 ‚
1247 446 1307 498 ad
1339 446 1604 516 Synodalem
1637 464 1907 499 conventum
1944 488 1958 512 ,
1990 446 2063 501 vel

233 525 371 572 etiam
403 521 461 572 ad
492 519 783 573 coercendum
818 522 916 571 illos
948 526 995 571 δι
1025 518 1333 588 corrigendum
1358 518 1375 585 ,³-
1404 517 1507 566 cum
1545 516 1661 566 fama
1697 537 1771 568 eos
1808 517 1929 588 super
1961 525 2062 588 qui-

232 592 413 643 busdam
443 591 614 644 delictis
650 594 826 643 forsitan
858 591 1124 646 accusaverit
1147 628 1160 638 .
1194 587 1278 638 Sed
1312 591 1522 656 quoniam
1559 586 1655 640 sunt
1690 588 1871 654 quidam
1897 596 2062 644 Metro-

232 664 527 730 politanorum
551 701 564 725 ‚
617 667 696 731 qui
731 682 787 713 ne
822 661 1056 713 secundum
1092 663 1372 715 vocationem
1408 657 1650 726 Apostolici
1687 657 1876 712 Praesulis
1909 679 2062 714 occur-

230 749 330 782 rant
354 770 368 795 ,
404 732 431 782 a
466 734 617 788 mundi
654 734 926 802 Principibus
962 732 1004 782 se
1038 731 1225 784 detineri
1260 730 1346 778 fine
1380 733 1550 784 ratione
1583 727 1813 783 causa-ntur
1847 767 1860 791 ‚
1896 733 2061 798 placuit

227 805 367 858 talem
415 803 735 857 excusationem
787 802 1055 858 omnimodis
1088 798 1172 854 effe
1207 798 1448 854 invalidam
1480 835 1493 846 .
1540 798 1665 847 Cum
1699 802 1821 849 enirn
1857 803 2063 870 Princeps

230 892 314 941 pro
347 872 433 927 suis
465 874 602 922 caufis
632 889 878 923 conventus
903 873 1149 937 frequenter
1172 885 1275 931 agat
1299 906 1313 930 ‚
1350 869 1535 936 impium
1568 869 1633 918 est
1660 887 1708 920 ut
1738 869 1925 920 summos
1954 876 2064 920 Prae*

229 941 337 990 sules
393 941 450 995 ad
485 941 685 1009 Synodos
732 959 813 1009 pro
847 940 1155 990 Ecclefiasticis
1203 941 1389 1002 negotiis
1415 938 1742 990 ‘celebrandum
1778 941 2063 1009 impediant,

227 1013 299 1060 vel
332 1009 544 1078 quosdam
579 1010 607 1061 ὲ
641 1013 855 1068 Conciliis
890 1030 1040 1062 eorum
1077 1009 1337 1078 prohibeant
1372 1045 1389 1070 ‚
1436 1009 1542 1058 licet
1578 1012 2064 1078 taleimpedimen'tum‘

226 1085 271 1131 &
305 1080 450 1129 fidiam
504 1081 848 1149 prohibitionem
898 1083 1346 1149 Metropolitanorum
1394 1077 1660 1142 suggestione
1687 1079 1884 1148 *diversis
1919 1082 2062 1134 modis

224 1151 319 1201 fieri
352 1151 629 1207 didicerimus
664 1189 677 1200 .
728 1151 1059 1217 Consueverunt
1093 1167 1240 1200 autem
1275 1150 1611 1217 Metropolitani
1647 1149 1716 1205 bis
1750 1153 1798 1204 in
1829 1167 1949 1217 anno
1981 1155 2062 1219 Sy.

223 1220 366 1271 nodos
403 1221 543 1277 facere
566 1258 602 1283 ,ι
629 1221 820 1290 ideoque
855 1223 964 1273 ficut
997 1222 1158 1272 dicunt
1186 1219 1249 1275 ad
1282 1220 1578 1277 Patriarchale
1612 1219 1789 1288 penitus
1825 1238 1914 1271 non
1947 1219 2063 1289 posse

224 1310 480 1347 concurrere
514 1309 648 1360 caput
687 1330 700 1341 .
737 1294 819 1342 Sed
853 1293 994 1343 saneta
1030 1294 1119 1349 haec
1154 1296 1199 1341 &
1233 1289 1481 1343 universalis
1517 1289 1741 1358 Synodus,
1779 1306 1860 1340 nec
1894 1293 2062 1356 Conci-

222 1359 287 1412 lia
306 1400 321 1424 ‚
355 1381 453 1430 quae
486 1361 514 1418 ὲ,
549 1365 906 1432 Metropolitanis
940 1364 1050 1420 fiunt
1079 1401 1093 1425 ,
1130 1361 1393 1418 interdicens
1419 1398 1434 1423 ‚
1470 1359 1614 1416 multo
1649 1363 1787 1424 magis
1822 1362 1899 1410 illa
1935 1364 2064 1414 novit

225 1433 557 1486 rationabiliora
590 1431 674 1486 effe
698 1435 712 1491 ,’
746 1450 799 1486 ac,
833 1434 1016 1484 utiliora
1042 1433 1485 1496 Metropolitanorum
1518 1433 1737 1484 Conciliis
1763 1466 1776 1494 ‚
1811 1448 1910 1496 quae
1931 1430 2064 1481 &Pa-

222 1502 446 1566 triarchali
480 1499 577 1555 sede
610 1517 930 1564 congregantur
956 1522 969 1560 3
1006 1505 1049 1550 &
1084 1498 1252 1556 idcirco
1288 1500 1380 1553 haec
1413 1497 1505 1553 fieri
1541 1501 1677 1562 exigit
1706 1520 1719 1549 ε
1755 1505 1800 1549 Α
1835 1506 2062 1569 Metropo-

222 1569 307 1621 lita
340 1571 507 1638 quippe
542 1573 668 1620 unius
704 1570 883 1638 quidem
919 1573 1159 1627 Provinciae
1193 1568 1419 1637 dispositio
1454 1568 1641 1617 efficitur
1677 1606 1691 1629 ‚
1745 1568 1772 1618 a
1808 1566 2061 1623 Patriarcha

221 1640 332 1694 vero
368 1639 474 1707 saepe
511 1642 646 1688 totius
681 1640 807 1695 causa
842 1639 1075 1689 dioeceseos
1111 1637 1377 1707 dispensatur
1412 1674 1428 1684 .
1476 1643 1543 1686 Ac
1579 1638 1779 1705 per-hoc
1814 1643 2060 1693 communis

222 1712 392 1759 utilitas
428 1708 681 1777 providetur
707 1747 721 1770 ,
756 1727 931 1779 propter
965 1708 1089 1778 quod
1125 1715 1168 1759 δε
1204 1708 1387 1777 speciale
1421 1709 1588 1761 lucrum
1646 1725 1824 1775 propter
1860 1705 2060 1771 generale

220 1780 387 1829 bonum
421 1780 622 1848 postponi
658 1784 864 1836 convenit
887 1819 900 1842 ‚
938 1782 1038 1830 cum
1074 1779 1101 1835 a
1138 1778 1379 1846 Maioribus
1416 1776 1537 1844 super
1565 1778 1795 1826 haeofasta
1825 1777 1954 1828 fuerit
1981 1781 2059 1830 ad'-

226 1851 444 1903 vocatio}
485 1853 696 1918 Qamvis
736 1850 852 1918 apud
887 1848 1099 1918 quosdam
1135 1848 1583 1915 Metropolitanorum,
1607 1847 1795 1916 antiqua
1830 1848 2058 1915 consuetu,-

218 1917 280 1969 do
305 1957 320 1981 ‚
354 1924 397 1969 &
419 1923 631 1974 canonica
655 1921 837 1969 traditio
859 1938 936 1992 per
960 1934 1267 1986 contemptum
1297 1916 1489 1985 ‘ipsorum
1524 1917 1759 1996 postpofita
1778 1916 2055 1984 ..videantur3

218 2008 309 2039 non
333 1991 602 2040 currentibus
626 1993 687 2040 eis
713 1991 770 2039 ad
798 2009 1075 2044 communem
1102 1989 1368 2057 profedfflm,
1405 2003 1517 2055 quos
1544 1987 1670 2057 leges]
1687 1985 1886 2047 Ecc'lefiae
1911 1991 2054 2054 severe

218 2059 559 2114 condemnantes
584 2097 597 2120 ,
634 2063 757 2109 omni
779 2060 1052 2115 excusatione
1077 2074 1270 2119 remota,
1307 2056 1522 2124 subjaCere
1548 2051 1857 2127 vocationibus
1888 2056 2051 2130 proprii

216 2130 477 2179 Patriarchae
500 2166 513 2189 ,
549 2129 636 2180 five
659 2147 759 2178 cum
796 2134 1085 2184 communiter
1123 2166 1137 2190 ‚
1173 2129 1259 2182 five
1294 2127 1657 2190 cumfigillatim,
1694 2130 1816 2190 facitae
1852 2131 2012 2181 fuerint
2039 2168 2052 2193 ‚

210 2202 422 2263 exigunt.
459 2200 572 2250 lllud
595 2217 741 2250 autem
768 2237 782 2262 ‚
818 2217 1044 2267 tamquam
1079 2198 1275 2268 perosum
1310 2194 1523 2266 quiddam
1546 2235 1560 2262 2
1596 2198 1655 2248 ab
1672 2201 1863 2254 :auribus
1897 2203 2052 2268 nostris

214 2272 455 2336 repulimus
481 2307 495 2331 ,
531 2270 654 2338 quod
679 2268 711 2323 a
734 2269 993 2338 quibusdam
1020 2272 1234 2338 imperitis
1268 2269 1430 2322 dicitur
1453 2305 1467 2329 ,
1504 2287 1595 2318 non
1630 2270 1747 2337 poffe
1783 2267 2052 2340 Synodumss„

216 2339 379 2410 absque
406 2343 654 2408 Principali‘
670 2339 895 2408 praesentia
922 2341 1164 2401 celebrari,
1201 2339 1308 2394 cum
1336 2338 1547 2407 nusquam
1571 2337 1678 2393 sacri
1713 2346 1917 2414 Canones
1946 2360 2050 2393 con-

217 2410 364 2464 venire
398 2409 613 2462 saeculares
650 2409 886 2481 Principes>
908 2413 955 2460 in
979 2412 1200 2463 Conciliis,
1234 2410 1447 2465 sanxerint
1463 2446 1477 2470 ‚
1522 2408 1592 2463 sed
1627 2410 1738 2461 solos
1748 2413 1763 2441 Τ
1774 2413 2006 2466 Antistites
2034 2451 2048 2463 .

219 2479 352 2528 Unde
377 2499 457 2530 nec
483 2479 717 2535 interfuiffe
747 2484 853 2534 illos,
878 2481 1064 2550 Synodis
1101 2519 1115 2543 ,
1150 2483 1347 2548 exceptis
1371 2482 1588 2536 Conciliis
1612 2482 1920 2535 universalibus
1939 2520 1951 2543 ‚
1972 2487 2048 2532 'in-

218 2551 444 2604 venimus:
483 2554 645 2618 Neque
673 2554 791 2602 enim
816 2553 883 2606 fas
906 2552 991 2615 est,
1016 2551 1233 2602 saeculares
1247 2553 1469 2619 Principes
1494 2550 1747 2619 speritatores
1767 2553 1863 2606 fieri
1892 2571 2047 2620 rerum,

216 2637 315 2686 quae
340 2620 642 2675 Sacerdotibus
668 2625 757 2672 Dei
781 2640 1108 2692 nonnumquam
1136 2625 1365 2674 eveniunt.
1404 2621 1613 2689 Quisquis
1646 2624 1765 2686 ergof
1786 2626 2046 2691 Metropoli-

218 2704 419 2740 tanorum
444 2694 668 2760 proprium
694 2691 1325 2761 Patriarcham'contempserit
1353 2729 1366 2753 ‚
1404 2697 1454 2742 δι’
1473 2696 1769 2755 vocationem
1786 2699 1874 2759 ejus
1896 2730 1913 2755 ,
1948 2712 2046 2760 quae
2095 2736 2097 2740 .

218 2759 306 2810 sive
330 2760 388 2814 ad
409 2780 540 2816 unum
569 2761 707 2814 solum
730 2800 744 2824 ,
780 2763 866 2816 five
895 2763 956 2817 ad„
975 2765 1123 2832 plures„
1145 2800 1159 2825 ‚
1195 2763 1281 2816 five
1305 2762 1362 2813 ad
1391 2762 1543 2813 omnes
1570 2763 1620 2814 fit
1636 2801 1650 2825 ,
1685 2763 1846 2830 absque
1870 2762 2043 2817 validis-

218 2826 323 2883 fima
346 2835 628 2894 aegrotatione
652 2871 665 2895 ,
700 2834 772 2884 vel
798 2834 1067 2902 paganorum,
1092 2832 1259 2887 incursu
1287 2870 1303 2898 ,
1340 2851 1430 2883 non
1447 2833 1673 2888 obedierit,
1693 2870 1707 2894 ,
1741 2839 1784 2891 δι
1821 2853 1896 2902 per
1921 2849 2042 2885 totos

217 2897 330 2953 duos,
351 2901 517 2955 menses.
539 2903 635 2972 post
667 2906 875 2957 notitiam
897 2907 1149 2959 vocationis„
1179 2903 1236 2954 ad
1271 2901 1496 2972 proprium,
1531 2907 1680 2956 venire
1701 2905 2049 2956 Patriarcharm'

218 2970 400 3023 minime
431 2971 697 3025 festinaverit
722 3013 735 3036 ‚
759 2972 842 3025 ‘vel
867 2974 898 3023 fi
919 2992 1202 3043 quocumque
1234 2974 1370 3028 modo,
1403 2977 1575 3027 latitare
1602 3011 1616 3036 ‚
1662 2991 1739 3025 aut
1763 2993 1852 3024 non
1879 2994 2049 3038 cogno..

218 3037 331 3088 scere
356 3044 556 3095 nuntium
581 3043 638 3093 ab
662 3046 740 3095 illo
766 3043 933 3098 miffurn
962 3048 1226 3105 tentaverit,
1263 3044 1530 3112 segregetur3
1566 3044 1597 3092 si
1624 3045 1731 3095 vero
1766 3048 1880 3095 intra
1908 3058 2038 3096 unum

217 3125 381 3158 annum
403 3110 602 3166 eamdem
624 3118 950 3170 contumaciam
981 3120 1025 3165 &
1049 3114 1398 3167 inobedientiam
1417 3114 1775 3167 demonstraverit
1801 3153 1814 3178 ‚
1850 3116 2039 3185 depona-

217 3194 290 3229 tur
314 3181 516 3229 omnibus
542 3184 684 3236 modis
708 3223 721 3251 ³.
758 3191 802 3240 δε,
827 3185 884 3234 ab
905 3189 1027 3236 omni
1063 3185 1326 3236 Sacerdotali
1360 3187 1613 3252 operatione
1649 3186 1827 3237 decidat
1852 3224 1867 3249 ,
1903 3203 2037 3253 atque

224 3247 252 3298 ὲ
288 3248 503 3313 dignitate
541 3255 584 3300 &
620 3254 783 3308 honore
812 3293 826 3316 ‚
861 3258 940 3321 qui
976 3257 1331 3324 Metropolitanis
1366 3258 1573 3305 convenit
1599 3293 1613 3317 ,
1650 3259 1918 3326 propellatur
1944 3295 1957 3307 .
1995 3262 2034 3310 IS

219 3334 365 3372 autem
388 3357 402 3383 ‚
438 3325 518 3390 qui
542 3324 643 3374 huic
672 3323 920 3375 definitioni
943 3342 1032 3376 non
1057 3325 1272 3377 obedierit
1297 3328 1434 3379 etiarn
1458 3363 1472 3389 ,
1509 3330 1553 3376 δι
1587 3330 1819 3380 anathema
1853 3329 1929 3379 fit.

1824 3487 1963 3531 Sciro-
