2340 3762
56 2815 212 2856 Epist-102.

61 3296 146 3337 Epist.
166 3303 213 3329 60·

616 119 929 171 Sertei-113,
964 131 1029 162 ετ
1061 116 1256 164 Nous
1287 127 1668 166 nmmum-1.
1883 125 1981 189 32²7

1156 208 1159 215 ¹
1172 198 1254 233 lium
1264 198 1389 232 secutus
1399 198 1546 233 Hilarius
1568 211 1703 236 omnem
1727 204 1816 238 suam
1828 202 2048 249 tempestatem

240 253 462 294 Arelatensem
488 249 600 288 Archi
615 251 838 295 -Episcopum
860 276 872 293 ‚
896 260 972 285 cum
998 251 1113 286 Sancto
1156 249 1241 313 {non
1254 248 1464 282 solummodo
1477 249 1680 292 compescuit
1694 273 1705 289 ,
1731 253 1785 287 sed
1809 255 1843 290 δε
1864 255 1949 289 inter
1968 259 2044 292 San-

1157 300 1240 333 -stos
1261 299 1438 342 Episcopos
1459 299 1661 332 eminentem
1684 299 1795 334 locum
1814 306 1940 349 accepit
1961 329 1967 335 .
1994 306 2045 340 At

241 303 355 340 Leone
366 302 494 348 Magno
505 301 670 337 Pontifice
681 304 778 337 nimis
792 299 999 337 contentiose
1020 311 1113 344 agen-
1158 328 1162 356 i

239 361 329 392 tem,
354 351 492 398 ideoque
502 351 607 397 gratia
627 351 772 394 lapsum,
797 351 941 387 ostendit
961 350 1108 384 Auxilia·
1158 349 1250 393 {vero
1272 350 1393 382 dietum
1418 348 1602 387 Robertum
1627 348 1892 386 Lincolniensem
1918 378 1929 393 ,
1968 353 2045 389 licet

240 402 283 436 tis
302 402 457 439 Romanae
479 403 567 438 urbis
584 401 775 436 Praefestus:
801 407 893 436 Aures
912 405 1108 434 Romanorum
1157 398 1334 432 >miraculis
1355 398 1426 441 post
1460 409 1599 433 mortem
1610 399 1774 434 coruscare
1791 399 1809 433 ὲ
1820 401 1915 434 variis
1933 402 2048 437 dicere-

239 453 374 496 quadam
392 453 587 487 teneritudine
604 452 674 492 plus
686 452 865 493 trabuntur,
890 455 921 483 in
933 462 1022 494 quam
1034 450 1065 492 fi
1076 449 1108 492 se
1156 422 1243 492 itur,
1269 447 1314 482 ob
1333 448 1532 492 pertinacem
1553 449 1588 482 in
1604 449 1676 482 suos
1688 448 1866 485 Pontifices
1877 450 2047 487 audaciam

241 501 390 537 SanHitas
401 506 464 536 Tua
469 500 594 546 subinde
605 501 763 542 demittat,
785 502 946 545 plurimum
958 499 1107 542 nihilpet-
1154 494 1160 514 ⁴¹
1171 497 1363 533 canonizare
1383 508 1552 541 nunquam
1578 497 1682 532 voluit
1704 498 1857 534 Romana
1882 499 2046 540 Ecclesia,

239 552 356 589 diturus
380 557 527 595 acquiris.
555 553 604 584 Da
625 551 700 585 mibi
721 551 771 585 boc
788 577 800 594 ‚
823 553 857 586 (⁶5
875 556 998 594 exiguas
1019 549 1108 583 nubes
1170 548 1291 583 exinde
1308 547 1327 582 a
1345 546 1538 595 gravissimis
1557 547 1771 594 Scriptoribus
1791 549 1959 598 insigniter
1978 549 2051 593 lauf

236 609 348 644 parva
355 607 515 639 mutatione
518 599 691 645 Jitrenitatis
702 601 857 647 compefte.
885 600 987 658 Qod
1007 600 1125 647 contis„
1173 597 1247 635 data
1265 622 1274 635 .

239 201 372 251 egregie
394 201 489 237 nobis
514 201 551 236 in
576 201 692 239 litteris
713 199 753 236 ad
774 203 926 237 santium
944 199 1112 235 Hilarium

508 969 1181 1107 CANON
1330 968 1781 1065 XXII*

230 1225 617 1361 PRomotiones
651 1241 786 1295 atque
819 1226 1162 1279 consecrationes
1197 1222 1510 1294 Episcoporum
1543 1228 1558 1284 ζ
1591 1217 1858 1272 concordans
1894 1220 2053 1287 Ρῑίοτί-1

367 1294 446 1344 bus
492 1298 709 1346 Conciliis
743 1334 757 1360 ‚
801 1299 1011 1348 electione
1055 1315 1108 1347 ac
1153 1296 1330 1346 decreto
1379 1293 1688 1364 Episcoporum
1734 1292 1909 1354 collegii
1958 1290 2051 1340 fieri

363 1364 504 1416 sancta
537 1367 628 1416 haec
662 1371 707 1417 ἅτ.
741 1366 988 1418 universalis
1025 1366 1221 1435 Synodus
1256 1365 1407 1415 definit
1442 1369 1486 1414 δε
1521 1365 1671 1427 Ρεαωίζ
1703 1375 1736 1425 ςζ
1753 1377 1886 1428 atque
1921 1364 2050 1426 jure..

228 1437 478 1501 promulgat
512 1437 730 1486 neminem
765 1438 974 1485 laicorum
1010 1439 1260 1502 Principum
1309 1435 1382 1482 vel
1418 1437 1651 1481 Potentum
1678 1429 1818 1479 »semet
1858 1429 2048 1478 inserere

229 1504 430 1553 electioni
464 1506 534 1554 vel
569 1506 836 1572 promotioni
872 1505 1130 1555 Patriarchae
1163 1541 1176 1564 ‚
1212 1503 1284 1554 vel
1319 1503 1614 1569 Metropolitae
1646 1537 1660 1561 ‚
1696 1517 1772 1549 aut
1816 1497 2049 1566 cujuslibet

229 1573 435 1641 Episcopi
469 1612 482 1635 ,
520 1593 574 1624 ne
608 1574 813 1624 videlicet
854 1575 1100 1624 inordinata
1135 1576 1239 1624 hinc
1287 1576 1330 1621 &
1367 1574 1604 1634 incongrua
1638 1570 1714 1620 fiat
1748 1569 1941 1619 confusio
1977 1569 2048 1619 vel

229 1646 459 1697 contentio
496 1678 508 1701 ‚
551 1643 782 1710 praesertim
817 1646 917 1695 curn
954 1646 1117 1694 nullam
1164 1646 1211 1691 in
1248 1641 1407 1691 talibus
1444 1640 1700 1708 potestatem
1736 1656 2059 1706 quemquam-s

230 1713 592 1777 Potestativorum
608 1751 621 1774 ,
655 1716 726 1765 vel
762 1731 1010 1765 caeterorum
1046 1717 1252 1765 laicorum
1288 1711 1445 1761 habere
1478 1711 1711 1772 conveniat
1742 1746 1755 1771 ‚
1792 1707 1866 1756 sed
1901 1708 2051 1774 potius

227 1780 350 1832 filerc
381 1818 394 1842 ‚
428 1800 479 1832 ac
515 1784 740 1834 attendere
779 1786 856 1834 fibi
892 1785 1024 1852 usque
1058 1803 1150 1851 quo
1183 1783 1434 1844 regulariter
1470 1779 1498 1827 a
1531 1780 1719 1840 collegio
1754 1777 2055 1827 Ecclesiastico

226 1847 427 1917 suscipiat
477 1852 605 1903 finem
652 1855 806 1904 eleotio
853 1855 985 1904 futuri
1034 1851 1257 1902 Pontificis
1292 1886 1305 1898 .
1364 1851 1405 1897 Si
1455 1848 1561 1899 vcro
1608 1849 1709 1915 quis
1746 1848 1956 1896 laicorum
1990 1846 2048 1896 ad

227 1921 569 1971 concertandum
612 1927 656 1972 &
690 1923 1009 1992 cooperandum
1045 1923 1101 1973 ab
1137 1920 1326 1972 Ecclesia
1361 1921 1572 1969 invitatur
1605 1954 1620 1979 ‚
1666 1918 1770 1967 licet
1805 1917 2049 1984 hujusmodi

226 2008 328 2040 cum
362 1995 601 2041 reverentia
634 2029 647 2054 ‚
683 1994 714 2042 fi
749 1995 861 2045 forte
896 1995 1082 2045 voluerit
1118 2030 1132 2054 ‚
1174 1990 1473 2058 obtemperare
1507 1986 1548 2036 se
1583 1985 1882 2036 asciscentibus
1919 2008 1933 2046 3
1966 2004 2049 2038 vta-

226 2061 328 2109 liter
363 2063 479 2108 enirn
515 2061 593 2109 fibi
627 2061 806 2124 dignum
843 2065 1054 2131 pastorem
1089 2062 1338 2125 regulariter
1373 2057 1429 2111 ad
1463 2057 1661 2107 Ecclefiae
1712 2055 1792 2106 suae
1826 2055 2051 2107 salutem-s

226 2146 484 2197 promoveat
519 2166 533 2179 .
585 2131 793 2198 Qisquis
841 2150 986 2182 autem
1033 2132 1292 2187 saecularium
1342 2130 1591 2196 Principum
1640 2131 1683 2176 &
1718 2131 1997 2176 Potentuim
2031 2166 2047 2189 ‚

227 2201 298 2249 vel
332 2202 506 2274 alterius
541 2199 768 2264 dignitatis
803 2204 936 2254 laicus
971 2202 1175 2253 adversus
1209 2216 1481 2252 communem
1518 2216 1569 2248 ac
1606 2196 1936 2258 consonantem,
1977 2214 2045 2248 at-

226 2287 313 2336 que
347 2273 600 2320 canonicam
635 2273 884 2323 cleotionem
920 2273 1202 2323 Ecclefiastici
1239 2269 1420 2322 Ordinis
1453 2287 1580 2332 agere
1616 2270 1850 2318 tentaverit
1884 2304 1897 2328 ,
1940 2285 2043 2317 ana-

226 2339 374 2388 thema
409 2340 460 2389 fit
494 2376 507 2401 ‚
545 2341 692 2391 :donec
728 2342 906 2394 obediat
941 2361 992 2393 ac
1029 2342 1270 2393 consentiat
1304 2377 1318 2402 ‚
1365 2339 1487 2408 quod
1523 2339 1710 2388 Ecclesia
1746 2336 1800 2387 de
1833 2339 2056 2389 eleffione‘

228 2424 280 2458 ae
314 2409 588 2480 ordinatione
633 2416 800 2482 proprii
836 2414 1025 2467 Praesulis
1061 2413 1103 2465 se
1138 2415 1250 2465 velle
1285 2411 1587 2462 monstraverit
1612 2446 1625 2458 .

417 2602 445 2647 S
477 2617 505 2647 C
540 2618 570 2648 H
605 2618 638 2648 Ο
672 2619 695 2648 L
730 2619 748 2650 1
782 2620 815 2650 Ο
848 2620 878 2650 N
893 2638 906 2650 ⁶
1163 2609 1225 2632 mos
1236 2598 1390 2641 Pontifices
1401 2598 1559 2640 aliquando
1568 2597 1652 2639 apud
1668 2600 1761 2640 Reges
1778 2604 1833 2638 pro
1842 2596 1956 2631 Elechs
1978 2599 2040 2630 Ec-

1162 2647 1307 2690 clefiarum
1319 2672 1330 2690 ‚
1357 2656 1390 2681 ut
1400 2654 1442 2681 eis
1453 2647 1491 2680 ab
1501 2646 1565 2689 ipsis
1575 2646 1702 2691 Regibus
1714 2647 1931 2680 concederentur
1955 2649 2037 2688 Epi-

1157 2697 1292 2741 scopatus
1306 2722 1316 2738 ‚
1341 2699 1386 2731 ad
1396 2708 1465 2740 quos
1475 2698 1555 2731 eleth
1567 2706 1655 2731 erant
1667 2721 1678 2738 ‚
1704 2697 1890 2739 intercsffiffe;
1918 2698 2034 2737 aliquo-

339 2746 422 2782 Unc
433 2748 605 2784 canonem
619 2750 652 2785 in
667 2751 783 2786 litteris
793 2752 831 2786 ad
847 2751 1016 2786 Manassen
1036 2750 1100 2784 Re·
1161 2759 1225 2781 rum
1240 2773 1250 2789 ,
1275 2753 1346 2791 quia
1366 2748 1541 2788 concefflones
1552 2751 1662 2791 Regum
1675 2748 1797 2780 necdum
1809 2744 1949 2788 consecuti
1963 2745 2036 2786 fue-

363 2800 506 2834 mensem
520 2798 835 2845 Archi-Episcopum
849 2801 957 2836 laudat
967 2802 1099 2836 Sanetus
1158 2808 1230 2833 rant
1250 2823 1260 2839 ,
1296 2796 1519 2841 consecrationes
1542 2797 1637 2837 distuli
1659 2809 1675 2830 e
1695 2823 1701 2830 .
1740 2799 1873 2839 ,Quorum
1893 2796 2031 2836 exempla

230 2846 292 2880 lvo
315 2847 490 2892 Episcopus
511 2850 738 2886 Carnotensis.
765 2855 838 2884 Non
860 2853 927 2886 licet
948 2850 1098 2895 Regibus,
1154 2847 1391 2891 supposuissemus
1412 2872 1424 2889 ‚
1459 2846 1514 2890 nist
1526 2849 1732 2890 prolixitatem
1752 2844 1891 2888 Epfflolae
1914 2844 2032 2887 vitasse-

226 2894 406 2939 ficutsanxit
425 2900 531 2933 octava
543 2902 669 2939 synodus
680 2926 692 2942 ‚
717 2913 805 2944 quam
825 2905 960 2935 Romana
971 2900 1096 2942 Ecclesia
1158 2909 1241 2931 mus.
1269 2901 1402 2931 Domnus
1412 2909 1524 2940 quoque
1540 2899 1627 2938 Papa
1649 2896 1784 2930 Urbanus
1797 2893 1954 2929 secundus
1977 2899 2032 2928 Re-

231 2948 416 2980 commendat
441 2950 474 2981 ίς
484 2959 640 2984 veneratur
652 2975 663 2991 ,
689 2952 875 2985 demonibus
888 2950 1097 2994 Episcoporum
1152 2959 1207 2992 ges
1219 2949 1338 2982 tantum
1350 2950 1370 2981 ἃ
1380 2948 1520 2991 corporali
1529 2945 1702 2985 investitura
1709 2946 1837 2978 excludit
1846 2969 1856 2985 ,
1879 2945 2025 2987 quantum

225 2992 260 3039 se
272 2994 385 3038 ml‘scen’
395 3020 405 3036 ²
431 2999 482 3030 vel
488 3000 588 3040 aliqua
597 3007 711 3036 ratione
734 3012 785 3034 eas
810 3003 971 3044 impedire.
999 3004 1098 3033 Fran·
1158 2998 1357 3032 intelleximus
1379 3023 1390 3039 ,
1416 3009 1473 3031 non
1494 2995 1532 3029 ab
1551 2994 1682 3029 eIeHione
1706 3020 1717 3037 ,
1742 3000 1775 3028 in
1792 2996 1936 3036 quantum
1951 2993 2025 3037 sunt

229 3056 327 3078 corum
349 3051 424 3079 enim
443 3051 536 3091 Reges
559 3052 683 3084 Carolus
693 3052 838 3096 Magnus
864 3053 898 3086 (zi
924 3051 1094 3084 Ludovt'cus
1156 3055 1246 3088 caput
1253 3049 1377 3090 populi,
1403 3048 1456 3081 vel
1463 3046 1643 3086 concefflone:
1671 3047 1826 3088 ,Quamvis
1849 3044 1956 3084 oc‘lava
1976 3047 2028 3083 sy·

230 3093 309 3129 Pius
330 3096 478 3129 elec‘liones
503 3098 708 3141 Episcoporum
732 3101 862 3143 Ecclefi'is
889 3101 1096 3144 concefferunt,
1157 3097 1249 3130 nodus
1265 3096 1359 3140 solum
1380 3096 1537 3138 probibeat
1557 3107 1602 3129 eos
1633 3095 1760 3138 intertffe
1784 3094 1937 3135 elet‘l‘ioni,
1966 3103 2025 3127 non

230 3146 311 3187 quod
333 3144 479 3188 &insuis
491 3149 719 3189 capitularibus
729 3150 873 3193 scriptum
895 3153 1096 3193 reliquerunt,
1157 3147 1308 3186 conceffioni
1320 3171 1327 3179 .
1353 3146 1444 3192 Qid
1458 3144 1533 3179 vero
1543 3145 1578 3179 fit
1591 3145 1696 3190 Regia
1715 3145 1926 3189 Episcopatus
1946 3155 2024 3178 con-

231 3196 267 3230 &
287 3200 320 3227 in
342 3196 482 3229 conciliis
503 3196 712 3240 Episcoporum
734 3200 968 3233 Provincialtbus
984 3198 1097 3242 sanciri
1157 3196 1251 3230 ceffio
1264 3221 1274 3236 ,
1300 3196 1437 3238 exponit
1459 3195 1494 3229 in
1515 3195 1629 3228 litteris
1649 3196 1689 3229 ad
1703 3194 1892 3229 Paschalem
1914 3194 2025 3229 secun-

226 3244 442 3288 permiserunt.
469 3247 512 3279 Et
535 3247 568 3280 in
589 3248 705 3282 litteris
721 3247 760 3282 ad
772 3250 953 3294 Hugonem
975 3248 1097 3283 Prima·
1157 3247 1233 3280 dum
1245 3244 1440 3281 Pontificem
1452 3267 1462 3284 ‚
1486 3255 1584 3290 agens
1594 3257 1652 3288 pro
1664 3245 1816 3279 Gualone
1835 3244 1946 3277 Elesto
1963 3244 2023 3276 Ec-

231 3302 299 3329 tem
323 3296 470 3330 Eccleliae
490 3296 736 3341 Lugdunensis.
762 3302 858 3342 Reges
876 3298 1030 3340 apostolica
1048 3310 1096 3331 au-
1156 3295 1254 3330 ciefiae
1275 3295 1507 3328 Belluacenfis:
1533 3298 1599 3328 Rex
1625 3307 1684 3328 non
1711 3297 1775 3328 vult
1798 3293 2022 3335 eledtoniaffen-

231 3343 365 3379 &oritate
375 3348 395 3378 ἁ
404 3347 560 3386 concefflone
570 3347 799 3391 Episcopatuum
803 3347 966 3390 prohibitos
978 3350 1097 3382 minime*
1151 3343 1218 3388 sum
1227 3345 1361 3386 praebere
1369 3367 1380 3382 ,
1407 3355 1458 3378 nec
1467 3347 1497 3376 E
1499 3345 1571 3378 letio
1582 3344 1656 3377 bona
1668 3343 1855 3388 Episcopalia
1863 3345 2018 3376 dimittere.

230 3394 370 3429 videmus
382 3421 390 3429 .
422 3400 560 3440 Legimus
581 3396 779 3440 enimsanc‘lae
799 3398 1004 3432 recordationis
1018 3396 1097 3441 sum·
1204 3394 1332 3435 Gothi,
1356 3394 1513 3430 Wandali
1529 3417 1540 3433 ,
1564 3392 1731 3439 Burgundi
1743 3417 1753 3433 ‚
1771 3393 1887 3428 Franci
1900 3391 2021 3430 ,Nort-

329 3444 435 3494 Cbrss·
449 3450 527 3490 Lupi
538 3452 619 3490 Oper.
633 3451 710 3482 Tom.
722 3451 775 3481 111.
1487 3443 1536 3491 Q
1548 3455 1569 3488 q
1619 3455 1642 3481 2
1836 3439 1947 3476 manni
1959 3461 1971 3479 ‚
