2340 3762
630 159 940 220 Seuerum,
974 170 1044 202 ετ
1077 153 1274 203 Nous
1305 166 1690 204 Iuvernam.

1909 172 1998 218 151

501 404 582 489 C
634 399 727 487 A
777 397 880 490 N
930 397 1024 485 O
1071 393 1176 486 N
1325 389 1840 486 LXXXIII>

438 668 512 702 mo
543 668 812 704 mortuorum
843 648 1103 718 corporibus
1135 646 1450 700 Eucharistiam
1481 644 1776 695 communicet
1809 681 1822 693 .
1856 647 2073 717 Scriptum

249 651 493 791 NEcst
525 727 643 775 enim
667 762 682 787 ‚
718 725 888 791 Accipite
923 726 982 768 (φ’
1017 719 1186 784 comedite
1209 755 1225 771 .
1273 724 1550 771 Mortuotum
1584 730 1735 767 autem
1767 731 1951 784 corpora
1984 736 2073 772 non

245 791 423 867 poffuut
454 797 654 865 accipere
695 812 778 847 nec
810 789 1038 845 comedere
1051 826 1064 843 .

444 1009 934 1056 Scn011or«.

308 1152 436 1189 Imilem
444 1153 623 1192 Canonem
635 1155 796 1194 habemus
818 1156 838 1192 a
850 1165 965 1201 quarta
989 1152 1128 1200 synodo

331 1203 586 1252 Carthaginenfi-
605 1232 617 1249 ,
660 1206 816 1242 insertum
842 1208 951 1242 codici
981 1206 1129 1242 Ecclesiae

244 1252 408 1290 Africanae
433 1282 441 1289 .
485 1256 605 1291 Placuit
627 1283 640 1299 ‚
671 1267 706 1291 ut
730 1258 899 1300 corporibus
923 1257 1129 1299 defunfforum

173 1300 179 1312 ⁴
242 1315 305 1337 non
315 1306 402 1340 detur
413 1304 622 1345 Eucharistia.
646 1308 794 1350 scriptum
812 1307 851 1349 est
874 1313 976 1349 enim,
1003 1305 1128 1342 ACCI-

54 1786 198 1821 Lanu·

53 2348 88 2379 1..
95 2356 124 2383 7.
140 2356 215 2381 caz-

56 2398 72 2419 2
74 2396 101 2426 3.

245 1351 365 1388 PITE
391 1354 460 1390 ΕΤ
484 1355 637 1390 EDITE
649 1381 661 1398 ‚
685 1360 838 1391 cadavera
853 1368 955 1392 autem
981 1369 1033 1391 nec
1054 1362 1127 1391 acci-

237 1404 456 1445 perepofflmt,
481 1416 534 1437 nec
552 1407 654 1439 edere.
681 1408 726 1439 Et
746 1407 765 1438 a
785 1405 924 1448 Synodo
937 1407 1127 1439 Antifiodo·

238 1451 342 1485 renfi.
369 1455 440 1485 Non
448 1453 514 1485 licet
523 1459 645 1486 mortuis
656 1453 880 1493 Eucharistiam
908 1455 1010 1487 tradi.
1037 1454 1126 1488 Data

239 1499 306 1534 illis
326 1501 525 1545 quandoque
545 1503 608 1537 fuit
632 1513 675 1538 ex
700 1503 799 1537 causis
825 1503 922 1537 variis
944 1530 951 1535 .
981 1504 1125 1539 Primam

237 1550 374 1585 adducit
386 1553 519 1587 Sanetus
532 1553 712 1598 Gregorius
724 1553 871 1598 Magnus
883 1553 919 1588 in
941 1553 1033 1588 libris
1044 1556 1126 1590 Dia-

240 1599 417 1644 logorum,
443 1613 544 1647 agens
555 1603 596 1637 de
607 1604 753 1645 quodam
767 1603 935 1639 monacho
957 1614 1046 1639 extra
1070 1616 1125 1648 pa-

240 1657 370 1683 ternam
380 1652 491 1685 Saneti
504 1651 672 1686 benedisti
683 1653 822 1698 gratiam
833 1653 988 1688 defuneto
997 1679 1008 1695 ,
1035 1654 1123 1688 ideo-

239 1707 306 1742 que
325 1700 457 1735 tertium
481 1711 572 1735 extra
592 1700 798 1746 sepulchrum
823 1703 856 1737 &
868 1712 986 1738 terram
1002 1704 1103 1746 eiecto
1116 1730 1123 1736 .

238 1750 390 1783 Parentes
397 1752 506 1784 concite
515 1753 562 1784 ad
575 1753 734 1788 Beneficii·
746 1756 853 1788 Patris
865 1753 990 1797 vestigia
1011 1765 1123 1787 curren-

234 1806 286 1833 tes
306 1805 374 1831 cum
399 1798 471 1841 fletu
487 1806 664 1842 petierunt,
689 1811 725 1837 ut
737 1802 967 1844 defunliosuam
985 1809 1121 1847 gratiam

236 1848 346 1891 largiri·
357 1849 532 1892 dignaretur
541 1876 548 1884 .
579 1851 700 1895 ,Quibus
711 1859 763 1885 vir
776 1856 834 1886 Dei
848 1864 939 1886 manu
953 1852 1012 1897 fica
1029 1858 1119 1896 proti-

235 1898 297 1932 nus
305 1905 533 1934 communionem
545 1904 693 1934 Dominici
713 1909 843 1945 corporis
864 1904 969 1944 dedit,
994 1904 1119 1937 dicens:

237 1951 284 1982 Ite
295 1971 308 1989 ,
332 1958 423 1993 atque
442 1950 493 1984 boc
504 1952 691 1986 Dominicum
710 1961 814 1995 corpus
830 1953 923 1996 super
931 1953 1033 1995 pellas
1055 1956 1118 1995 ejus

235 2008 302 2032 cum
311 2010 421 2043 magna
432 2007 604 2035 reverentia
627 2007 752 2044 ponite,
777 2004 812 2036 ὁ·
824 2003 864 2046 fic
869 2003 1034 2047 sepulturae
1056 2015 1119 2037 eum

235 2048 352 2080 tradite
364 2073 371 2080 .
398 2051 493 2092 ,Quod
510 2050 576 2082 cum
588 2050 709 2091 fabium
722 2052 844 2093 fuisset,
863 2052 1031 2096 susceptum
1061 2064 1120 2085 cor-

232 2103 295 2139 pus
320 2099 386 2138 eJ'us
406 2107 490 2131 terra
511 2104 629 2140 tenuit,
657 2111 710 2134 nec
730 2095 813 2135 ulira
829 2105 954 2144 projecit
975 2127 983 2133 .
1017 2101 1118 2145 Apud

236 2145 375 2192 Anglos
395 2147 478 2183 olim
503 2147 735 2185 defunctorum
761 2162 897 2196 corpora
919 2150 1116 2196 sepulchris,

235 2197 327 2231 malo
339 2197 453 2241 spiritu
467 2208 618 2243 portante
629 2225 640 2241 ,
665 2201 756 2235 exire
765 2227 777 2243 ‚
804 2211 892 2236 totas
902 2203 1013 2236 noctes
1025 2213 1117 2247 vaga-

234 2246 265 2279 ri
277 2270 289 2287 ,
314 2247 442 2283 &feras
453 2249 491 2283 in
505 2249 596 2284 vivos
605 2262 753 2285 exercere
773 2251 966 2287 insolentias
984 2253 1118 2287 consue-

234 2295 315 2331 visre
323 2297 468 2333 ostendit
481 2300 640 2344 exemplis
651 2302 746 2335 variis
756 2302 890 2347 scriptor
901 2302 1116 2347 graviffimus,

231 2345 440 2381 Guilielmus
450 2348 684 2395 Neubrigensis
695 2375 707 2392 ,
732 2351 855 2387 addens
865 2352 905 2386 de
913 2363 1027 2387 eorum
1038 2364 1114 2388 uno.

235 2396 442 2439 Lincolnienfis
454 2399 619 2442 Episcopus
632 2401 820 2444 absolutionis
836 2402 1005 2436 chartulam
1024 2415 1116 2437 manu

234 2444 292 2489 fua
317 2445 477 2490 conscripsit
496 2473 508 2489 ‚
536 2461 597 2492 qua
611 2451 724 2494 pec‘t'orz·
749 2451 879 2493 defunc‘li
905 2452 1055 2496 apposita,
1080 2456 1114 2488 Θ

234 2493 330 2539 clauso
339 2498 461 2530 rursum
464 2497 615 2541 sepulchro
626 2525 637 2541 ‚
664 2513 717 2535 nec
727 2502 862 2536 oberrare
873 2504 1009 2546 deinceps
1029 2502 1114 2548 visus

235 2544 275 2584 est
285 2570 296 2586 ,
323 2557 374 2580 nec
382 2547 472 2580 alicui
483 2549 638 2589 molestiam
646 2552 812 2587 ulteriorem
822 2553 935 2595 inferre
941 2555 1112 2598 permiffus.

235 2594 407 2638 Ejusmodi
427 2597 606 2634 diabolicas
617 2601 651 2634 in
662 2601 816 2637 cadavera
831 2604 1041 2647 graflationes
1062 2615 1115 2638 an-

224 2643 321 2690 tiqui
342 2645 456 2683 Patres
474 2647 682 2687 Eucharistia
702 2652 951 2697 compescebant
970 2679 978 2687 .
1015 2653 1112 2690 Eam·

428 2990 1103 3127 CANON

1201 1001 1276 1037 dem
1296 998 1448 1036 adversus
1474 1000 1635 1036 familiare
1659 998 1744 1035 olim
1763 1000 1941 1036 effoffionis
1952 1000 2077 1038 crimen

1198 1053 1292 1088 fuiffe
1316 1049 1524 1087 cadaveribus
1548 1052 1726 1095 appofitam
1750 1051 1908 1086 testantur
1933 1054 2079 1087 austeres

1196 1115 1312 1148 graves
1321 1127 1333 1144 ‚
1363 1100 1474 1137 verum
1482 1102 1680 1137 recentiores
1691 1125 1700 1134 .

1249 1153 1398 1188 Tertiam
1406 1154 1537 1187 causam
1549 1152 1686 1188 adducit
1698 1152 1848 1187 laudatus
1872 1152 1991 1187 Canon
2004 1152 2079 1186 Cat-

1196 1202 1410 1249 thaginenfis:
1435 1207 1484 1238 Et
1501 1215 1538 1237 ne
1541 1205 1614 1244 jam
1622 1214 1750 1238 mortuos
1771 1202 1903 1236 homines
1925 1202 2080 1244 baptizari

1189 1252 1290 1295 faciat
1301 1254 1536 1292 presbyterorum
1550 1259 1681 1297 ignavia
1692 1279 1699 1285 .
1729 1253 1804 1287 Alia
1815 1252 1920 1287 editio
1933 1253 1976 1287 fic
1986 1253 2078 1297 legit:

1196 1307 1375 1338 Cavendum
1397 1304 1439 1345 est
1464 1309 1555 1338 etiam
1578 1329 1590 1345 ,
1617 1315 1654 1337 ne
1678 1313 1808 1337 mortuos
1828 1302 1980 1346 baptizari
2002 1303 2078 1346 pqffe

1186 1354 1324 1395 fratrum
1348 1355 1511 1396 infirmitas
1533 1356 1639 1388 credat
1652 1379 1663 1393 ‚
1688 1355 1754 1387 cum
1766 1353 1989 1393 Eucharistiam
2004 1365 2078 1385 mor-

1192 1411 1253 1436 tuis
1264 1406 1333 1436 dari
1341 1407 1613 1436 animadverterit.
1641 1403 1778 1438 Etenim
1798 1404 1841 1437 de
1860 1402 2079 1436 Montanistis

1192 1451 1302 1485 scribit
1322 1454 1457 1485 Sanitus
1470 1451 1663 1486 philastrius
1688 1452 1864 1487 Brixienfis
1876 1452 2056 1494 Episcopus
2067 1463 2080 1483 τ

1191 1507 1235 1536 Hi
1244 1510 1373 1535 mortuos
1384 1500 1563 1543 baptizant.
1593 1502 1638 1536 Et
1650 1502 1683 1535 in
1707 1500 1931 1538 haereticarum
1951 1501 2077 1536 fabula-

1190 1561 1261 1584 rum
1282 1551 1373 1586 libris
1400 1551 1635 1586 Theodoretus
1656 1552 1696 1585 de
1711 1551 1945 1588 Archonticis:
1973 1554 2076 1586 oleum

1190 1602 1224 1633 ὢ·
1241 1613 1349 1643 aquam
1375 1611 1561 1635 mortuorum
1586 1602 1735 1644 capitibus
1760 1604 1922 1642 injiciunt,
1944 1601 1986 1643 fic
2003 1602 2076 1642 fore

1190 1651 1319 1684 dicentes
1333 1676 1343 1692 ‚
1368 1660 1401 1685 ut
1422 1650 1583 1691 invisibiles
1603 1651 1685 1693 fint,
1705 1650 1927 1697 superioresque
1937 1653 2075 1686 evadant

1187 1701 1350 1742 intnjeHis
1376 1701 1637 1735 Dominationibus
1663 1713 1699 1734 ac
1722 1701 1920 1743 Potestatibus
1933 1727 1940 1733 .
1970 1703 2013 1736 Et
2038 1703 2076 1735 in

1187 1750 1273 1784 libro
1286 1750 1327 1785 de
1354 1752 1445 1785 sestis
1469 1751 1710 1785 Constantinus
1736 1753 2005 1794 Harmenopulus
2033 1752 2076 1787 de

1188 1800 1399 1835 Marcionitis
1423 1813 1462 1835 ac
1489 1799 1703 1835 Manichaeis.
1727 1804 1860 1844 ‚Quoties
1885 1803 1973 1844 apud
1996 1801 2076 1845 ipsos

1185 1861 1243 1881 non
1254 1850 1430 1893 baptizatus
1441 1852 1552 1893 aliquis
1564 1858 1707 1890 moritur,
1725 1850 1786 1896 sub
1805 1852 1910 1886 lec‘lulo
1936 1851 2074 1894 defuno‘li

1184 1905 1257 1933 vivo
1285 1902 1414 1943 quodam
1424 1903 1584 1943 occultato,
1611 1902 1750 1936 leffulum
1771 1904 1886 1937 adeunt
1899 1928 1910 1943 ‚
1937 1914 1972 1936 ac
1998 1915 2075 1936 mor-

1184 1958 1268 1982 tuum
1293 1956 1478 1995 interrogant
1502 1974 1513 1990 ,
1537 1964 1580 1985 an
1606 1953 1758 1995 baptizari
1782 1956 1876 1987 velit.
1903 1952 2073 1996 Respondet

1182 2002 1343 2034 occultatus
1353 2001 1392 2033 ab
1405 2007 1463 2034 imo
1477 2002 1558 2035 velle
1570 2026 1580 2041 ,
1606 2011 1697 2045 atque
1717 2004 1764 2035 itai
1782 2003 1842 2036 loco
1852 2003 1983 2044 defundit
2005 2015 2076 2037 eum

1182 2050 1353 2090 baptizant.
1384 2049 1514 2094 Causam
1539 2059 1635 2094 rogati
1658 2054 1759 2085 dicunt
1770 2052 1822 2086 boc
1834 2052 1992 2096 Apostolum
2019 2055 2075 2087 do-

1182 2100 1284 2142 cuiffe,
1310 2102 1374 2134 cum
1406 2107 1452 2134 ait
1466 2115 1477 2134 .-
1504 2101 1542 2135 SI
1567 2101 1786 2137 PRORSUS
1812 2103 1897 2137 ΜΟ
1912 2102 2075 2144 RTUI

1182 2148 1314 2183 NON
1351 2150 1775 2186 RESUSCITANTUR
1803 2177 1814 2192 ,
1854 2153 1961 2187 CUR
1988 2154 2069 2186 ET-

1182 2197 1274 2232 iAM
1299 2198 1661 2236 BAPleANTUR
1690 2202 1786 2236 PRO
1815 2203 2069 2239 MORTUIS?

1180 2250 1241 2282 sed
1251 2254 1384 2293 ignorant
1394 2252 1431 2283 id
1444 2250 1495 2285 hoc
1519 2253 1604 2285 modo
1610 2253 1783 2295 prolatum,
1803 2255 1964 2295 proptered
1988 2254 2069 2294 quod

1181 2305 1351 2343 quicumque
1375 2300 1570 2343 baptizantur
1582 2324 1594 2340 ,
1617 2307 1649 2335 in
1667 2303 1824 2344 confeffione
1849 2302 2066 2345 reficrrec‘lionir

1180 2358 1354 2384 mortuorum
1380 2350 1553 2396 &ejusspe
1563 2351 1770 2393 baptizantur.
1799 2353 1877 2387 Hoc
1904 2353 2009 2397 ipsum
2022 2352 2065 2388 de

1180 2400 1389 2435 Marcionitis
1401 2400 1497 2435 latius
1511 2401 1644 2436 testatur
1653 2404 1787 2437 sanstus
1799 2403 1939 2447 Joannes
1956 2402 2064 2446 Chry-

1179 2449 1358 2484 sostomus.
1383 2451 1548 2498 roirca
1570 2453 1647 2487 solis
1669 2453 1737 2486 iliis
1756 2454 1916 2492 mortuis,
1940 2453 1997 2495 qui
2025 2453 2062 2486 in

1178 2509 1324 2534 extremo
1344 2501 1452 2536 adhuc
1473 2502 1542 2536 vivi
1556 2513 1623 2537 non
1651 2513 1877 2548 perceperant,
1905 2501 2061 2536 Euchari-

1178 2550 1271 2584 stiam
1293 2551 1429 2595 quidam
1454 2552 1594 2596 imperiti
1627 2553 1786 2589 Afrorum
1826 2553 1980 2597 Episcopi
2020 2563 2060 2586 ac

1177 2599 1359 2644 Presbyteri
1370 2601 1492 2639 dabant
1503 2627 1514 2643 ,
1539 2613 1636 2650 atque
1646 2603 1690 2638 ita
1703 2602 1808 2638 stultis
1818 2604 1884 2648 jam
1895 2613 2059 2637 memora-

1175 2652 1216 2686 tis
1227 2651 1389 2687 erroribus
1400 2651 1584 2697 praebebant
1594 2654 1740 2690 fom'enta
1749 2679 1757 2688 .

2101 1509 2240 1541 Luc-xx.

2100 1773 2172 1812 Cap.
2194 1783 2204 1802 1
2213 1783 2239 1802 1·

1697 2859 2041 2881 Μ

1204 3037 1862 3127 LXXXIV*-

363 3284 586 3334 Anonicos
633 3288 809 3335 Patrum
824 3303 838 3332 s
857 3289 967 3337 ritus
1013 3287 1239 3359 sequentes
1273 3288 1329 3338 de
1364 3287 1605 3338 infantibus
1638 3307 1819 3357 quoque
1851 3288 2048 3340 decerni-'

396 3372 490 3403 mus
525 3393 539 3417 ,
589 3358 763 3423 quoties
796 3362 884 3405 non
931 3361 1209 3409 inveniuntur
1251 3360 1364 3409 firmi
1400 3359 1527 3409 testes
1562 3396 1575 3420 ,
1623 3362 1703 3426 qui
1737 3379 1813 3410 eos
1849 3359 2043 3425 absque..

226 3423 314 3473 ulla
347 3423 624 3476 dubitatione
658 3426 909 3495 baptizatos
943 3426 1025 3480 effe
1059 3429 1209 3480 dicant
1243 3468 1257 3492 ,
1306 3447 1386 3480 nec
1419 3429 1498 3499 ipfi
1531 3447 1711 3499 propter
1746 3445 1917 3480 aetatem
1952 3426 2042 3480 de...

1933 3496 1995 3532 fibi
