2340 3762
651 186 723 219 DE
763 185 1000 217 SEPTIMA
1034 168 1279 215 SYNODO
1312 164 1646 213 Gentium.
1889 176 1989 230 ‘²35

245 260 392 294 inmune
402 281 413 298 ,
437 245 555 292 utilitas
564 257 764 292 excluderetur
774 281 785 298 ‚
811 267 847 290 ea
856 266 923 299 quae
928 252 990 296 five
997 254 1035 289 de
1053 265 1111 287 non
1169 263 1174 301 Ι
1188 250 1266 285 dem
1278 249 1473 285 Tharasium
1485 248 1601 284 litteris
1612 275 1623 291 ,
1634 261 1692 285 eos
1700 260 1820 289 vocant
1827 254 2065 300 fandificifilen-

236 308 384 352 facunda
389 302 541 342 ‘laicorum
559 313 740 351 promotione
760 331 771 348 ‚
789 305 855 349 five
877 307 915 339 de
939 314 1116 338 caeterarum
1185 307 1222 334 tii
1234 325 1246 342 ,
1274 302 1326 335 seu
1339 299 1526 335 monastica
1537 300 1740 344 profeffionis
1749 312 1895 339 amatores
1904 331 1916 348 ‚
1926 317 2066 353 magno·

239 356 506 402 praesumptionum
529 357 783 403 redargtaionibus
805 354 1024 400 subsequuntur
1052 379 1064 394 ,
1087 359 1119 386 in
1170 362 1259 385 >rum
1286 350 1548 385 patriarcharum
1573 350 1745 394 Syncellos
1766 376 1778 393 ,
1801 364 1843 387 ac
1864 355 2065 393 orthodoxa

244 409 352 445 synodo
362 407 417 442 bac
439 420 491 443 nec
509 414 646 448 recitari,
673 418 724 441 nec
736 406 815 441 Mis
828 404 916 449 inseri
933 406 1007 447 paffi
1023 403 1120 448 sunt.
1170 396 1265 435 *fidei
1275 402 1348 435 zelo
1360 401 1525 434 accensos.
1553 400 1688 435 Etenim
1702 401 1925 438 Saracenicam
1936 406 2065 450 legem,

244 456 293 492 Et
301 458 539 503 dispensatorio
567 457 655 501 pacis
672 469 784 494 amore
803 456 922 504 Legati
933 454 1119 502 Apostolici

243 507 504 544 diffimularunt.

294 556 394 592 Plura
412 558 505 592 enim
523 555 711 593 Graecorum
732 559 768 593 in
790 558 970 592 litterarum
991 558 1119 590 suarum

242 607 312 642 fine
321 606 480 642 Pontifex
492 607 656 653 redarguit
668 634 679 649 ,
697 609 732 643 &
742 618 819 643 ante
829 607 1000 651 synodum
1010 616 1121 640 coram

242 656 446 701 Legatorum
466 659 596 693 suorum
617 658 744 699 oculis,
767 668 802 694 at
820 656 908 693 certe
922 658 957 693 in
983 654 1121 700 Synodo

242 707 350 740 voluit
359 708 480 752 corrigi
503 709 704 752 &reparat-i.
729 708 861 749 Primo,
875 718 929 751 per
939 706 1121 742 universam

241 755 406 792 Graeciam
428 758 523 802 plene
542 759 663 793 restitui
673 761 775 794 sacras
797 759 976 803 imagines.
1001 757 1122 790 Secun-

240 805 307 847 do,
332 807 354 840 fi
367 807 400 842 id
412 807 457 841 ob
467 807 693 842 haereticorum
705 809 866 842 vesaniam
876 809 961 843 soret
984 806 1049 839 sine
1061 804 1118 846 Sy-

239 854 324 891 nodi
346 858 536 890 austeritate
556 857 769 900 impoffibile,
798 856 1028 902 Cayphaicum
1039 860 1121 888 eon·

234 915 290 939 tra
298 907 405 938 sacras
415 905 575 949 imagines
585 907 766 940 concilium
778 929 789 945 ,
815 904 931 949 utpote
951 905 1016 938 fine
1031 903 1117 946 Apo·

234 953 363 990 stol-ica»,
371 954 461 990 Sedis
479 955 667 990 annositate
688 954 826 995 fastum,
853 955 965 989 saltem
989 952 1119 988 anathe-

237 1004 403 1039 matizari.
428 1003 570 1045 Tertio,
595 1004 707 1040 invasa
731 1006 889 1040 Romanae
900 1003 1047 1039 Ecclefiae
1069 1014 1119 1048 pa·

232 1054 395 1089 trimonia
416 1065 454 1089 ac
486 1054 640 1090 dioeceses
664 1056 760 1100 plene
781 1054 906 1090 restitui
930 1079 938 1087 .
964 1054 1119 1101 Qarto‚

232 1103 440 1149 Episcopum
453 1105 861 1150 Constantinopolitanum
871 1104 1025 1148 deinceps
1049 1115 1117 1138 non

235 1154 350 1189 vocati
377 1154 598 1189 Patriarcham
619 1157 863 1192 oecumenicum
884 1157 938 1190 seu
961 1154 1120 1189 universa·-

235 1203 324 1246 lem,
351 1204 486 1239 nomine
511 1204 672 1248 superbo,
698 1206 862 1251 profano,
887 1204 1118 1245 schismatico,

235 1265 293 1298 per
313 1255 473 1298 Ioannem
502 1266 654 1300 quartum
673 1281 685 1298 ,
711 1265 939 1302 cognomento
962 1254 1118 1298 jejunato-

234 1314 326 1345 rem,
352 1304 550 1349 adsumpto,
573 1306 674 1350 &per
685 1305 859 1351 Pelagium
880 1305 1057 1340 secundum
1080 1316 1117 1338 ac

235 1353 392 1389 Sannum
409 1355 608 1399 Gregorium
634 1357 822 1401 Magnum,
850 1356 1023 1390 Romanos
1032 1354 1119 1389 Pon-

231 1405 342 1439 tifices
351 1428 364 1444 ‚
375 1404 524 1438 altiffime
536 1405 711 1439 damnato.
738 1406 835 1439 Valde
845 1428 856 1444 ,
881 1405 990 1446 inquit
1002 1403 1118 1436 Adria-

229 1464 298 1488 ·nus
310 1453 468 1488 Pontifex
477 1477 489 1494 ‚
515 1459 618 1486 mirati
622 1452 725 1496 sumus
737 1477 748 1493 ,
773 1454 856 1495 quod
869 1459 902 1486 in
916 1452 1019 1486 vestris
1028 1457 1118 1492 impe-

231 1502 470 1545 rialibusjuffis‚
491 1511 550 1545 pro
561 1502 742 1537 Patriarcba
761 1506 864 1547 Regiae
885 1502 970 1536 urbis
979 1499 1118 1543 Tharafio

227 1552 355 1587 *direffls
367 1578 379 1594 ‚
407 1552 763 1588 UNIVERSALEM
784 1566 851 1588 eum
874 1558 1036 1594 reperimus
1046 1563 1119 1586 exa-

233 1614 357 1637 ratum:
385 1604 444 1636 Sed
452 1604 552 1635 utrum
558 1612 613 1644 per
626 1609 808 1644 imperitiam
819 1628 830 1644 ‚
857 1612 912 1635 aut
914 1601 1054 1645 schisma,
1068 1602 1118 1636 vel

234 1651 368 1699 baerefim
391 1657 556 1694 iniquorum
570 1651 717 1695 scriptum
734 1652 773 1694 fit
796 1677 808 1693 ,
833 1659 1018 1696 ignoramus.
1046 1651 1118 1685 No-

1184 462 1254 495 quae
1267 462 1398 487 omnem
1408 451 1448 484 ad
1458 451 1630 485 Romanos
1641 451 1724 485 fines
1733 453 1890 487 accessum
1902 453 1960 488 sub
1968 466 2067 498 poena

1185 501 1315 545 capitali
1329 499 1456 535 vetabat
1470 523 1482 540 ‚
1503 500 1539 533 &
1550 501 1568 534 a
1580 512 1643 543 qua
1656 501 1746 536 Elias
1757 501 1995 547 Hierosolyma
2004 503 2065 540 Pa·

1185 549 1322 586 triarcha
1338 552 1383 584 ad
1387 549 1522 592 pufillam
1542 549 1757 592 accusationem
1781 553 1975 597 proscriptus
1985 566 2066 590 exu-

1167 573 1292 642 flabat,
1320 602 1532 645 spernentes,
1557 599 1702 634 animam
1714 600 1804 635 suam
1829 604 1863 635 in
1874 613 1976 638 manu
1995 604 2065 640 Dei

1184 653 1381 695 posuerunt,
1406 650 1668 692 accesseruntque
1677 650 1717 684 ad
1734 650 1926 692 Synodum.

1236 699 1415 736 Laudanda
1437 700 1483 734 est
1503 700 1689 744 &ipsorum
1711 699 1970 738 Patriarcharum
1987 716 2070 739 con-

1183 750 1300 786 stantia
1313 775 1321 784 .
1349 752 1438 784 Nam
1455 749 1635 792 pacificatus
1654 749 1730 792 suas
1744 750 1910 793 Ecclefias,
1935 754 1970 787 ἀ
1991 754 2071 789 fide-

1182 801 1247 834 lem
1259 801 1419 844 populum
1432 798 1621 833 miserabilis
1633 800 1796 835 servitutis
1804 799 1898 846 Jugo‚
1911 813 1948 837 ac
1960 807 2067 845 impor-

1181 851 1316 883 tabilium
1335 849 1510 884 tributorum
1529 850 1661 885 illatione
1681 852 1842 895 opprefficm
1869 876 1882 892 ,
1907 864 1966 896 pro
1990 853 2071 887 libe-

1181 900 1279 934 randa
1304 900 1680 943 constantinopolitana
1717 902 1860 937 Ecclesia
1886 903 1924 938 in
1942 902 2068 948 grande

1181 950 1361 994 periculum
1382 950 1603 984 tradiderunt.
1627 949 1747 986 Pacata
1768 962 1838 987 erat
1849 949 2068 988 Antiochena

1183 1002 1353 1043 praesertim
1368 998 1509 1036 Ecclesia
1522 1022 1533 1039 ,
1558 998 1601 1034 de
1621 1012 1686 1044 qua
1707 999 1953 1046 Theophanes.
1980 1007 2068 1037 Anno

1173 1048 1299 1093 secundo
1309 1057 1427 1093 imperii
1438 1049 1630 1091 Constantini
1642 1051 1854 1094 Copronymi
1878 1063 2013 1087 mortuus
2024 1051 2065 1094 est

1179 1102 1294 1134 Evilid
1316 1101 1449 1135 Arabum
1470 1102 1616 1142 Princeps
1638 1126 1646 1133 .
1672 1101 1719 1134 sic
1734 1098 1914 1144 sandffmae
1937 1101 2068 1143 Ecclefia

1180 1150 1361 1185 Antiochena
1367 1159 1426 1194 per
1446 1162 1541 1184 annos
1553 1151 1761 1195 quadraginta
1773 1153 1906 1186 viduata
1918 1163 2045 1186 manens
2055 1173 2070 1192 ,

1177 1200 1404 1244 prohibentibus
1422 1201 1571 1235 arabibus
1583 1200 1797 1246 patriarcham
1802 1202 1874 1244 fieri
1897 1208 1932 1235 in
1941 1203 2067 1242 eadem,

1179 1250 1292 1285 babens
1322 1252 1483 1295 quemdam
1503 1253 1732 1292 amantiffimum
1756 1251 1934 1287 monachum
1943 1254 2070 1292 Syrum,

1180 1308 1296 1335 nomine
1321 1302 1526 1345 Stephanum,
1550 1301 1688 1347 agrestem
1709 1303 1853 1345 quidem,
1876 1300 1937 1346 sed
1957 1304 2072 1348 religio-

1174 1350 1244 1394 sum
1260 1377 1272 1392 ,
1299 1351 1499 1396 Episcopum
1519 1352 1646 1395 accepit
1659 1376 1666 1384 .
1685 1351 1789 1396 Jubet
1809 1363 1909 1386 novus
1924 1354 2071 1393 Princeps

1179 1405 1213 1431 in
1223 1405 1342 1433 oriente
1356 1401 1457 1442 pefitis
1469 1399 1650 1439 christianis
1662 1423 1674 1439 ‚
1693 1399 1726 1441 fi
1731 1401 1845 1434 vellent
1862 1400 1919 1442 fibi
1927 1404 2070 1442 permitti

1181 1448 1393 1482 Patriarcbam
1415 1447 1522 1482 habere
1548 1472 1561 1489 ‚
1587 1447 1683 1491 ipsum
1703 1451 1843 1494 eligerent
1866 1449 2064 1492 Stephanum.

1181 1499 1247 1542 Qui
1268 1499 1425 1532 Divinitus
1447 1498 1560 1541 idfieri
1580 1498 1766 1533 arbitrantes
1778 1524 1790 1541 ‚
1815 1498 1989 1540 consecrant
2006 1511 2073 1535 eum

1179 1547 1291 1591 insede
1304 1548 1476 1591 Theopoleos
1486 1572 1495 1582 .
1520 1551 1574 1581 Ex
1587 1559 1659 1583 tunc
1670 1548 1761 1591 usque
1772 1560 1848 1584 nunc
1857 1549 2000 1592 discurrit
2009 1548 2073 1591 fine

1174 1597 1371 1639 prohibitione
1377 1599 1445 1641 fieri
1454 1596 1639 1640 hujusmodi.
1665 1597 1833 1642 Stephano
1847 1601 1938 1633 enim
1953 1601 2075 1633 succes-

1180 1648 1218 1682 sit
1236 1647 1440 1682 Theodorus
1463 1671 1475 1689 ,
1501 1646 1689 1683 Theodoro
1710 1650 1848 1692 praesens
1874 1649 2073 1684 Theodore-

233 1713 314 1737 men
335 1702 421 1736 istud
442 1703 711 1744 praevaricationis
733 1727 743 1742 ,
771 1702 943 1741 haereseos,
971 1699 1119 1735 schisma·
1165 1689 1250 1731 'ms-
1276 1696 1500 1733 Theodorum
1521 1695 1821 1733 &Theodoretum
1835 1722 1846 1738 ,
1875 1710 1959 1742 quos
1987 1698 2074 1732 Pho—

234 1753 298 1793 tis,
326 1751 477 1785 adversus
487 1751 675 1785 Romanam
687 1752 863 1787 Ecclesiam
886 1751 1118 1795 perduellionis
1164 1750 1244 1795 ttius
1257 1748 1293 1781 in
1303 1747 1388 1782 libro
1401 1748 1443 1781 de
1456 1747 1598 1790 Synodis
1610 1772 1621 1788 ,
1646 1746 1747 1781 Nilus
1775 1746 1988 1782 Rhodiorum
2001 1748 2072 1782 Me-

233 1798 348 1836 denuo
359 1800 493 1835 damnat
506 1825 514 1832 .
541 1800 586 1834 Et
607 1801 708 1835 edicit
728 1804 857 1839 causam
873 1827 879 1835 .
907 1804 992 1844 ,Quia
1007 1800 1119 1842 fiCon-
1163 1797 1168 1867 1
1183 1797 1339 1839 tropolita
1351 1821 1362 1837 ‚
1388 1808 1426 1831 ac
1437 1795 1543 1830 Graeci
1554 1796 1665 1840 paffim
1679 1796 1889 1842 distinguunt
1902 1822 1913 1838 ‚
1941 1799 1984 1834 D.
1997 1800 2075 1833 Cat-

227 1851 509 1893 stantinopolttanus
532 1850 702 1893 Episcopus
725 1851 906 1895 universali]
931 1851 968 1890 esl
992 1874 1002 1890 ‚
1028 1856 1118 1883 etiam

233 1899 371 1942 Ecclesiae
383 1899 483 1941 nostrae
496 1898 581 1943 fidis
609 1903 777 1934 Primatum
801 1901 907 1935 babere
923 1899 1117 1944 dignoscitur,

234 1952 317 1995 quod
322 1952 478 1986 ridiculum
490 1950 626 1984 omnibus
636 1951 777 1993 fidelibus
790 1951 972 1992 Christianis
985 1959 1117 1992 apparet.

233 2002 372 2048 Qnto
402 2000 546 2043 denique
565 2024 578 2040 ,
605 2001 647 2034 ab
673 2001 829 2047 Augusto
847 2025 858 2041 ‚
892 2001 961 2044 ejus
993 2009 1118 2040 matre,

234 2047 422 2084 Patriatcha
433 2073 444 2089 ,
470 2050 505 2083 ὅ(
517 2050 611 2083 omni
622 2051 733 2084 senatu
745 2052 850 2085 voluit
861 2050 1021 2085 Pontifex
1046 2062 1120 2093 prae-

234 2099 315 2134 stari
334 2098 503 2144 corporale
526 2098 742 2141 juramentum
758 2124 769 2141 ,
795 2103 880 2144 ,Quia
900 2111 957 2133 non
977 2099 1015 2137 est
1036 2101 1122 2141 apud

235 2160 294 2184 vos
301 2155 405 2192 partis
422 2149 577 2191 cuiuslibet
579 2149 678 2191 favor
702 2158 756 2186 aut
767 2149 891 2192 defenfi’o
902 2174 912 2190 ,
934 2147 994 2192 sed
1000 2151 1120 2192 aquali-

236 2207 335 2233 tatem
349 2199 478 2244 utrisque
483 2199 628 2241 partibus
640 2206 672 2233 in
682 2202 790 2239 synodo
798 2198 1017 2244 conservabitis
1026 2211 1042 2241 ;
1056 2201 1120 2233 nul-

230 2250 357 2284 latenus
372 2250 556 2290 neceffitatem
569 2249 719 2291 facientes
746 2257 779 2283 in
798 2261 973 2294 quocumque
992 2253 1119 2293 capitulo

234 2305 281 2334 eis
293 2324 306 2340 ‚
330 2306 384 2342 qui
403 2300 518 2333 anobis
540 2301 729 2343 diriguntur,
751 2298 809 2344 sed
827 2307 906 2334 omni
926 2300 1033 2337 bonore
1053 2313 1118 2337 cum

231 2349 434 2392 munificentia
454 2357 628 2391 competenti
649 2353 683 2386 (νγ
691 2349 869 2394 susceptione
879 2352 983 2398 dignos
996 2350 1117 2386 babebi-

230 2404 296 2433 tis.
324 2403 370 2434 Et
374 2398 404 2441 fi
407 2401 527 2442 quidem
538 2400 645 2442 ubique
667 2407 878 2442 convenerint,
904 2404 966 2436 ecce*
975 2402 1046 2436 bene
1059 2414 1073 2443 ;
1091 2402 1123 2445 fi

233 2458 336 2482 autem
347 2451 466 2483 minimo*
482 2457 672 2484 convenerint
685 2476 696 2492 ,
721 2453 827 2485 iterum
836 2463 901 2486 cum
923 2457 1002 2486 omni
1011 2452 1116 2486 buma-

234 2504 332 2531 nitate
341 2509 387 2532 eos
397 2501 442 2532 ad
460 2511 511 2533 nos
531 2501 657 2543 dirigere
671 2499 839 2546 satagetis.
867 2502 935 2537 Eos
951 2500 1116 2537 metuebat

234 2546 396 2582 Pontifex
418 2549 460 2582 ab
481 2550 694 2585 lconoelastis
718 2576 729 2592 ‚
755 2552 1023 2587 sanstiffimorum
1042 2553 1116 2596 Epi-

233 2598 408 2641 scoporum
430 2599 464 2633 ὅτ,
484 2599 724 2634 monachorum
734 2602 923 2646 finguinem
942 2604 1116 2646 profunde-

232 2659 269 2682 re
282 2648 446 2683 consuetis
466 2649 502 2684 &
511 2649 658 2695 profeffis
671 2674 683 2693 ‚
708 2649 925 2698 deportandos
946 2664 1002 2688 aut
1018 2653 1114 2688 truci-

227 2697 361 2734 dandos
373 2724 382 2734 .

284 2749 397 2783 Etiam
408 2748 596 2786 Politianus
610 2750 852 2788 Alexandrinus
862 2752 1035 2789 Thomam
1045 2766 1114 2789 mo-

234 2797 377 2833 nachum
387 2824 398 2840 ,
427 2799 585 2846 AEgyptii
596 2802 636 2837 ad
649 2804 801 2838 Sanctum
814 2804 988 2839 Arsenium
1001 2816 1111 2839 mona-

234 2846 324 2881 sterii
343 2847 570 2893 Presbyterum
589 2865 626 2886 ac
641 2853 827 2893 Abbatem,
853 2856 1010 2899 suumque
1032 2855 1111 2898 Syn·

232 2897 358 2931 cellum
373 2922 384 2938 ,
409 2910 506 2942 quem
527 2902 562 2936 in
581 2903 800 2938 Ecclesiastica
822 2903 956 2939 historia
977 2905 1112 2939 Anasta-

235 2947 299 2982 fius
322 2946 590 2985 Bibliothecarius
611 2953 656 2986 ait
669 2954 764 2988 fuisse
790 2955 895 2988 virum
915 2955 1111 2995 zelatorem,

234 2996 507 3041 religiosissimum
520 3024 532 3040 ,
556 3012 593 3035 ac
604 3001 711 3044 postea
733 3005 851 3037 fastum
863 3003 1110 3048 Archi-Episco-

234 3057 316 3092 pum
340 3043 665 3084 Thessalonicensem
691 3065 706 3094 ;
731 3053 966 3089 Theodoretus
994 3055 1111 3089 Antio-

1180 1843 1300 1879 dinalis
1312 1846 1417 1880 Caesar
1437 1847 1598 1881 Baronius
1622 1847 1787 1890 perperim
1812 1849 1847 1882 in
1871 1859 1976 1883 unum
1998 1860 2076 1883 con·

1182 1895 1290 1930 fundit
1301 1921 1308 1929 .
1336 1896 1445 1930 Etiam
1456 1896 1638 1941 Abugiasar
1649 1898 1769 1932 Haron
1784 1899 1936 1942 Rasydus
1948 1924 1959 1940 ,
1984 1899 2075 1934 Sara-

1182 1957 1338 1981 cenorum
1349 1946 1385 1978 in
1398 1945 1555 1989 AEgypto
1572 1947 1729 1990 Princeps
1746 1972 1757 1986 ,
1769 1947 1967 1983 orthodoxis
1979 1949 2074 1983 Chri-

1182 1995 1291 2031 stianis
1301 1994 1432 2030 volebat
1444 2007 1542 2039 quam
1553 1995 1678 2039 optime
1691 2022 1698 2029 .
1725 1997 1827 2043 Qod
1840 1999 1931 2032 enim
1943 2010 2011 2033 non
2027 2001 2071 2034 ita

1182 2045 1308 2093 pridem
1320 2045 1392 2089 post
1409 2043 1600 2083 Patriarchae
1612 2046 1842 2082 Alexandrino
1853 2072 1863 2087 ‚
1891 2048 1948 2092 qui
1961 2049 2073 2093 AEgy-

1183 2095 1296 2143 ptiacis
1310 2096 1562 2132 medicamentis
1573 2108 1683 2132 caram
1706 2097 1754 2131 illi
1767 2099 1909 2140 puellam
1922 2100 1940 2132 a
1953 2098 2071 2134 morbo

1184 2150 1310 2185 sanarat
1334 2173 1346 2192 ‚
1370 2148 1612 2194 gratificaturus
1627 2173 1637 2190 ‚
1663 2150 1794 2183 cunctas
1819 2148 1968 2183 Basilicas
1979 2149 2072 2192 Jaco-

1181 2198 1424 2243 bitis'eripuerit
1445 2223 1456 2240 ‚
1480 2200 1515 2234 δε
1530 2197 1626 2234 nobis
1638 2197 1728 2234 reddi
1747 2199 1908 2235 mandarit
1921 2224 1932 2240 ,
1958 2199 2068 2236 scribit
2090 2221 2186 2251 [ὡς.
2197 2225 2225 2250 6,

1181 2251 1215 2285 in
1227 2247 1362 2285 historia
1373 2250 1562 2285 Saracenica
1575 2249 1740 2295 Georgius
1754 2251 1945 2285 Elmacinus
1958 2276 1964 2282 .
1985 2251 2070 2286 Lau-

1181 2300 1249 2335 dati
1264 2298 1457 2335 patriarcha:
1468 2300 1553 2335 hanc
1563 2301 1713 2345 gentium
1733 2302 1862 2335 suarum
1884 2311 1996 2344 pacem
2008 2313 2068 2346 pro

1180 2351 1319 2387 Ecclesia
1333 2350 1700 2394 Constantinopolitana
1714 2352 1859 2394 periculo
1870 2352 2046 2394 exposuere
2057 2377 2068 2385 .

1226 2399 1375 2437 Laudare
1390 2412 1494 2446 cogor
1540 2402 1574 2435 ἀ
1597 2401 1682 2436 duos
1708 2401 1855 2437 Ecclesiae
1876 2401 2068 2438 Constanti-

1178 2451 1379 2496 nopolitanae
1399 2450 1550 2486 Clericos
1574 2476 1585 2492 ‚
1611 2452 1720 2486 Sansti
1741 2450 1891 2487 Tharasii
1917 2453 2063 2497 Legatos

1177 2502 1219 2537 ad
1227 2501 1357 2538 eosdem
1367 2498 1569 2536 Patriarchas
1580 2527 1587 2534 .
1615 2501 1797 2549 Qomodd
1822 2503 1985 2547 incogniti
2008 2514 2066 2546 pet

1177 2564 1315 2588 omnem
1329 2552 1521 2597 AEgyptum
1532 2552 1566 2586 &
1579 2552 1751 2587 Orientem
1764 2552 1823 2587 sub
1835 2551 1958 2587 affiduo
1969 2552 2062 2586 mille

1177 2603 1335 2638 mortium
1345 2603 1363 2636 a
1374 2602 1538 2637 Saracenis
1551 2603 1695 2645 periculo
1705 2602 1913 2638 discurrerint
1924 2627 1936 2644 ‚
1962 2615 2064 2647 quan-

1177 2653 1214 2688 to
1230 2654 1265 2687 in
1287 2653 1398 2687 Deum
1418 2652 1531 2696 &ejus
1542 2652 1780 2698 Evangelicum
1803 2654 1928 2698 dogma
1949 2652 2063 2695 spiritu

1176 2702 1376 2738 patriarchas
1392 2703 1433 2737 ad
1448 2702 1534 2737 hanc
1545 2703 1841 2747 periculosislimam
1855 2701 2061 2747 legationem

1176 2753 1369 2787 induxerint
1389 2776 1401 2793 ‚
1426 2751 1562 2788 laudate
1583 2753 1774 2789 eorumdem
1797 2751 2061 2787 patriarcharum

1176 2803 1288 2838 litterae
1308 2813 1482 2846 exponunt
1496 2829 1504 2836 .
1534 2804 1659 2838 Eorum
1682 2805 1872 2848 ignoramus
1898 2801 2053 2837 nomina:

1156 2844 1160 2887 l
1175 2854 1278 2888 Haud
1292 2853 1392 2888 dubie
1416 2855 1491 2888 sunt
1505 2855 1620 2897 scripta
1632 2854 1666 2886 in
1681 2853 1789 2888 coelis.
1814 2852 1962 2895 Ipsorum
1972 2861 2059 2887 unus

1175 2903 1302 2938 videtur
1314 2903 1408 2938 fuisse
1428 2903 1500 2939 Leo
1515 2904 1665 2937 Ecclefiae
1678 2901 2059 2945 Constantinopolitanae

1156 2978 1159 2987 ,
1174 2954 1294 2988 Lector
1313 2978 1325 2994 ‚
1349 2952 1462 2988 dicens
1487 2954 1528 2988 ad
1552 2952 1702 2995 quintam
1726 2950 1905 2987 Actionem
1929 2949 2059 2996 Synodi

1156 2993 1160 3019 ¹
1178 3005 1357 3047 praesentis:
1384 3006 1449 3047 Ego
1458 3005 1599 3046 indignus
1605 3001 1716 3045 servus
1727 3001 1820 3043 vester
1831 3026 1841 3042 ‚
1865 3004 1930 3037 cum
1941 3001 2057 3047 defien·

1178 3054 1276 3095 diffiem
1288 3055 1333 3086 ad
1343 3056 1452 3091 syriam
1469 3065 1534 3086 cum
1548 3056 1648 3095 Regiis
1662 3050 1878 3095 apocrisariis,
1897 3053 1950 3094 fui
1962 3050 2058 3095 Edefi

233 3095 360 3131 chenus
396 3096 431 3130 &
458 3097 547 3132 Elias
574 3096 758 3136 Patriarcha
782 3103 1111 3148 Hierosolymitanus
1156 3132 1159 3136 .
1172 3103 1243 3147 sae,
1268 3101 1425 3145 &sacram
1447 3105 1550 3136 &non
1561 3102 1767 3143 munufac‘lam
1788 3108 1900 3137 iconam
1911 3101 2058 3144 vidicifi-

234 3145 399 3191 Legatum
416 3148 559 3182 acsuum
582 3147 752 3184 vicarium
773 3154 927 3188 miserunt
950 3155 1110 3198 Joannem
1173 3153 1288 3187 delibus
1299 3152 1437 3185 honorari
1444 3157 1560 3195 pariter
1583 3153 1763 3186 &adoram
1789 3153 1863 3188 Nec
1884 3153 1950 3187 fine
1960 3153 2055 3187 causa

233 3194 435 3240 monachum
458 3221 470 3237 ‚
496 3196 619 3232 laudati
651 3198 859 3238 Theodoreti
882 3203 1111 3246 Presbyterum
1177 3203 1342 3238 subierunt
1353 3212 1519 3236 tantorum
1540 3202 1758 3245 periculorum
1779 3202 1923 3238 labores:
1952 3201 2055 3237 Perti-

233 3256 274 3281 ιε
285 3246 474 3289 syncellum
487 3271 499 3287 ,
524 3259 622 3290 quem
632 3248 858 3294 Theophanes
870 3253 963 3288 fuisse
973 3253 1055 3287 dicit
1068 3255 1111 3287 vi·

232 3306 306 3330 tum
319 3308 476 3341 magnum
487 3321 498 3336 ,
523 3298 686 3332 famosum
698 3322 710 3339 ,
736 3299 836 3335 verbo
849 3301 882 3334 δε
892 3313 988 3344 opere
1000 3314 1109 3345 poten·

236 3392 354 3442 Legati
371 3420 382 3436 ‚
408 3396 443 3430 in
462 3398 652 3432 eorumdem
677 3398 936 3438 patriarcharum
956 3400 998 3438 ad
1021 3413 1112 3439 eum·

291 3469 302 3474 -<
333 3445 441 3489 Christ.
459 3450 541 3492 Lupi
550 3453 637 3493 oper.
650 3451 729 3485 Tom-
741 3452 798 3485 ΠΙ.

234 3353 320 3379 tem.
348 3346 454 3381 SanCti
475 3346 623 3381 Tharasii
644 3349 686 3382 ad
712 3349 816 3384 didios
834 3359 898 3385 tres
914 3349 1134 3538 patriarchas⁸

1174 3252 1346 3287 naciffimis
1368 3251 1578 3286 iconoclastis
1603 3264 1770 3296 opponere
1791 3253 1966 3289 voluerunt
1987 3253 2055 3296 ple·

1176 3303 1335 3337 nissimarn
1346 3302 1518 3344 Synodum
1530 3326 1542 3342 ,
1567 3301 1707 3345 ideoque
1718 3303 1822 3337 adesse
1830 3313 1947 3339 omnes
1961 3301 2054 3344 quin·

1177 3364 1239 3396 que
1263 3350 1489 3386 patriarchas.
1518 3352 1562 3386 Et
1583 3353 1717 3394 quidem
1741 3353 1865 3388 laudati
1893 3347 2051 3386 monachi

1173 3403 1315 3447 Joannes
1334 3400 1531 3438 &Thomas
1543 3402 1745 3439 subscribunt
1756 3402 1894 3447 synodo
1914 3400 1949 3432 in
1964 3396 2052 3435 hanc

1499 3452 1533 3485 G
1557 3462 1581 3497 g
1629 3464 1652 3490 2
1849 3450 2001 3485 formam:
