2340 3762
403 171 496 219 302
638 165 719 213 CA
734 152 851 210 Nox<
866 170 928 209 ες
956 160 1195 208 Simonr
1216 153 1331 206 02:⁸1
1344 168 1452 203 ‘Avs
1470 160 1846 215 feunanum,

319 246 498 291 sententiam
509 242 650 292 visita&
676 241 709 284 isc
721 249 943 289 Lemincum,
971 246 1102 286 ‚Quando
1114 254 1213 287 cano-q
1255 246 1363 281 clefias
1374 244 1420 280 est
1432 247 1520 280 vario
1535 246 1675 284 Canon:
1693 250 1875 289 sancium.-
1896 255 1940 292 Et
1952 256 2042 293 hasce
2052 259 2133 296 rMeav

322 303 385 333 mco
390 301 460 340 jure
475 311 481 330 ;
508 299 655 348 Quiam
677 301 763 333 enim
777 308 849 331 toto
871 294 950 327 anni
962 303 1107 337 tempore
1127 293 1208 329 curs
1255 295 1483 340 tropolitarum
1494 297 1685 333 artificiosas
1693 300 1906 343 praedationes
1928 309 2060 347 prasens
2070 296 2130 344 Q.

320 346 432 383 ‘rebant
453 361 505 393 pe,-
526 347 595 385 suas
614 346 752 382 Pau-04⁵1&
766 357 809 384 s,
834 345 868 377 δε
882 343 968 386 quasi
992 345 1133 380 vultures
1153 357 1196 380 ex
1257 357 1324 380 non
1337 371 1350 388 ,
1374 345 1461 382 bona
1474 346 1692 384 Ecclefiastica
1714 350 1776 384 effe
1786 362 1962 397 pauperum
1977 359 2127 398 patrimo.

320 399 430 442 rapina
443 396 593 434 xiivebant
605 422 614 436 ‚
640 397 781 436 ideoque
805 393 846 427 ad
859 395 960 428 unicae
972 395 1005 427 in
1023 405 1112 429 anno
1126 396 1196 430 visi·
1257 397 1310 431 nia
1321 396 1430 442 denuo
1440 397 1630 442 inculcans,
1656 399 1825 444 proscribit
1834 399 1871 437 ac
1882 402 2017 441 damnat
2033 431 2042 439 .
2116 396 2129 413 '⁴

318 449 457 494 tationis
467 449 648 485 moderatas
658 444 819 488 impensas
827 445 968 490 obligari
980 444 1123 489 subditas
1136 446 1196 489 Ec-.

696 719 773 807 C
830 723 917 809 A
974 725 1072 811 N
1129 725 1217 811 O
1275 724 1374 813 N
1523 726 1608 812 X
1663 726 1762 813 X.

178 834 209 859 e
328 858 331 864 ¹
671 838 678 847 ,

423 939 464 989 Τ
514 939 597 990 hoc
643 940 785 990 saneta
819 957 934 992 nunc
970 940 1167 1011 Synodus
1202 939 1360 988 didicit
1391 944 1408 1001 ζ
1464 942 1584 1009 quod
1630 944 1677 991 in
1726 943 1984 1011 quibusdam
2030 947 2139 996 locis

308 1037 311 1043 =-
366 1049 370 1053 .
456 1011 636 1078 quidam
653 1033 655 1035 ·
671 1014 846 1079 propria
881 1013 941 1063 usi
976 1013 1228 1060 aufflcoritate
1254 1047 1267 1071 ,
1302 1026 1354 1059 ac
1388 1010 1474 1060 fine
1509 1014 1738 1062 voluntate
1772 1015 1945 1065 illorum
1977 1052 1991 1078 ‚
2040 1019 2140 1084 qui·-

363 1079 392 1082 ”
455 1081 534 1130 bus
569 1080 810 1149 hujusmodi
846 1081 1142 1147 dispositiones
1177 1078 1407 1129 commiffae
1440 1079 1536 1129 sunt
1571 1118 1584 1142 ‚
1632 1080 1830 1131 audacter
1864 1088 1908 1133 &
1942 1087 2140 1151 tyranni-

312 1150 367 1201 ce
403 1152 570 1218 pellunt
603 1168 680 1198 eos
714 1185 728 1209 ,
775 1152 854 1215 qui
890 1167 968 1217 per
1013 1150 1329 1219 emphyteusim
1377 1153 1652 1219 perceperint
1688 1151 1859 1219 aliquid
1892 1172 1946 1204 ex
1982 1155 2036 1203 iis
2072 1155 2139 1203 lo-

312 1222 378 1269 cis
414 1256 427 1278 ,
480 1237 575 1285 quae
627 1217 898 1286 possederunt
933 1257 946 1281 ‚
995 1222 1216 1272 occafione
1263 1220 1383 1290 quafi
1429 1237 1564 1290 ruptae
1609 1220 1711 1271 fidei
1759 1225 1876 1272 circa
1923 1223 2139 1292 penfionis

311 1292 487 1359 pastum
519 1324 531 1335 .
585 1292 695 1338 Non
730 1306 875 1339 autem
910 1291 1014 1341 licet
1049 1290 1314 1342 omnimodis
1365 1292 1447 1340 hoc
1483 1291 1574 1341 fieri
1608 1327 1622 1354 ‚
1669 1291 1748 1341 nifi
1795 1293 1914 1360 prius
1949 1296 2140 1363 accipiat

309 1358 671 1426 protestationem
721 1377 799 1426 per
846 1360 1057 1427 quosdam
1094 1363 1275 1412 idoneos
1322 1365 1366 1412 &
1399 1360 1546 1412 fideles
1580 1362 1780 1412 homines
1815 1365 1853 1412 is
1885 1400 1898 1425 ,
1935 1366 2014 1432 qui
2049 1380 2139 1413 em-

310 1428 563 1498 phyteusim
599 1432 818 1479 contraxit
854 1450 866 1479 ε
921 1432 1062 1499 (ζῳά-
1089 1434 1169 1480 nifi
1202 1431 1368 1480 dederit
1403 1431 1536 1498 usque
1569 1431 1627 1480 ad
1661 1447 1748 1481 tres
1783 1450 1919 1483 annos
1954 1433 2140 1482 destina-

307 1513 412 1549 tum
459 1497 672 1548 tributum
720 1496 867 1549 census
902 1537 915 1560 ,
963 1503 1231 1570 propellatur
1280 1499 1306 1551 ὲ
1343 1500 1451 1551 locis
1498 1501 1526 1552 ὲ
1572 1499 1613 1550 se
1648 1500 1840 1551 detentis
1875 1539 1888 1551 .
1945 1508 2139 1571 Oportet

311 1569 432 1614 enim
468 1567 565 1632 post
599 1570 732 1614 trium
769 1585 979 1616 annorum
1028 1571 1176 1620 census
1223 1574 1510 1620 retentionem
1539 1570 1764 1620 'accedere
1790 1570 1856 1643 'ad
1891 1572 2140 1639 praepofitos

310 1634 434 1684 urbis
469 1672 482 1698 2
519 1635 590 1684 vel
626 1637 813 1698 regionis
848 1636 965 1686 illius
999 1674 1014 1698 ,
1050 1644 1094 1689 &
1129 1656 1305 1702 arguere
1340 1641 1386 1686 in
1421 1637 1647 1708 conspe&u
1682 1656 1832 1689 eorum
1867 1656 1966 1689 eum
2001 1674 2015 1701 ,
2059 1643 2143 1708 qui

309 1704 636 1771 emphyteosim
670 1704 922 1757 consecutus
958 1708 1019 1758 est
1053 1746 1066 1770 ,
1119 1714 1162 1759 &
1196 1709 1397 1760 exhibere
1431 1723 1735 1776 contemptum
1767 1714 1859 1776 ejus
1892 1745 1906 1769 ‚
1955 1712 1999 1759 δι
2033 1723 2140 1760 tunc

310 1773 529 1824 sententia
565 1778 607 1822 &
642 1774 810 1841 judicio
843 1776 1141 1842 praedictorum
1177 1781 1360 1846 recipiat
1397 1779 1586 1828 Ecclefia
1628 1780 1805 1849 propria
1851 1781 1897 1826 in
1931 1776 2145 1848 poffeffioe

313 1861 418 1896 nem
448 1879 461 1892 .
515 1841 598 1895 Sed
634 1861 910 1912 nequaquam
961 1847 1188 1916 quisquam
1226 1847 1342 1915 apud
1377 1845 1418 1897 se
1450 1884 1464 1909 ,
1511 1850 1582 1900 vel
1618 1867 1694 1917 per
1729 1847 1770 1903 se
1807 1848 1941 1899 faciat
1987 1847 2141 1916 praedi-'-

314 1919 481 1964 storum
517 1913 786 1964 oblationem
823 1915 1019 1964 locorum
1054 1939 1068 1977 3
1106 1917 1386 1987 suspectivum
1422 1921 1588 1986 quippe
1623 1920 1711 1967 tale
1744 1955 1757 1980 ‚
1805 1920 1914 1983 quin
1947 1921 1992 1967 δε
2028 1919 2140 1968 mul·
2188 1964 2210 1979 .-

309 1988 354 2033 .ti
390 1985 527 2052 turpis
561 1983 669 2031 lucri
703 1988 748 2032 δε
781 1986 975 2034 avaritiae
1009 1987 1199 2038 confistit
1233 1987 1442 2037 indicium
1475 2025 1489 2037 .
1536 1990 1580 2037 Si
1626 1990 1726 2055 quis
1760 1986 1868 2050 ergo
1902 1985 2139 2055 Episcopus

313 2069 393 2103 aut
429 2054 717 2121 Metropolita
751 2069 903 2121 praeter
938 2055 1051 2106 hanc
1085 2056 1382 2108 definitionem
1418 2059 1604 2105 nostram
1640 2056 1862 2105 abstulerit
1905 2057 2142 2122 aliquem..

315 2125 464 2172 locum
502 2122 529 2172 >a
564 2141 789 2190 quoquam
827 2161 840 2185 ‚
886 2141 1044 2193 putans
1077 2127 1200 2196 quod
1236 2127 1470 2176 Ecclesiam
1515 2127 1737 2194 propriam
1771 2122 1979 2174 defendat
2011 2162 2025 2186 ,
2055 2124 2141 2175 -se-

316 2193 562 2260 questretur
608 2191 634 2244 ὲ
682 2196 860 2262 proprio
907 2200 1158 2249 Patriarcha
1203 2216 1278 2266 per
1324 2195 1506 2264 aliquod
1554 2211 1727 2264 tempus
1773 2231 1788 2256 ‚
1834 2192 1942 2244 dans
1996 2195 2142 2264 primo

315 2261 445 2329 quod
480 2282 554 2331 per
592 2263 853 2330 potestatem
889 2264 1004 2315 suam
1040 2269 1214 2318 abstulit
1250 2268 1321 2318 vel
1358 2265 1570 2333 subripuit
1615 2302 1628 2314 .
1678 2267 1721 2314 Si
1749 2264 1862 2316 vero
1896 2268 2142 2316 contentio-

314 2332 388 2384 :sus
424 2337 523 2401 quis
557 2333 794 2401 perstiterit
830 2353 918 2384 non
953 2337 1162 2389 obediens
1198 2340 1266 2388 his
1290 2375 1304 2399 ,
1339 2355 1436 2407 quae
1471 2335 1618 2388 sandtae
1653 2353 1706 2388 ac
1741 2333 1967 2386 universali
2002 2340 2142 2404 Syno-

317 2402 383 2452 do
417 2403 510 2458 visa
546 2403 642 2454 sunt
676 2441 689 2465 ,
724 2403 965 2475 deponatur
1000 2409 1294 2461 omnimodis.

513 2580 540 2624 S
574 2595 602 2627 C
638 2594 668 2621 H
704 2594 735 2624 Ο
770 2595 793 2625 L
829 2597 847 2627 Ι
880 2597 913 2628 0
949 2599 981 2631 η
1264 2580 1341 2616 dam
1363 2579 1451 2615 bona
1476 2577 1566 2614 laicis
1588 2577 1800 2619 infeudante,
1826 2575 1935 2613 laudat
1959 2574 2143 2612 chronicon

608 2658 618 2662 -
950 2619 963 2629 *
1005 2618 1019 2630 ⁰
1267 2630 1452 2665 monasterii
1473 2628 1750 2664 Laurishamenfis
1767 2640 1775 2659 :
1803 2629 1929 2662 Arcuato
1953 2628 2069 2673 valum
2091 2632 2144 2668 op-
2156 2642 2191 2672 C,
2205 2652 2250 2678 40·

1095 2692 1101 2697 ‘
1261 2689 1375 2723 ponens
1407 2680 1566 2722 periculum
1572 2680 1699 2722 periculo
1708 2678 1816 2719 leniit,
1841 2677 1955 2711 duobus
1980 2677 2069 2710 maiis
2093 2686 2141 2709 ur-

443 2726 567 2763 Carolo
580 2726 740 2760 Martello
753 2751 764 2767 ‚
789 2726 904 2764 Leone
916 2731 1023 2766 Isauro
1036 2755 1046 2771 ‚
1072 2731 1106 2765 &
1117 2731 1208 2767 Con·
1262 2731 1402 2775 gentibus
1413 2755 1423 2771 ‚
1451 2741 1572 2773 quorum
1589 2730 1715 2763 alterum
1731 2726 1791 2769 fine
1804 2729 1897 2762 altero
1916 2727 2057 2760 declinari
2082 2735 2141 2758 non

454 2777 598 2813 stantino
611 2775 788 2810 Caballino
799 2777 892 2813 factas
914 2781 1208 2816 Ecclefiasticarum
1264 2788 1401 2822 poterat,
1430 2785 1530 2813 minus
1540 2781 1642 2823 elegit.
1670 2778 1772 2824 Qod
1793 2777 1896 2820 ipsum
1921 2775 2019 2810 tradit
2044 2774 2141 2809 latius

330 2829 560 2874 poffeffionum
571 2826 697 2869 rapinas
718 2826 922 2863 moderatura
949 2842 987 2864 ac
1008 2831 1207 2874 pedetentim
1266 2829 1419 2871 Synodus
1430 2829 1586 2863 Carifiaca
1596 2829 1631 2861 in
1642 2827 1758 2861 litteris
1779 2826 1819 2859 ad
1836 2824 2041 2859 Ludovicum
2063 2824 2231 2868 Ger-eff.

331 2881 480 2914 sanatura
506 2877 646 2911 Ecclefia
665 2900 677 2916 ,
706 2875 832 2912 easdem
854 2881 1061 2922 possessiones
1088 2881 1209 2922 iniquis
1266 2880 1381 2912 maniae
1392 2879 1536 2923 Regem.
1565 2876 1613 2911 At
1630 2874 1709 2910 vero
1719 2875 1852 2920 quidam
1874 2873 2049 2909 incondito
2068 2873 2141 2910 zelo

333 2928 556 2964 detentoribus
583 2925 673 2961 laicis
697 2926 738 2960 ad
765 2935 892 2972 tempus
927 2930 961 2964 in
990 2929 1180 2964 beneficium
1200 2955 1211 2971 ‚
1267 2928 1420 2972 Episcopi
1445 2928 1548 2963 dictos
1570 2927 1671 2961 laicos
1696 2926 1878 2960 detentores
1902 2924 2015 2969 quavis
2039 2924 2144 2960 etiam

341 2977 592 3024 Emphyteufim
605 3001 615 3017 ‚
640 2986 698 3011 aut
719 2977 902 3013 precariam
912 2980 969 3014 sub
989 2991 1101 3014 annuo
1120 2990 1212 3015 certae
1268 2987 1377 3023 praeter
1395 2977 1535 3023 legesob
1545 2978 1604 3022 piae
1615 2977 1716 3012 causae
1726 2975 1868 3010 favorem
1879 2976 1931 3010 via
1941 2976 2051 3010 conati
2065 2975 2140 3015 sunt

337 3027 610 3073 penfionisbnere
622 3027 761 3070 permisit
774 3052 786 3068 ,
811 3029 917 3064 secuta
929 3030 1074 3074 regulam
1085 3053 1096 3069 ‚
1113 3042 1211 3074 quam
1268 3026 1460 3069 extruderes,
1486 3029 1626 3070 istosque
1637 3025 1869 3070 dispensatorio
1880 3025 2036 3072 gravioris
2059 3021 2139 3060 mali

339 3078 375 3113 in
400 3079 548 3116 Henrico
575 3076 816 3121 synsheimenfi
831 3105 842 3122 ‚
867 3079 925 3116 suo
952 3080 1103 3122 Abbate,
1131 3092 1212 3126 quae-
1269 3088 1360 3114 metu
1371 3078 1549 3123 compescit
1559 3078 1690 3122 praesens
1706 3076 1846 3113 Canon.

858 3228 1629 3337 fflwsswlssfflfflssz

858 3326 1631 3425 uuueueunne

1926 3476 2096 3515 CANON
