2340 3762
74 558 105 589 1³.
130 566 195 595 579.

808 160 1164 211 ‘naenia-rum
1208 176 1274 207 οε
1299 153 1477 208 Fron.
1615 163 1618 166 ’
1899 169 1998 227 ²177

252 250 418 302 finlutamus
430 276 437 284 .
464 256 531 286 Nos
543 251 729 287 venerabiles
741 255 840 285 iconas
846 249 1012 293 salutamus
1024 274 1032 281 .
1061 252 1130 287 His,
1191 248 1251 281 lum
1271 259 1326 282 vos
1339 272 1350 289 ‚
1377 259 1414 282 ne
1433 248 1510 291 quid
1516 242 1735 291 manufaeVum
1757 250 1878 283 adorari
1882 251 1964 293 poffit
1977 271 1987 288 ‚
2012 247 2070 280 ba-

250 311 303 349 qui
322 316 379 338 non
400 302 536 347 salutant
566 301 689 346 sanffas
711 304 745 337 ὁ·
759 299 941 336 venerabiles
964 304 1129 344 imagines,

250 355 430 391 anathema.
907 371 910 374 -

303 406 403 440 Aetio
414 406 499 439 sexta
513 403 592 448 legit
619 402 653 436 &
666 402 814 446 probavit
828 400 1040 435 doetiffimam
1053 409 1129 433 con-

250 454 411 492 venticuli
431 451 655 488 iconoclastici
677 453 926 491 refutationem,
954 447 1128 495 habentem

248 507 340 542 ‘inter
364 514 471 540 caetera
499 528 507 535 .
535 503 662 536 sancias
688 510 831 547 imagines
856 498 1018 540 Christiani
1041 509 1130 542 neque

249 560 333 591 -Deos
347 561 537 589 nominarunt
551 577 561 593 ‚
587 564 675 597 neque
696 562 728 586 ut
741 557 806 586 Diis
830 551 1032 595 deservierunt
1043 575 1054 591 ,
1081 560 1127 583 ne-

252 619 311 650 que
330 606 369 639 ab
391 605 452 637 illis
473 601 644 646 exspeHant
671 609 817 637 Divinum
836 603 986 642 judicium
999 625 1010 641 ,
1036 610 1129 640 neque

248 656 336 701 [pem
345 654 455 699 fhlutis
462 653 528 697 suae
537 658 570 686 in
582 659 625 687 eis
637 656 800 701 aliquando
808 651 974 685 habuerunt
984 676 994 692 ,
1023 649 1079 691 nifi
1086 650 1131 682 ad

250 707 481 740 recordationem
507 705 697 738 &monimen
717 715 768 737 eas
781 701 923 736 babentes
937 725 947 741 ,
975 702 1009 735 &²
1029 710 1128 733 amore

248 763 331 791 circa
342 755 444 789 earum
455 756 638 796 principalia
653 754 818 799 flagrantes
832 767 843 787 :
867 757 935 787 Has
962 752 997 785 <9⁶
1019 751 1125 791 ample·

247 812 289 840 >eii
308 805 380 849 sunt
393 829 404 845 ‚
431 806 465 839 6·
492 804 669 838 honoranter
695 806 917 840 adoraverunt,
943 812 1000 833 non
1025 809 1126 832 tamen

250 858 378 889 Divina·
400 853 449 886 bis
466 851 626 894 servitutis
653 855 808 886 velcultus
832 852 953 893 officium
979 849 1125 891 impende-

251 913 348 943 runt,
368 900 428 945 fi'd
446 912 538 944 neque
563 902 633 933 aliis
650 902 825 943 quibuslibet
851 902 936 934 rebus
949 924 956 931 .
986 899 1028 932 Et
1044 897 1124 931 infla

246 951 492 992 iconoclastas,
517 951 617 985 sacras
627 951 788 996 imagines
800 950 840 984 ad
866 949 953 984 idola
974 947 1124 990 abjicien-

191 1011 199 1021 ‘
246 1012 323 1043 tes,
347 1002 488 1048 graviter
500 1010 594 1035 notat
606 1001 721 1035 eadem
743 1001 916 1039 refutatio,
943 999 977 1032 δε
1003 998 1123 1043 pergit.

66 3315 97 3343 1..
121 3323 146 3346 7.
173 3315 219 3343 In-

68 3352 134 3382 όίἃ.
158 3364 183 3382 2.

68 3391 222 3432 Epist-111.

248 1055 365 1088 Nullus
377 1050 609 1091 Christianorum
619 1050 766 1084 bominum
782 1076 792 1092 ‚
816 1057 866 1094 qui
884 1049 941 1095 sub
952 1051 1019 1082 coelo
1031 1047 1104 1092 sunt
1114 1073 1124 1089 ‚

248 1108 377 1148 imagini
387 1103 494 1135 cultum
500 1100 661 1145 servitutis
673 1101 810 1135 exhibuit
823 1116 834 1135 .·
863 1104 990 1144 Pagana
1000 1098 1037 1139 est
1048 1104 1125 1132 enim

248 1154 307 1194 ista
326 1153 476 1195 fabulatio
498 1175 508 1190 ‚
546 1152 581 1185 (θ’
600 1153 768 1184 daemonum
802 1154 977 1184 adinventio
1000 1174 1011 1190 ‚
1036 1152 1125 1191 atqi'te

248 1212 323 1248 opus
344 1200 466 1236 astionis
485 1200 668 1234 sathanicae.
695 1205 792 1235 Periit
813 1202 863 1234 boc
884 1200 993 1241 Christi
1012 1202 1127 1233 adven·

248 1261 284 1287 tu
294 1278 301 1284 .
326 1254 460 1287 Servitus
475 1262 551 1284 nunc
561 1256 592 1283 in
598 1250 709 1293 spiritu
720 1253 893 1286 &veritate
905 1251 943 1291 est
956 1276 964 1283 .
993 1248 1126 1292 Diversa

249 1313 351 1337 autem
363 1326 374 1343 ‚
399 1314 467 1344 quae
477 1303 537 1334 Deo
547 1300 741 1343 exhibentur,
769 1304 813 1335 ad
834 1306 1002 1334 memoriam
1019 1301 1125 1334 videli-

248 1362 296 1387 cet
308 1354 372 1394 eius
399 1354 433 1386 ό·
443 1351 614 1384 SanHorum
626 1350 713 1392 ipfius
723 1376 734 1392 ,
758 1351 848 1385 habet
859 1349 983 1391 Ecclefia
993 1350 1122 1392 repofita:

248 1405 306 1434 Ex
319 1401 425 1443 quibus
444 1406 535 1433 etiam
554 1404 718 1442 imaginum
738 1400 777 1438 est
790 1400 932 1441 fac‘lura.
960 1400 1124 1442 imagines

247 1451 323 1484 sunt
346 1460 389 1483 ex
414 1449 513 1492 signis
538 1448 625 1488 istis,
651 1448 768 1491 quibus
795 1449 904 1482 Deum
931 1448 966 1481 δε
991 1448 1124 1481 διηᾶος

245 1499 392 1534 Ecclefia
419 1507 608 1536 veneratur,
635 1498 670 1531 ἂῑ
694 1509 763 1542 quae
787 1509 934 1543 congruo
961 1508 997 1532 ut
1011 1498 1123 1542 signa,

245 1560 451 1593 nequaquam
478 1547 545 1592 pari
567 1559 643 1582 cum
678 1548 886 1596 significati8‚
912 1547 1039 1583 honore
1065 1549 1124 1582 im·

246 1601 361 1644 partit.

298 1648 411 1683 Habet
421 1646 552 1682 tandem
567 1648 735 1683 conclusio
756 1649 879 1693 operis.
906 1652 1056 1683 Sentimus
1078 1648 1122 1681 bo·

246 1711 320 1732 num
340 1700 526 1740 &optimum
536 1698 586 1741 effe
598 1723 608 1738 ,
635 1699 846 1733 venerabilium
873 1705 1036 1743 imaginum
1052 1698 1123 1741 posi-

243 1754 352 1782 tionem
372 1754 405 1780 in
433 1747 558 1789 Ecclesia
579 1748 668 1790 fieri,
694 1748 936 1792 &spiritualiter
947 1750 1046 1783 reduci
1066 1757 1123 1792 per

245 1798 304 1832 has
323 1797 367 1830 ad
373 1798 586 1839 principalium
590 1796 710 1840 suorum
722 1805 892 1833 memoriam
903 1824 914 1840 ‚
938 1809 1029 1842 atque
1050 1799 1122 1840 istas

240 1855 367 1893 propter
391 1849 557 1881 eorumdem
580 1847 830 1889 honorificentiam
870 1851 906 1884 &²
924 1848 1063 1893 salutare
1087 1850 1122 1883 o·

243 1898 383 1940 ampletis·
395 1922 405 1938 ‚
431 1909 465 1930 ac
475 1896 604 1930 debitam
615 1900 818 1933 adorationem
834 1901 1024 1942 impendere.
1050 1901 1121 1932 Sive

240 1951 310 1992 ergo
323 1949 409 1981 alicui
414 1947 451 1988 fit
457 1946 666 1990 salutationem
684 1958 807 1992 gratum
821 1961 924 1983 vocare
937 1975 948 1991 ,
967 1948 1031 1990 srve
1051 1951 1121 1982 ado-

243 2005 410 2038 rationem;
437 1996 594 2040 hocipsitm
607 2003 685 2031 enim
694 2009 850 2042 utrumque
860 1999 898 2040 est
916 2013 923 2032 :
952 1998 1024 2040 Nisi
1036 1998 1122 2040 forte

242 2052 312 2090 quis
325 2048 527 2079 adorationem
538 2071 549 2088 ‚
574 2057 640 2088 quae
647 2046 806 2090 secundum
819 2051 943 2081 latriam
953 2048 1120 2089 exhibetur,

241 2098 411 2141 intelligat.
440 2096 506 2128 Alia
532 2102 611 2129 enim
633 2096 671 2136 est
690 2097 772 2137 baec,
798 2106 833 2131 ut
857 2098 1058 2139 multipliciter
1083 2097 1121 2138 est

244 2145 406 2189 ostensum.
433 2150 499 2179 Nec
510 2145 650 2186 instantia
655 2145 815 2189 sathanica
816 2146 856 2189 fit
884 2159 954 2192 erga
974 2149 1120 2181 adoratio—

241 2208 309 2231 nem
318 2207 444 2236 earum,
471 2206 563 2238 neque
574 2195 707 2237 formido
736 2203 847 2240 iniquae
868 2197 1042 2241 suspicionis
1066 2197 1120 2230 ha·

240 2247 313 2280 bens
323 2245 487 2288 occafionem
499 2270 510 2286 ,
534 2245 773 2290 qulafiacceffero
805 2253 964 2292 imaginem
970 2247 1120 2291 salutatu·

240 2309 314 2336 rus,
341 2301 477 2329 invenior
502 2298 626 2329 latrIam
645 2321 655 2336 ,
681 2309 748 2339 quae
773 2302 806 2330 in
826 2296 939 2340 spiritu
965 2298 1004 2338 est
1017 2322 1027 2338 ‚
1052 2297 1119 2332 huic

240 2347 427 2388 impendere.
453 2345 531 2387 Abfit
545 2345 673 2389 suspicio
691 2346 754 2382 haec
769 2371 777 2380 .
806 2350 897 2380 Porro
922 2347 955 2380 bi
967 2372 978 2388 ,
1003 2354 1055 2391 qui
1074 2350 1119 2381 di-

239 2406 309 2429 cunt
319 2396 497 2439 imaginales
507 2395 706 2435 formationes
712 2396 844 2439 sufficere
866 2404 898 2430 in
917 2409 1121 2432 commemora-

239 2452 346 2478 tionem
358 2447 477 2478 tantiam
489 2444 594 2479 babere
605 2470 614 2485 ,
625 2447 659 2479 &
670 2459 728 2480 non
737 2454 827 2481 etiam
842 2450 887 2481 ad
891 2447 1116 2490 fizlutationem,

241 2506 331 2528 unum
352 2501 524 2536 recipientes
547 2520 558 2536 ‚
582 2496 711 2529 alterum
745 2498 935 2540 reprobantes
958 2522 968 2539 ,
989 2508 1045 2540 per
1067 2499 1118 2532 boc

235 2543 433 2586 semipravi,
455 2550 626 2587 partimque
637 2549 791 2580 mendaces
818 2550 851 2582 Θ
869 2556 984 2590 partim
997 2559 1115 2583 veraces

239 2594 475 2633 demonstrantur
489 2619 500 2634 ,
525 2597 603 2628 alias
625 2598 742 2638 quidem
768 2609 843 2630 vera
867 2598 1032 2640 confitentes
1046 2624 1056 2639 ,
1083 2601 1118 2633 (¹³⁸

240 2645 322 2677 alias
334 2646 538 2686 depravantes
550 2670 557 2676 .
585 2648 632 2677 Et
645 2648 660 2678 ὸ
671 2645 917 2689 insenfibilitatem
932 2648 1053 2681 horum.

291 2694 406 2728 Divisa
423 2695 456 2727 in
489 2706 591 2737 partes
609 2694 755 2730 adversas
767 2721 778 2739 ,
808 2698 935 2732 solenni
956 2696 1114 2733 haereseon

239 2754 348 2785 more,
377 2744 439 2777 fuit
450 2744 529 2778 seua
542 2744 818 2782 Iconoclastarnm
831 2773 841 2788 ,
868 2749 920 2782 seu
934 2748 1028 2783 fictis
1039 2749 1116 2783 ima-

236 2794 371 2837 ginibus
396 2794 634 2829 adversantium
659 2818 668 2828 .
705 2797 872 2832 Postrema
898 2797 955 2833 ista
984 2799 1117 2833 laudatae

239 2844 447 2878 refutationis
472 2844 566 2878 verba
579 2846 742 2888 impetunt
753 2847 894 2882 mediam
922 2861 960 2883 ac
984 2850 1111 2883 mollio*

239 2902 307 2925 rem
321 2894 492 2935 quamdam
505 2895 667 2929 Erronum
676 2920 687 2936 ,
714 2899 771 2940 qui
783 2899 991 2933 iconoclastae
1004 2900 1113 2934 vocari

239 2953 311 2975 non
341 2944 468 2984 possunt
488 2969 499 2984 ,
525 2946 696 2980 factionem
722 2971 732 2987 ‚
758 2947 989 2983 admittentem
1015 2951 1115 2984 sacras

237 2990 398 3036 imagines
412 2993 445 3025 in
459 2994 611 3029 Ecclefiis
622 2995 717 3030 statui
730 3021 741 3038 ,
768 2998 879 3032 verum
891 2998 931 3033 ad
942 3000 1042 3033 solam
1063 3000 1113 3034 ad-

238 3042 446 3084 spicientium
470 3066 481 3083 ,
508 3044 715 3080 indoctorum
754 3049 925 3091 praesertim
951 3073 962 3089 ‚
1001 3050 1113 3084 instru-

238 3092 383 3125 stionem
410 3093 462 3125 seu
498 3097 845 3131 commemorationem
867 3123 877 3138 ‚
916 3099 1036 3133 alienas
1072 3100 1113 3134 ab

237 3141 333 3175 omni
357 3142 565 3175 veneratione
587 3167 597 3182 ,
621 3145 719 3178 etiam
746 3148 928 3182 salutatoria
951 3174 958 3181 .
986 3149 1114 3184 Funda-

238 3190 318 3226 bant
340 3192 371 3225 se
397 3193 432 3225 in
456 3191 646 3233 quibusdam
661 3196 849 3231 Sanfiorum
872 3198 1005 3231 Patrnm
1030 3200 1116 3233 testi·

237 3242 363 3276 moniis
377 3265 386 3281 ,
413 3242 581 3284 praesertim
605 3244 718 3277 litteris
734 3246 839 3279 Sanffi
867 3248 1019 3291 Gregorii
1041 3250 1113 3283 Ma-

237 3291 298 3335 gni
323 3291 364 3325 ad
393 3293 548 3326 Serenum
572 3293 767 3336 Episcopum
788 3294 1039 3331 Maffiliensem.
1054 3301 1116 3332 >Ad

240 3352 291 3373 nos
313 3348 456 3383 pervenit
476 3365 487 3381 ‚
526 3344 604 3384 quod
627 3347 822 3377 Fraternitas
848 3345 946 3385 vestra
970 3347 1113 3391 quosdam

237 3394 397 3435 irnaginum
418 3393 589 3425 adoratores
616 3392 783 3436 adspiciens
800 3419 810 3435 ‚
837 3394 956 3438 easdem
981 3398 1113 3438 Ecclesi‘ae

239 3443 381 3485 imagines
404 3441 545 3484 confregit
569 3453 658 3485 atque
677 3446 800 3484 proiecit
830 3470 838 3477 .
865 3448 911 3478 Et
933 3447 1052 3488 quidem
1070 3459 1112 3481 ze-

294 3516 296 3518 .
338 3489 444 3531 Christ.
458 3495 536 3535 Lupi
549 3497 633 3535 oper.
647 3496 791 3528 Yom.1H.

1191 298 1276 342 buiffe
1285 299 1445 332 laudamus
1456 322 1467 339 ‚
1490 298 1550 344 sed
1551 297 1698 342 frangere
1707 297 1826 342 easdem
1849 306 1991 344 imagines
2006 309 2067 332 non

1191 349 1312 392 debuisse
1321 350 1488 382 indicamus
1499 371 1506 382 .
1535 350 1646 382 Idcircb
1655 354 1737 382 enim
1740 349 1861 392 pic‘t'ura
1884 355 1916 382 in
1930 348 2065 392 Eccleffls

1191 399 1348 432 adhibetur
1359 422 1370 439 ,
1396 408 1429 431 ut
1439 397 1487 438 bi,
1519 404 1570 441 qui
1589 399 1706 432 litteras
1729 397 1859 442 nesciunt
1868 422 1879 438 ‚
1903 396 2008 441 saltem
2029 405 2064 432 in

1187 449 1351 490 parietibus
1371 449 1500 480 videndo
1521 450 1621 491 legant
1634 473 1644 488 ,
1669 460 1735 492 quae
1756 450 1849 493 legere
1872 454 1905 481 in
1917 446 2065 481 codicibus

1191 510 1247 532 non
1258 500 1363 532 valent
1382 522 1388 529 .
1415 500 1483 530 Tua
1492 500 1559 541 ergo
1572 501 1766 532 Fraternitas
1793 501 1827 535 Φ
1841 499 1909 533 ilias
1917 496 2044 541 ftrvare
2054 522 2068 539 ‚

1190 551 1224 583 (θ
1233 549 1273 582 ab
1282 560 1383 582 earum
1393 547 1522 580 adoratu
1528 548 1670 589 populum
1678 549 1834 589 probibere
1845 547 1947 582 debuit
1958 570 1969 587 ,
1991 559 2066 590 qua-

1154 601 1158 605 '
1189 600 1273 632 tenus
1299 601 1333 633 ό·
1352 598 1519 631 litterarum
1543 596 1631 640 nescii
1652 595 1793 631 baberent
1814 599 1893 632 unde*
1908 596 2070 641 scientiam

1188 648 1313 689 historic
1323 649 1486 692 colligerent
1497 672 1508 688 ,
1534 649 1569 682 ό·
1574 646 1701 690 populus
1716 653 1750 680 in
1756 648 1885 688 pillum
1897 650 2068 682 adoratione

1189 711 1245 732 non
1262 707 1399 740 peccaret
1411 722 1418 730 .
1447 698 1492 732 Et
1513 698 1548 731 in
1567 698 1629 731 alia
1656 696 1820 739 Epistola.
1849 699 2005 731 Pei-latum
2025 698 2071 731 ad
2088 693 2245 736 129·Epist·

1188 760 1237 781 nos
1245 748 1312 790 fuit
1323 773 1333 789 ‚
1359 749 1439 790 quod
1445 747 1653 789 inconfiderato
1664 747 1726 779 zelo
1730 745 1884 790 fitccensus
1895 747 2068 782 sanctorum
2091 749 2119 777 9·

1187 804 1329 841 imagines
1336 796 1391 841 fich
1402 797 1459 830 hac
1479 796 1564 839 quasi
1581 795 1786 839 excusatione,
1815 807 1851 830 ne
1875 798 1996 830 adorari
2017 800 2072 832 de-

1187 848 1328 890 buissent,
1354 847 1544 890 confi-egeris.
1571 849 1618 879 Et
1637 849 1757 890 quidem
1780 852 1853 889 quia
1875 858 1926 881 eas
1945 848 2069 881 adorari

1186 898 1317 940 vetuisses
1335 920 1347 937 ,
1372 900 1487 930 omnini
1499 898 1691 931 laudavimus
1702 909 1716 938 ;
1736 896 1854 941 fregiffe
1880 900 1951 932 verb
1971 906 2070 940 repre-

1185 947 1342 981 bendimus
1362 972 1370 979 .
1411 949 1467 980 Dic
1487 951 1619 987 Frater,
1646 950 1667 980 ἃ
1689 959 1744 990 quo
1762 948 1884 990 fabium
1908 949 2068 983 sacerdote

1185 999 1346 1040 aliquando
1354 999 1487 1031 auditum
1497 996 1533 1037 est
1545 1009 1582 1040 qu
1588 999 1626 1030 od
1628 997 1727 1039 fecisti
1739 1000 1752 1031 2
1776 1001 1876 1031 sinon
1886 1000 1973 1032 aliud
1982 1023 1993 1039 ‚
2017 997 2077 1031 vel-

1186 1050 1262 1082 illud
1271 1049 1372 1082 debuit
1383 1058 1413 1082 te
1423 1059 1560 1082 revocare
1576 1073 1587 1088 ‚
1614 1059 1652 1082 ne
1662 1046 1804 1090 despeffls
1819 1050 1891 1081 aliis
1910 1048 2065 1090 fratribus

1181 1096 1273 1141 solum
1291 1107 1321 1132 te
1329 1097 1468 1141 santJum
1494 1099 1527 1132 δ’
1550 1099 1602 1142 effe
1625 1099 1758 1132 crederes
1767 1096 1948 1141 sapientem.
1975 1097 2069 1130 Aliud

1184 1150 1220 1188 est
1232 1154 1310 1183 enim
1317 1149 1469 1191 pit‘luram
1480 1150 1606 1182 adorare
1620 1172 1632 1189 ‚
1657 1150 1745 1182 aliud
1762 1156 1819 1190 per
1833 1148 1964 1190 piHurae
1984 1146 2070 1188 bisto-

1185 1206 1263 1232 riam
1275 1201 1351 1243 quid
1352 1198 1390 1241 fit
1411 1200 1600 1233 adorandum
1629 1197 1781 1242 addiscere
1793 1223 1800 1230 .
1825 1203 1913 1232 Nam
1932 1199 2012 1240 quod
2030 1198 2072 1231 le-
2115 1243 2123 1246 ν

1180 1249 1320 1294 gentibus
1334 1251 1490 1292 Scriptura
1502 1273 1512 1290 ,
1538 1249 1589 1282 hec
1599 1251 1700 1282 idiotis
1724 1247 1851 1291 praellat
1869 1247 1989 1290 pinum
2009 1258 2073 1281 cer-

1188 1300 1324 1334 nentibus
1338 1312 1345 1331 :
1373 1302 1458 1343 ,Quia
1469 1305 1502 1333 in
1512 1298 1578 1342 ipsa
1590 1305 1680 1332 etiam
1690 1305 1863 1344 ignorantes
1877 1299 1986 1332 vident
1995 1297 2072 1340 quid

1182 1348 1266 1392 sequi
1275 1350 1403 1383 debeant
1415 1374 1426 1390 ,
1451 1354 1484 1382 in
1494 1353 1561 1392 ipsa
1580 1350 1681 1393 legunt
1697 1355 1748 1392 qui
1770 1349 1892 1384 litteras
1918 1346 2071 1392 nesciunt.

1186 1400 1270 1432 Unde
1295 1401 1329 1431 Θ·
1335 1401 1489 1439 praecipue'
1493 1399 1635 1442 gentibus
1663 1407 1720 1440 pro
1741 1398 1860 1432 let-‘lione
1876 1398 2001 1440 pic‘lura
2012 1397 2069 1437 est.

1185 1449 1278 1490 ,Quod
1287 1449 1461 1492 magnopere
1471 1449 1491 1478 ἃ
1502 1457 1531 1480 te
1539 1472 1549 1487 ‚
1576 1454 1632 1489 qui
1645 1453 1724 1481 inter
1726 1456 1835 1491 gentes
1847 1447 1970 1481 habitas
1982 1471 1993 1488 ,
2019 1456 2073 1480 at·

1184 1498 1268 1531 tendi
1280 1498 1421 1531 debuerat
1434 1520 1445 1536 ,
1469 1508 1507 1530 ne
1518 1498 1591 1530 dum
1609 1497 1685 1531 retqo
1695 1499 1755 1531 zelo
1776 1499 1897 1532 incaute*
1915 1497 2071 1542 succende-

1185 1555 1227 1581 ris
1239 1572 1250 1588 ,
1272 1547 1418 1589 ferocibus
1432 1553 1542 1580 animis
1557 1545 1735 1590 scandalum
1741 1559 1903 1591 generares
1914 1573 1922 1580 .
1951 1551 2069 1590 Frangi

1185 1601 1255 1632 vero
1269 1610 1327 1631 non
1339 1596 1438 1630 debuit
1447 1619 1459 1636 ‚
1483 1598 1565 1640 quod
1580 1608 1638 1631 non
1659 1599 1706 1630 ad
1714 1598 1904 1631 adorandum
1922 1603 1956 1631 in
1966 1597 2069 1631 Eccle-

1178 1647 1229 1689 sr'is
1244 1672 1254 1687 ,
1276 1646 1335 1691 sed
1345 1649 1390 1680 ad
1398 1646 1586 1686 instruendas
1604 1646 1784 1691 solummodo
1807 1656 1919 1682 mentes
1942 1646 2068 1691 nescien-

1185 1703 1258 1732 tium
1261 1697 1327 1739 fuit
1338 1698 1523 1731 collocatum.
1551 1698 1671 1731 Multis
1695 1698 1825 1733 suadere
1848 1699 1955 1743 pergit
1982 1696 2074 1731 hanc>

1184 1747 1447 1782 conclusionem.
1477 1747 1520 1780 Et
1542 1746 1576 1780 in
1599 1747 1747 1791 Epistola
1770 1748 1811 1782 ad
1841 1746 2069 1782 Secundinum

1183 1797 1409 1838 monachum,
1434 1796 1492 1831 fibi
1514 1798 1673 1841 imagines
1684 1799 1877 1831 Sanctorum
1889 1797 2006 1833 donari
2032 1798 2068 1832 ὃς
2089 1801 2121 1846 ¹⁴?
2145 1809 2172 1836 γ.
2204 1802 2257 1836 Inaj

1184 1847 1357 1882 transmitti
1373 1846 1592 1891 postulantem
1607 1872 1614 1879 .
1641 1849 1737 1882 Valde
1749 1848 1832 1882 nobis
1844 1857 1899 1882 tua
1912 1848 2071 1891 postulatio
2091 1838 2160 1887 dfif-
2184 1853 2212 1871 ²·

1178 1899 1291 1940 placuit
1303 1922 1314 1938 ‚
1339 1903 1409 1940 quia
1419 1898 1503 1930 illum
1525 1906 1584 1930 toto
1603 1899 1688 1931 corde
1699 1904 1811 1941 quaeris
1823 1922 1834 1938 ,
1860 1901 1942 1941 cujus
1965 1904 2072 1943 imagi·
2092 1880 2174 1922 39¹st
2186 1890 2233 1919 55·

1183 1960 1249 1982 nem
1258 1956 1325 1990 prae
1336 1949 1422 1982 oculis
1435 1947 1539 1980 babere
1550 1947 1696 1988 defideras
1709 1973 1718 1988 ,
1743 1958 1775 1981 ut
1802 1958 1831 1982 te
1848 1949 1919 1990 visto
1936 1957 2072 1992 corpora-

1182 2000 1220 2031 lis
1231 1999 1408 2040 quotidiana
1419 1998 1533 2030 reddat
1543 2004 1739 2031 exercitatum
1751 2023 1760 2038 ,
1788 2000 1822 2032 ὀ*
1832 2000 1905 2032 dum
1914 2000 2069 2041 pic'luram

1181 2049 1262 2081 illius
1275 2049 1362 2081 vides
1373 2072 1384 2088 ,
1410 2047 1455 2079 ad
1474 2047 1557 2079 illum
1569 2054 1667 2079 animo
1677 2046 1849 2092 inardeftas
1863 2073 1874 2089 ,
1900 2052 1983 2091 cujus
1996 2056 2072 2082 ima·

1177 2103 1279 2141 ginem
1291 2098 1393 2131 videre
1402 2096 1566 2138 desideras.
1597 2098 1640 2130 Ab
1663 2109 1694 2131 re
1716 2110 1774 2132 non
1790 2098 1925 2140 facimus
1939 2124 1949 2140 ‚
1971 2098 1998 2141 fi
2014 2109 2070 2143 per

1182 2147 1310 2189 vifibilia
1324 2145 1480 2188 invisibilia
1504 2146 1751 2187 demonstramus.
1777 2151 1839 2182 Scio
1867 2151 1947 2192 quod
1965 2155 2071 2193 imagi-

1182 2207 1248 2231 nem
1261 2198 1430 2231 5alvatoris
1441 2195 1525 2235 nostri
1538 2209 1595 2230 non
1621 2200 1686 2231 ideo
1694 2204 1774 2239 petis
1784 2225 1794 2240 ‚
1820 2208 1855 2233 ut
1882 2198 1965 2242 quafi
1971 2203 2069 2234 Deum

1180 2250 1277 2288 colas,
1298 2246 1357 2291 sed
1374 2245 1408 2280 ob
1435 2249 1663 2281 recordationem
1680 2248 1739 2291 filii
1753 2253 1811 2283 Dei
1829 2256 1863 2282 in
1882 2252 1946 2291 ejus
1969 2261 2068 2284 amore

1181 2296 1337 2340 recalefias
1350 2322 1356 2329 .
1386 2300 1431 2330 Et
1446 2309 1498 2330 nos
1510 2299 1630 2340 quidem
1644 2310 1700 2331 non
1711 2298 1797 2340 quasi
1813 2309 1884 2333 ante
1908 2303 2070 2334 Divinita-

1182 2358 1244 2382 tem
1268 2356 1338 2381 ante
1351 2348 1434 2380 illam
1442 2346 1671 2389 prosternimur,
1697 2347 1756 2391 sed
1778 2349 1862 2382 illum
1883 2351 2067 2391 adoramus,

1180 2410 1265 2441 quem
1272 2406 1327 2440 per
1340 2403 1499 2441 imaginem
1523 2406 1577 2429 aut
1590 2408 1695 2431 natum
1709 2423 1720 2439 ‚
1744 2409 1798 2432 aut
1802 2399 1920 2443 paffiim
1931 2427 1940 2440 ‚
1962 2399 2021 2444 sed
2029 2402 2069 2435 (9¹¹

1180 2455 1211 2480 in
1223 2447 1325 2481 throno
1331 2445 1484 2491 sedentem
1494 2450 1681 2481 recordamur
1694 2473 1701 2480 .
1730 2452 1776 2481 Et
1797 2451 1870 2483 dum
1892 2451 1974 2483 nobis
1998 2449 2070 2494 ipssa

1175 2498 1316 2540 pic‘lura,
1342 2497 1426 2539 quast
1433 2499 1608 2539 scriptum,
1633 2499 1678 2531 ad
1697 2506 1866 2532 memoriam
1885 2500 1981 2542 filium
2005 2504 2068 2534 Det

1179 2549 1292 2582 reducit
1303 2572 1314 2588 ‚
1341 2553 1474 2580 animum
1490 2546 1616 2587 nostrum
1640 2559 1694 2582 aut
1705 2550 1741 2582 de
1753 2547 1958 2592 resurret‘lione
1985 2552 2067 2584 laeti-

1173 2598 1267 2641 fleat,
1292 2607 1346 2631 aut
1358 2600 1393 2630 de
1403 2598 1528 2640 paffione
1537 2599 1681 2632 demulcet
1694 2624 1701 2631 .
1730 2598 1781 2632 Ex
1796 2600 1954 2634 similibus
1980 2601 2064 2643 ergo

1180 2647 1341 2693 perperam
1362 2647 1528 2682 intellectis
1548 2646 1684 2682 Patrum
1706 2649 1904 2683 testimoniis
1924 2649 2062 2693 quidam

1179 2699 1362 2733 fatebantur
1375 2699 1534 2743 imagines
1544 2698 1607 2733 effi:
1619 2699 1714 2733 utiles
1724 2723 1735 2739 ‚
1762 2711 1798 2733 ac
1810 2698 1971 2733 fructuose
2004 2711 2061 2742 po-

1180 2750 1212 2783 ni
1237 2749 1272 2783 in
1287 2748 1460 2790 Ecclefiis,
1487 2749 1600 2783 verum
1621 2748 1661 2782 ad
1687 2750 1787 2783 solam
1811 2749 1987 2782 idiotarum
2010 2749 2064 2782 ina

1178 2798 1383 2834 structionem
1395 2823 1407 2839 ‚
1433 2797 1580 2841 adeoque
1593 2799 1715 2832 nullam
1728 2798 1970 2832 venerationem
1982 2823 1994 2839 ,
2016 2810 2060 2833 ne

1175 2850 1303 2893 quidem
1317 2849 1539 2884 salutatoriam
1551 2850 1637 2892 poffe
1664 2849 1727 2881 ilhs
1748 2847 1916 2891 impendi.
1944 2849 2057 2897 Qem

1176 2910 1316 2934 errorem
1350 2898 1458 2943 postea
1495 2899 1691 2942 resumpsere
1726 2897 1862 2940 quidam
1899 2897 2055 2944 Episcopi

1177 2951 1393 2985 Francorum.

1226 3000 1273 3033 At
1283 3011 1407 3034 certum
1421 3000 1465 3035 est
1477 2999 1629 3034 Sanstum
1642 2997 1843 3043 Gregorium
1853 2997 1896 3035 ab
1909 2998 1971 3034 5113s
1983 3010 2053 3034 non

1176 3050 1268 3083 fuiffe
1279 3049 1479 3083 inteliestum
1490 3073 1497 3080 .
1531 3049 1665 3082 Etenim
1678 3049 1711 3082 in
1726 3049 1894 3092 posteriori
1917 3051 1956 3083 ad
1969 3051 2058 3084 Sete-

1178 3110 1254 3132 num
1267 3099 1413 3142 Epistola
1424 3098 1539 3132 diserte
1551 3096 1685 3132 damnat
1697 3099 1799 3133 solam
1827 3100 2054 3141 incompeten-

1176 3161 1240 3183 tem
1265 3149 1448 3192 imaginum
1468 3146 1710 3182 adorationem.
1750 3148 1812 3183 Ast
1831 3160 1902 3191 quae
1926 3151 1984 3184 ista
2006 3151 2056 3184 in·

1175 3198 1392 3240 competentia
1417 3200 1430 3231 2
1466 3197 1613 3244 Quidam
1636 3198 1797 3242 populum
1817 3198 2051 3235 Maffiliensem

1178 3248 1386 3283 idololatricae
1397 3248 1634 3289 superstitionis
1657 3250 1831 3291 accusant,
1857 3262 1895 3284 ac
1917 3252 2053 3294 aequipa-

1176 3309 1245 3332 rant
1257 3298 1381 3332 Simoni
1395 3308 1494 3342 mago
1506 3321 1518 3338 ‚
1542 3297 1584 3331 de
1606 3309 1672 3342 quo
1687 3300 1719 3332 in
1734 3299 1819 3334 libro
1834 3301 1874 3334 de
1886 3299 2051 3334 haerefibus

1175 3349 1306 3382 Sanetus
1319 3347 1541 3392 Augustinus:
1561 3347 1721 3393 Jovemse
1731 3351 1811 3383 credi
1834 3350 1969 3388 volebat,
1996 3353 2057 3380 Mi·

1176 3409 1298 3431 nervam
1309 3400 1381 3431 verb
1394 3400 1555 3439 quamdam
1578 3406 1759 3432 meretricem
1780 3402 1909 3433 5elenem
1924 3422 1934 3438 ,
1960 3409 2051 3438 quam

1176 3447 1222 3481 libi
1227 3446 1336 3491 sbciam
1342 3446 1484 3491 scelerum
1487 3447 1624 3489 fecerat,
1649 3448 1847 3494 imaginesque
1873 3450 1906 3482 o·
1915 3447 2002 3540 sicam
2013 3449 2048 3481 θ

1567 3498 1596 3531 Ζ
1870 3498 1917 3539 eju
1934 3497 1999 3532 dem
