2340 3762
70 2001 157 2043 Epist.
179 2013 206 2040 7.

704 150 773 179 DE
809 146 1041 183 ocrAvA
1066 131 1321 186 'Svuono
1356 125 1695 176 GENERAtt.

263 219 368 265 pergit
379 220 514 254 Sanstus
537 219 723 264 stylianus:
751 220 891 253 Nicolaus
912 217 1054 260 Pontifex
1077 229 1144 251 mox

260 269 361 304 enada
380 271 487 313 synodo
505 269 576 314 suos
600 274 727 313 Legatos
750 269 961 329 thdoaldum
986 281 1020 302 ac
1030 267 1146 302 Zacha-

260 325 340 353 riam
353 345 363 361 ,
389 330 423 353 ut
434 326 486 363 qui
496 330 599 354 contra
609 323 736 354 Decreta
759 318 894 363 fectffent
908 343 919 359 ,
946 319 1051 353 bonore
1069 322 1146 361 Epi-

258 367 394 413 scopatus
405 376 486 404 exuit
498 395 509 411 ‚
538 372 655 413 aliaque
663 371 768 403 rursus
779 369 926 404 celebrata
936 371 1044 408 synodo
1066 369 1147 403 Pbo-

260 425 337 453 tium
361 422 530 455 adulterum
557 423 591 455 ό·
613 419 780 464 invasorem
801 418 995 454 anathemate
1021 426 1146 461 vinxit,

259 473 412 514 Ignatium
417 482 594 516 germanum
603 470 815 506 Patriareham
824 475 1009 504 renunciavit
1020 496 1030 512 ,
1059 471 1148 505 Αθα-

260 531 317 562 que
327 528 426 556 omnia
435 520 574 555 Michaeli
601 524 635 556 (θ’
652 521 757 556 Photio
768 519 936 564 transmiffa
960 523 1146 556 declaravit.

259 569 306 604 Et
318 572 358 606 ad
369 572 505 615 primam
520 573 681 615 ptaesentis
695 571 819 616 Synodi
834 571 1010 607 Adi-ionem
1024 573 1146 618 legatio

252 614 547 655 ’Adriani'secundi
563 637 573 656 :
587 622 780 668 'Cognoscens
807 622 963 664 Diviferus
986 627 1072 665 Papa
1085 627 1144 655 Ni-

259 672 358 703 colaus
387 673 421 705 (5
431 674 556 706 Senatus
567 680 669 707 omnia
680 697 691 713 ‚
709 673 790 715 ficit
801 674 946 711 synodum
958 698 968 714 ‚
994 675 1028 707 (9
1045 684 1145 706 convo-

258 726 346 754 cavit
356 733 454 755 omnes
467 725 668 758 occidentales
679 726 710 754 E
707 722 839 766 piscopos
849 747 860 763 ‚
873 723 1002 756 Archi-E
999 722 1131 766 piscopos
1135 747 1145 762 ,

260 772 467 813 Metropolitas
494 798 505 813 ,
531 775 566 807 ό·
587 785 702 808 omnem
725 776 846 807 Clerum
861 772 979 816 sanc¹7ae
1003 776 1146 805 Romanae

258 820 395 862 Ecclefiae
403 847 414 863 ‚
436 836 472 858 ac
483 832 579 856 totum
594 826 736 857 Senatum
747 826 922 865 Principum
933 816 1142 861 Romanorum,

257 870 292 903 δ’
303 871 530 905 damnaverunt
540 873 669 905 libellum
681 874 715 905 ἐν·
728 874 891 905 Concilium
902 873 1145 914 malignantium,

256 914 462 962 quodfachim
475 929 540 953 erat
552 922 714 954 adversum
718 919 926 964 sanc‘liffimum
947 927 1047 955 virum
1058 926 1146 965 Igna-

254 972 334 1001 tium
344 992 356 1008 ,
383 971 417 1003 (τ
427 967 558 1013 deposuit
572 970 772 1014 Apocrisarios
783 995 794 1011 ‚
821 977 872 1014 qui
898 982 1047 1005 venerant
1065 972 1121 1005 huc
1134 997 1144 1012 ‚

255 1016 467 1065 Rhadoaldum
495 1022 529 1054 <⁶5
539 1021 730 1055 Zachariam
741 1046 752 1061 ‚
779 1023 813 1055 6·
823 1021 862 1054 ab
875 1028 953 1054 omni
964 1021 1069 1056 honore
1092 1024 1142 1055 Sa·

254 1070 397 1104 cerdotali
422 1072 664 1105 &communione
683 1073 802 1114 pepulit
814 1084 884 1110 eos,
910 1079 1050 1115 quoniam
1073 1084 1144 1106 com

255 1124 487 1158 manicaverunt
512 1120 761 1167 &consinserunt
773 1147 784 1163 ‚
812 1123 847 1156 (5
866 1122 1075 1163 constituerunt
1098 1129 1144 1156 in-

254 1168 391 1216 vasorem
416 1172 450 1205 6*
462 1173 632 1205 adulterum
645 1172 806 1206 Photium:
833 1176 879 1205 Et
890 1172 1048 1207 abdicavit
1067 1179 1143 1207 Con-

251 1219 354 1264 cilium
367 1222 600 1266 malignantium
611 1247 618 1254 .
647 1226 775 1265 Propter
787 1222 839 1256 boc
853 1235 921 1268 ergo
931 1232 1004 1266 opus
1017 1225 1142 1257 damna-

255 1273 306 1307 vit
331 1271 366 1304 (st
378 1271 656 1306 anathematizavit
671 1273 830 1307 Photium.
857 1273 964 1309 Addit
981 1274 1142 1319 margina-

252 1317 286 1354 le
298 1318 457 1356 Scholion
468 1322 628 1357 Anastafii
644 1323 848 1358 Cardinalis:
876 1326 962 1359 Licet
986 1331 1140 1359 vocaverit

254 1370 526 1415 Archi-Eptfiopos
538 1397 550 1414 ‚
575 1375 673 1407 nullus
694 1383 797 1408 tamen
819 1382 939 1416 excepto
958 1378 1140 1410 Ravennate

251 1419 288 1453 ob
309 1428 452 1463 temporis
477 1425 745 1456 incommoditatem
771 1431 892 1457 occurrit
914 1450 921 1456 .
959 1426 1068 1458 Verum
1089 1426 1139 1458 ille

250 1479 319 1505 cum
342 1472 508 1512 aliquantis
534 1474 569 1505 (st
592 1472 732 1508 Pharium
748 1474 868 1514 pepulit
890 1496 901 1512 ‚
928 1474 968 1507 (9⁸-
984 1478 1138 1516 Ignatium

251 1520 470 1558 Patriarcham
492 1521 610 1564 admisit
633 1546 644 1562 ‚
660 1522 828 1567 'privilegio
842 1520 953 1565 scilicet
973 1523 1138 1565 Apostolicae

251 1571 339 1603 Sedis
359 1569 482 1611 fretus,
508 1584 577 1614 quae
595 1570 661 1614 sola
672 1575 730 1614 jus
755 1573 846 1605 babet
862 1574 1055 1614 quorumlibet
1064 1575 1138 1617 liga-

251 1627 358 1651 menta
383 1623 436 1653 vel
439 1619 595 1662 solutiones
613 1622 789 1664 Pontificum
807 1621 947 1665 solvendi
973 1622 1027 1655 vel
1042 1623 1138 1666 lIgan·

251 1668 287 1714 di
297 1690 309 1707 ,
334 1669 400 1701 cum
410 1676 509 1713 utique
519 1672 557 1704 de
568 1676 647 1704 omni
659 1674 690 1704 E
691 1670 787 1712 eclesia
789 1672 848 1713 fas
871 1670 982 1705 babeat
995 1673 1135 1713 judican-

250 1717 288 1767 di
298 1742 305 1748 .
332 1718 413 1753 Haec
422 1719 467 1753 est
483 1720 540 1756 illa
552 1722 708 1757 Romana
721 1720 950 1756 Patriarchalis
961 1721 1115 1766 synodus
1127 1745 1138 1762 ,

251 1767 295 1801 ad
305 1779 406 1812 quam
416 1770 572 1806 invitatus
584 1772 787 1808 Hincmarus
797 1772 1010 1810 Remenfium
1021 1771 1136 1807 Archi-

251 1815 435 1863 Episcopus
455 1821 535 1864 quid
560 1832 619 1865 pro
641 1824 696 1856 sua
718 1823 754 1856 in
777 1821 893 1858 Sedem
905 1821 1133 1866 Apostolicam

248 1868 407 1903 consueta
427 1870 607 1913 pervicacia
644 1872 678 1906 &
699 1885 755 1917 per
775 1873 806 1906 se
832 1873 867 1907 δε
893 1884 948 1916 per
975 1870 1134 1906 Carolum

249 1914 392 1952 Calvum
406 1919 533 1964 Regem
546 1921 746 1965 responderit
758 1946 770 1962 ,
799 1922 889 1965 supr&
898 1922 1024 1956 dietum
1036 1923 1080 1955 est
1093 1922 1132 1955 ad

249 1967 426 2002 Cimonem
438 1969 605 2005 decimum
618 1972 800 2016 septimum.
827 1973 958 2006 Factam
973 1973 1008 2006 in
1023 1972 1135 2006 medio

246 2018 362 2051 aestatis
385 2020 511 2053 fervore
534 2020 642 2055 scribit
670 2022 737 2064 ipse
767 2022 925 2056 Pontifex
952 2023 1131 2056 Nicolaus:

248 2065 344 2100 Hinc
353 2067 416 2101 fuit
429 2068 680 2104 incommodum
694 2082 818 2113 tempus
833 2097 844 2111 ‚
856 2071 891 2104 &
904 2072 960 2104 alii
971 2072 1131 2106 Italorum

247 2116 502 2160 Metropolitani
527 2131 595 2153 non
618 2119 834 2154 advenerunt.

300 2166 486 2211 Utriusque
496 2170 556 2203 suae
567 2169 696 2213 Synodi
708 2170 787 2204 Asta
798 2170 937 2214 exponit
949 2170 1035 2206 idem
1044 2170 1148 2217 Pon-ff

250 2217 331 2251 tifex
345 2218 377 2251 in
393 2218 506 2252 litteris
518 2218 557 2253 ad
569 2220 721 2255 Sanstum
733 2221 902 2266 ignatium
914 2245 925 2261 ,
954 2224 1023 2265 post
1046 2220 1147 2257 hanel

249 2267 424 2310 synodum
444 2268 645 2304 exstantibus
665 2295 672 2303 .
700 2269 854 2315 Praesente
874 2270 1057 2315 apocrisario
1076 2274 1128 2304 Re-

244 2323 295 2360 gio
316 2342 327 2358 ‚
354 2319 469 2353 Leone
489 2319 507 2352 ἐι
530 2320 666 2355 Secretis
689 2345 700 2361 ,
727 2331 831 2354 vocato
857 2321 961 2362 nostrae
998 2321 1131 2363 Ecclefiae

248 2368 378 2401 Concilio
391 2392 401 2408 ,
425 2378 517 2412 atque
528 2377 661 2405 evocatis
674 2377 765 2405 etiam
785 2383 822 2405 ex
840 2373 939 2405 multis
957 2373 1130 2405 Occidenta-

247 2419 322 2450 lium
345 2424 492 2463 regionum
518 2423 687 2454 Provinciis
719 2421 904 2465 sanHiffimis
935 2420 1130 2464 plurimisque

248 2465 409 2510 Episcopis
420 2494 430 2509 ,
454 2472 586 2510 primum
597 2472 780 2505 Zachariam
801 2473 838 2506 de
852 2478 996 2505 communi
1013 2476 1129 2514 senten-

1919 151 1938 195 3
1953 150 2015 191 29

1214 213 1271 247 heic
1279 212 1370 257 sacra
1379 224 1569 256 quecumque
1590 215 1821 254 administrarit.
1848 221 2001 255 Praeterea
2021 233 2088 266 quo·

1208 263 1350 309 scumque
1362 263 1489 297 Photius
1500 266 1598 297 Sacris
1611 268 1767 304 initiavit,
1788 271 1890 310 gradu
1911 271 2087 310 clericorum

1214 321 1291 349 omni
1297 319 1458 357 privamus
1485 324 1519 347 ac
1528 315 1682 355 dejicimus
1694 338 1702 347 .
1731 318 1823 356 Atque
1841 319 1903 353 baec
1910 321 2031 363 quidem
2050 323 2087 355 de

1213 367 1274 400 illis
1284 366 1468 399 decrevimus
1480 390 1487 396 .
1514 367 1555 398 Te
1563 371 1663 398 autem
1675 364 1851 398 auaorttate
1856 367 1879 408 s
1874 376 1987 408 upremi
1989 374 2022 416 J
2025 372 2089 404 udi-

1212 421 1253 450 cis
1268 419 1389 449 Domini
1402 419 1458 448 Dei
1467 416 1642 449 salvatoris
1653 414 1741 456 nostri
1766 427 1818 450 nec
1836 417 2013 460 depositum,
2039 431 2089 455 nee

1201 465 1406 506 'anathemate
1431 465 1567 498 vinc‘lum
1602 477 1736 508 unquam
1764 465 1853 509 fuiffe
1878 467 2062 502 declaramus
2084 495 2091 502 .

1211 519 1398 561 ,Quicumque
1408 517 1478 549 vero
1483 513 1644 558 sententia:
1657 515 1760 556 nostrae
1782 523 2012 561 repugnaverit,
2038 527 2091 552 aut

1206 566 1240 611 se
1251 569 1271 600 a
1285 576 1338 601 tua
1348 570 1545 601 communione
1553 564 1746 609 separaverit
1757 592 1767 607 ‚
1793 576 1846 600 aut
1868 569 1960 602 denua
1982 569 2092 603 adver·

1210 618 1262 650 sus
1277 627 1306 652 te
1313 616 1374 659 fine
1384 615 1546 660 Apostolicae
1557 618 1643 650 sedis
1653 616 1827 650 auctoritate
1843 616 2028 660 sententiam
2047 629 2092 653 tu-

1209 668 1278 700 lerit
1289 692 1299 708 ‚
1327 668 1462 702 Clericus
1471 673 1550 701 omni
1571 666 1676 705 honore
1696 668 1901 711 dignitateque
1923 670 2031 703 Clerici
2050 681 2091 703 co-

1210 729 1277 750 ram
1296 719 1358 751 Deo
1384 719 1418 752 e:
1430 717 1597 751 hominibus
1617 725 1724 752 exutus
1746 716 1800 757 esto
1809 729 1824 758 ;
1849 719 1941 752 laicus
1954 725 2032 752 omni
2044 719 2091 753 be·

1210 768 1373 802 nedifflone
1385 776 1521 810 paterna
1542 775 1656 808 rareto,
1683 773 1733 810 qui
1754 766 1813 809 nist
1826 767 1991 811 respuerit,
2017 780 2092 803 ana-

1210 817 1341 851 themate
1363 830 1474 860 quoque
1489 818 1624 859 ferietur
1637 844 1644 851 .
1671 816 1832 861 Episcopos
1848 821 1917 852 vero
1930 842 1941 857 ‚
1965 826 2092 861 quicum·

1209 878 1265 908 que
1274 874 1317 900 tui
1326 866 1413 910 causa
1423 870 1550 902 exulant
1561 893 1572 910 ,
1599 879 1654 903 aut
1658 867 1732 912 solio
1735 867 1791 912 suo
1800 868 1963 913 honoreque
1971 874 2092 911 privati

1203 915 1275 959 sum
1296 940 1308 955 ,
1335 916 1461 960 sedibus
1480 917 1546 961 suis
1574 922 1608 955 er
1630 922 1773 963 dignitati
1798 919 1909 959 restitui
1921 954 1923 956 ,
1926 919 2089 961 jubemus.

1207 969 1393 1011 ,Quicumque
1419 967 1485 1001 huic
1515 973 1638 1005 Decreta
1662 971 1754 1015 nostro
1772 970 1894 1011 resistere
1918 970 2092 1003 conabitur.

1207 1016 1368 1052 anathema
1388 1017 1465 1059 esto,
1491 1022 1593 1060 quoad
1612 1021 1695 1053 nobis
1720 1022 1770 1053 ille
1785 1019 1819 1062 se
1834 1033 1849 1053 e
1871 1018 2033 1063 subjiciat.
2060 1021 2092 1052 si

1207 1072 1258 1110 qui
1267 1071 1338 1101 verb
1342 1077 1400 1110 per
1410 1073 1644 1102 criminationem
1656 1067 1730 1112 sunt
1739 1069 1823 1109 ejec‘li
1835 1092 1846 1108 ‚
1872 1071 1937 1103 illos
1963 1071 2008 1102 ad
2017 1067 2092 1111 suas

1205 1120 1385 1152 revocandos
1399 1118 1540 1161 Ecclefias
1551 1119 1711 1159 statuimus
1722 1143 1734 1159 ,
1760 1116 1936 1161 causamque
1945 1129 2041 1152 eorum
2051 1119 2096 1150 ad

1203 1168 1342 1203 tribunal
1361 1173 1490 1202 Romani
1514 1168 1671 1211 Pontificis
1693 1169 1890 1203 decidendam
1903 1193 1911 1200 .
1947 1167 2000 1202 Ex
2025 1179 2093 1211 quo

1205 1218 1295 1254 vides
1308 1218 1547 1264 Episcoporum
1560 1218 1601 1253 ad
1619 1219 1746 1253 alienos
1764 1215 2006 1252 patriarchatus
2030 1219 2094 1261 spe·

1205 1268 1365 1304 &antium
1389 1270 1500 1305 causas
1525 1269 1623 1305 etiam
1650 1269 1685 1303 in
1710 1269 1814 1313 prima
1839 1267 1992 1303 instantia
2006 1269 2093 1311 posse

1205 1321 1350 1355 Romam
1378 1321 1526 1356 evocari.

1255 1371 1416 1406 Damnati
1427 1370 1541 1405 Photii
1556 1373 1666 1406 causas
1679 1370 1767 1406 idem
1790 1370 1949 1405 Pontifex
1973 1367 2093 1413 partim

1205 1422 1239 1455 in
1251 1421 1367 1455 litteris
1392 1421 1434 1455 ad
1447 1432 1562 1454 omnes
1584 1421 1705 1465 ubique
1719 1417 1925 1454 orthodoxos
1937 1443 1947 1458 ‚
1974 1419 2093 1462 partim

1205 1471 1238 1502 in
1252 1469 1400 1512 Epistola
1416 1469 1457 1503 ad
1470 1481 1585 1503 omnes
1595 1470 1743 1504 dioecefis
1755 1467 2096 1512 Constantinopolita-

1206 1531 1254 1553 nae
1280 1519 1463 1564 Episcopos
1488 1518 1623 1554 adducit
1649 1521 1755 1555 varias
1776 1545 1783 1551 .
1823 1519 1939 1553 Primo
1965 1543 1977 1563 2
2003 1517 2093 1562 quod

1203 1568 1345 1603 Photins
1356 1569 1565 1603 seseaSansti
1592 1570 1714 1612 Ignatii
1737 1570 1978 1603 communione
2007 1570 2095 1611 sepa-

1204 1629 1308 1653 ratum
1320 1617 1482 1652 damnatis
1493 1618 1715 1653 Schismaticis
1725 1618 1939 1660 adjunxisset.
1973 1620 2054 1652 Secu
2061 1631 2094 1652 n-

1203 1668 1270 1710 do,
1298 1668 1389 1711 quod
1406 1680 1447 1703 ex
1473 1669 1559 1703 laico
1586 1669 1666 1712 esset
1691 1677 1864 1711 promotus
1888 1668 2068 1711 Episcopus
2084 1693 2091 1700 .

1204 1718 1322 1753 Tertio
1335 1743 1346 1759 ,
1374 1717 1462 1762 quod
1485 1718 1684 1762 &Gregorio
1706 1719 1931 1760 syracusano,
1959 1717 2092 1760 aliisque

1202 1769 1366 1803 damnatis
1393 1768 1427 1801 ἀ
1440 1766 1659 1801 schismaticis
1670 1767 1842 1809 Episcopis
1862 1767 1941 1800 esset
1963 1767 2093 1801 ordina-

1202 1828 1272 1851 tus.
1298 1815 1453 1862 Qatto,
1479 1815 1569 1859 quod
1582 1816 1658 1850 vivo
1683 1815 1718 1849 &
1735 1816 1879 1851 innoxio
1902 1816 2034 1862 ignatio
2046 1820 2093 1852 es·

1201 1868 1248 1901 set
1270 1877 1306 1900 ut
1318 1865 1466 1900 Ecclefiae
1486 1865 1613 1900 adulter
1637 1867 1852 1910 superpositus
1876 1868 2085 1902 acintrusus.

1200 1916 1358 1966 Qinto,
1386 1915 1476 1960 quod
1492 1916 1642 1951 subditus
1673 1918 1913 1961 praesumpsisset
1936 1916 2090 1960 damnate

1199 1967 1368 2012 proprium
1378 1965 1599 2000 patriarcham
1610 1990 1617 1997 .
1645 1966 1857 2010 Sextd‚qu0d
1872 1969 1905 2002 in
1920 1969 2088 2012 proprium

1197 2014 1464 2062 chyrographum
1488 2015 1714 2060 Metropolitis
1737 2028 1796 2060 pro
1822 2016 1954 2062 lgnatio
1974 2017 2089 2053 datum

1196 2066 1362 2102 exstitisset
1402 2065 1562 2110 perjurus.
1601 2065 1751 2110 Septimo
1778 2091 1788 2107 ,
1816 2068 1905 2111 quod
1946 2068 2089 2113 Legatos

1196 2117 1411 2162 Apostolicos
1430 2128 1596 2160 tamquam
1611 2128 1716 2151 novus
1729 2117 1870 2152 Aeacius
1892 2117 2063 2153 seduxisset
2077 2143 2087 2159 ,

1195 2168 1415 2212 coegissetque
1435 2166 1476 2201 ad
1501 2166 1724 2201 schismaticis
1742 2168 2058 2204 communicandum
2076 2193 2087 2209 ,

1194 2217 1435 2252 confirmandas
1445 2218 1551 2251 Sancti
1566 2217 1686 2262 Ignatii
1704 2218 1858 2261 injurias,
1889 2219 1921 2253 &
1934 2219 1981 2252 sui
1999 2219 2087 2254 Pon-

1194 2267 1291 2302 tiflcis
1317 2267 1472 2302 mandata
1500 2268 1584 2301 varie
1612 2269 1847 2311 praevaricanda
1872 2293 1878 2299 -
1917 2270 2047 2303 ottavo
2074 2295 2085 2311 ,

1194 2317 1283 2362 quod
1293 2317 1461 2363 Ignatium
1473 2342 1483 2358 ,
1510 2329 1547 2351 ac
1560 2318 1608 2351 illi
1624 2316 1734 2354 fideles
1749 2343 1759 2358 ,
1786 2320 1820 2353 &
1836 2320 1926 2352 suam
1937 2331 2084 2354 commu-

1194 2370 1327 2402 nionem
1343 2367 1519 2402 refutantes
1534 2367 1714 2412 Episcopos
1730 2392 1740 2408 ‚
1771 2368 1937 2408 Geticos,
1964 2370 2084 2403 Mona-

1192 2418 1273 2453 chos
1288 2443 1298 2459 ,
1323 2419 1355 2452 ὃς
1378 2418 1479 2452 laicos
1502 2418 1674 2460 tyrannice
1698 2418 1863 2453 afflixissiet
1889 2444 1896 2451 .
1925 2419 2083 2454 Notanda

1193 2470 1266 2503 sunt
1279 2468 1371 2502 verba
1386 2468 1561 2503 Pontificis
1574 2469 1614 2503 de
1626 2467 1752 2503 Photio
1767 2481 1773 2500 :
1802 2472 1834 2502 5i
1859 2471 1950 2503 Sacra
1969 2477 2083 2503 contin-

249 2521 295 2550 tia
321 2519 554 2563 damnavimus;
586 2521 760 2555 Rhadoaldi
789 2531 888 2556 autem
915 2522 1131 2556 exauthoratio-
1187 2531 1256 2562 gere
1269 2524 1393 2551 tentarit
1410 2543 1417 2550 .
1446 2519 1609 2562 Loquitur
1623 2531 1663 2553 ex
1676 2530 1792 2563 quarto
1805 2519 1947 2553 Canone
1962 2518 2082 2554 Antio-

249 2579 317 2600 nem
337 2592 348 2607 ,
374 2571 454 2610 quod
470 2578 540 2603 tunc
564 2571 668 2615 abesset
692 2598 702 2613 ,
729 2572 893 2612 distulimus
917 2598 927 2614 ‚
954 2580 1007 2615 qui
1030 2582 1131 2605 tamen

244 2616 342 2659 postea
349 2617 531 2662 sententiam
550 2622 755 2655 damnationis
777 2634 836 2655 non
847 2621 952 2667 cffugit
966 2647 973 2654 .
1000 2623 1130 2657 Similia

246 2668 338 2701 enim
350 2669 488 2704 avaritiae
498 2672 644 2706 facinora
668 2673 769 2706 etiam
790 2673 825 2707 in
846 2672 956 2707 Gallia
987 2673 1131 2717 Legatus

246 2727 386 2762 patrarat
401 2718 613 2756 Rhadoaldus
625 2747 635 2762 ,
663 2722 804 2766 ideoque
817 2722 1017 2766 Apostolicae
1033 2723 1129 2768 virgae

247 2778 338 2822 fnetu
349 2768 469 2804 latebat
482 2793 492 2810 ‚
522 2781 558 2805 ac
581 2772 704 2806 errabat
720 2784 774 2816 per
785 2773 933 2817 regiones
945 2773 1048 2808 varias
1059 2797 1069 2813 ,
1095 2775 1129 2808 ὅ(

247 2818 432 2852 inauditum
443 2820 857 2866 damnarejussiffimusper
879 2825 992 2858 omnia
1015 2824 1126 2858 Ponti-

248 2867 305 2900 fex
329 2868 458 2904 nolebat
474 2895 482 2902 .
510 2871 578 2906 Eos
599 2873 772 2914 tractabat,
799 2872 973 2917 quomodo
994 2874 1128 2908 Sanetus

247 2916 332 2950 olim
344 2917 438 2952 Felix
451 2923 563 2956 tertius
574 2922 717 2968 Legatos
740 2925 813 2958 suos
829 2923 978 2961 Vitalem
1005 2935 1043 2957 ac
1063 2923 1126 2957 Mi-

246 2967 359 3000 senum
375 2968 556 3014 Episcopos
570 2997 580 3012 ,
608 2974 642 3006 in
664 2973 837 3008 Acaciano
858 2972 1028 3008 schismate
1047 2974 1126 3007 fimi-

248 3015 322 3050 liter
332 3018 417 3061 apud
429 3019 600 3055 Zenonem
625 3022 813 3069 Augustum
837 3024 1075 3067 praevaticatos.

298 3066 409 3112 pergit
419 3069 578 3105 Nicolaus
587 3072 745 3108 Pontifex
756 3074 797 3108 de
804 3074 904 3110 altera
916 3075 970 3108 sua
979 3073 1124 3117 Synodo.

247 3119 404 3151 Praeterea
424 3118 529 3153 Photio
551 3123 727 3165 dignitatem
748 3124 959 3168 abrogavimus
979 3149 990 3165 ‚
1016 3125 1126 3157 denun-

249 3167 448 3212 tiavimusque
460 3195 470 3210 ,
498 3180 532 3203 ut
540 3171 570 3213 fi
571 3171 632 3213 post
644 3174 862 3207 damnationem
884 3174 967 3214 istam
988 3174 1124 3207 thronum

247 3218 603 3262 constantinopolitanum
619 3223 712 3256 denuo
723 3225 837 3257 audeat
846 3222 1024 3266 adsi-endere
1033 3247 1044 3264 ,
1071 3233 1123 3256 aut

244 3269 301 3302 tibi
313 3294 323 3310 ,
349 3273 404 3312 qu&
415 3272 510 3304 minus
523 3274 568 3304 ad
580 3282 662 3304 tuam
667 3270 766 3315 sedem
777 3275 881 3306 redeas
898 3297 909 3313 ‚
934 3275 1125 3314 impedimen-

245 3317 338 3361 tosti,
364 3329 415 3353 aut
421 3319 511 3364 sacra
535 3328 698 3366 contingere
720 3328 865 3363 tentarit,
888 3322 1054 3364 anathema
1065 3321 1122 3364 fit.

248 3371 368 3403 Pariter
379 3378 472 3404 etiam
496 3376 667 3417 Gregorium
686 3371 895 3415 Syracusanum
906 3395 917 3411 ,
941 3373 962 3404 ἆ
980 3383 1037 3415 quo
1047 3372 1122 3405 Pbo-

244 3423 306 3454 ΗΜ
319 3422 473 3456 ordinatus
485 3423 523 3464 est
536 3447 546 3464 ‚
572 3422 764 3457 anathemate
780 3424 987 3465 percellimus,
1005 3422 1036 3465 fi
1048 3422 1119 3465 post-

344 3476 372 3506 C
374 3470 450 3513 brist.
463 3477 541 3517 Lupi
552 3477 636 3518 Oper.
650 3476 728 3506 Tom.
741 3477 799 3506 111.

1190 2568 1300 2603 cheno
1313 2583 1323 2602 .·
1350 2571 1370 2601 5
1371 2575 1381 2600 i
1393 2575 1458 2610 quis
1470 2567 1635 2611 ‘Episcopus
1646 2570 1666 2601 ἆ
1676 2570 1785 2608 synodo
1798 2570 1963 2603 damnatus
1976 2570 2078 2611 fuerit

1191 2618 1278 2662 aufics
1292 2619 1410 2661 aliquid
1418 2621 1454 2652 de
1463 2617 1548 2661 sacro
1558 2618 1713 2659 ministerio
1724 2626 1871 2662 attingere
1887 2622 1986 2660 juxta
2000 2626 2080 2661 prlo-

1191 2682 1253 2703 rem
1264 2667 1521 2712 consuetudinem,
1550 2675 1643 2703 necin
1666 2670 1729 2703 alia
1755 2671 1862 2708 synodo
1883 2669 2076 2712 restitutionis

1187 2719 1271 2763 spem
1283 2718 1392 2753 habeat
1417 2728 1470 2753 aut
1491 2720 1585 2753 locum
1604 2718 1843 2762 satisfai‘i‘ionis.
1871 2720 1989 2754 Latam
2003 2744 2013 2760 ,
2040 2720 2079 2753 li-

1191 2771 1241 2804 cet
1266 2770 1413 2811 iniquam
1436 2794 1446 2810 ,
1473 2770 1666 2804 sententiam
1692 2770 1809 2804 Canon
1837 2780 1891 2812 per
1915 2769 2076 2812 ejusmodi

1191 2820 1468 2864 praesumptionem
1493 2821 1572 2855 facit
1594 2820 1772 2853 tranfirein
1795 2829 1861 2852 rem
1871 2819 2047 2861 judicatam
2064 2844 2076 2859 ,

1190 2871 1358 2915 privatque
1382 2869 1526 2904 remedio
1547 2871 1646 2904 etiam
1657 2868 1902 2912 appellationis.
1932 2870 1974 2904 Et
1995 2868 2074 2903 hinc

1190 2920 1388 2966 Gregorium
1398 2920 1632 2963 Syracusanum
1643 2944 1654 2959 ‚
1679 2919 1736 2963 qui
1750 2918 1768 2952 ὲ
1782 2919 1959 2954 Βεηεάἰέὶο
1974 2921 2074 2954 tertio

1188 2971 1361 3006 damnatus
1374 2971 1498 3005 sacrum
1511 2969 1681 3003 Photianae
1691 2970 1948 3004 consecrationis
1969 2970 2072 3003 Mini-

1189 3021 1319 3056 sterium
1345 3029 1539 3059 attentarat,
1566 3019 1726 3054 Nicolaus
1752 3019 1909 3054 Pontifex
1930 3020 2072 3055 declarat

1188 3071 1334 3105 incidisse
1345 3070 1379 3104 in
1393 3081 1524 3113 poenam
1548 3069 1664 3110 istam,
1692 3070 1726 3104 ὰ
1740 3069 1830 3104 addit
1844 3081 1857 3102 ε’
1879 3071 1972 3114 ,Quod
1981 3069 2013 3112 fi
2034 3072 2071 3105 de

1185 3122 1295 3162 reliquo
1315 3118 1539 3162 praesumpserit
1550 3144 1562 3160 ,
1589 3119 1751 3153 anathema
1766 3120 1820 3162 sit.

1233 3170 1359 3204 Verum
1382 3169 1470 3203 hisce
1495 3170 1662 3204 sententiis
1696 3181 1902 3214 nequaquam
1929 3169 2069 3205 Photius

1184 3220 1347 3264 acquievit
1360 3244 1367 3251 .
1397 3220 1448 3251 Ad
1461 3218 1648 3261 beatiffimum
1669 3223 1789 3263 Papam
1811 3223 1991 3260 Nicolaum,
2020 3220 2068 3252 in-

1184 3271 1254 3313 quit
1267 3269 1381 3303 nostrae
1396 3269 1525 3312 Synodi
1549 3269 1731 3314 Encyclica
1756 3270 1902 3313 Epistola
1917 3295 1927 3311 ‚
1953 3268 2067 3311 Episto-

1183 3322 1229 3352 las
1255 3321 1290 3353 (9⁸
1302 3322 1430 3363 Legatos
1436 3315 1519 3362 saepe
1529 3326 1652 3354 mittens
1665 3345 1676 3361 ,
1702 3321 1735 3354 ά·
1749 3319 1825 3354 bunc
1839 3322 1971 3360 judicem
1977 3317 2066 3360 suum

1182 3371 1292 3412 eligens
1317 3370 1351 3403 Θ
1373 3377 1539 3411 proponens
1554 3394 1565 3410 ,
1593 3371 1737 3403 &omnia
1751 3394 1761 3410 ,
1788 3382 1854 3412 quae
1872 3367 2064 3411 pertinebant

1181 3421 1225 3452 ad
1228 3418 1468 3462 justificationem
1472 3416 1545 3462 sui,
1571 3420 1606 3454 ὁ·
1627 3421 1673 3453 ad
1687 3418 1854 3463 santiifflmi
1875 3415 2063 3450 Patriarchae

1584 3468 1623 3503 T
1648 3479 1663 3503 t
1886 3466 2016 3500 condem-
