2340 3762
53 974 139 1005 Ln-

48 1546 110 1583 1.-3·
127 1555 206 1581 car.

41 2005 181 2042 {otc-29.

42 2195 115 2235 Cap.
130 2204 177 2233 ²3.

40 2351 113 2390 Cap.
133 2360 177 2389 ¹7·

654 184 724 215 DE
761 183 991 214 oca-ava
1027 167 1266 213 SYNODO
1301 163 1644 216 Gemma.

239 256 350 291 caseos
361 252 740 298 Constantinopolitanae
759 252 957 297 Episcopum
977 261 1034 286 aut
1045 250 1120 285 Cle-

239 305 345 339 ticum
356 304 487 339 admitti
498 303 539 339 ad
551 303 701 344 Ecclesiae
712 302 789 344 licet
817 302 990 337 dumtaxat
1000 301 1117 336 laicam

238 355 510 388 communionem
538 377 549 394 ,
576 352 678 399 longe
697 352 806 387 minus
824 352 867 391 ,ad
891 350 1115 395 Episcopalem

237 404 375 448 gradum
395 405 428 438 δε
449 403 638 448 suffragium
657 403 824 447 Synodalc
835 426 843 433 .
871 402 958 435 Eum
986 402 1119 436 admise-

234 462 312 488 runt
329 455 363 487 δε
375 453 621 498 subscripserunt
634 452 867 497 poenitentium
881 452 1117 495 Episcoporum

234 504 318 538 Dux
328 499 528 544 Theodorus
541 502 643 537 Cariae
653 502 872 547 Metropolita
883 526 894 543 ,
909 500 1117 544 ‘Euthymius

232 552 425 595 Catanenfis
436 552 633 597 Episcopus,
647 552 787 587 Photius
798 552 941 592 Natoliae
954 576 964 592 ‚
981 551 1115 596 stepha-

232 614 296 637 nus
309 603 505 647 Cypriorum
519 627 530 644 ‚
555 602 738 647 Stephanus
750 602 871 645 Cylirae
881 626 893 643 ,
912 601 1114 637 Theodorus

230 653 381 698 Synopes
393 677 404 694 ‚
431 652 625 690 Eustachius
644 652 810 694 Armoniae
823 677 833 693 ,
867 651 1036 696 Senophio
1047 653 1113 686 Mi-

232 701 330 743 laffi,
355 700 658 746 LeoDamphnusae
668 728 678 744 ,
706 703 827 737 Paulus
850 702 951 737 Neles
969 727 976 735 .
1004 707 1113 736 Omnes

231 751 280 792 flfli
285 750 466 795 scripserunt
476 756 640 786 Romanum
659 753 789 794 libellum
801 777 812 793 ,
836 753 870 786 (θ’
880 753 1027 787 dederunt
1036 751 1113 785 hunc

231 799 415 844 sancffiffimis
429 807 556 845 Vtcariis
566 807 711 844 Romanis
722 809 813 845 etiam
828 813 893 839 cum
899 800 1111 852 subscriptione

231 860 262 891 te
286 858 346 886 ium
356 877 364 886 .

254 852 407 942 stOmnis
426 904 579 946 profeffio
589 905 627 940 fit
639 903 673 936 in
687 903 819 936 dextera
838 901 974 946 alicujus
987 911 1087 935 manu
1101 925 1108 932 .

230 949 278 986 Bt
286 951 371 996 apud
383 952 524 994 gentiles
535 952 568 985 ὅ(
578 951 661 995 apud
674 951 879 990 Christianos
891 978 898 985 .
918 952 1010 986 Hinc
1022 950 1109 996 apud

231 997 396 1042 Iustinum
416 1001 537 1035 Darius
546 999 714 1038 Persarum
729 1002 803 1036 Rex
824 1002 869 1036 ait
882 1006 1045 1041 Dexteram
1057 1003 1109 1045 effe

230 1053 348 1082 unicum
358 1049 656 1094 Regiaefideipignus
667 1075 673 1088 ,.
699 1052 743 1085 Et
754 1049 916 1087 Nebridio
925 1051 1107 1092 Galliarum

229 1097 378 1136 Praetorii
388 1099 539 1135 Praefecto
554 1125 564 1140 ,
589 1102 624 1134 in
645 1100 858 1143 periclitantis
881 1102 951 1136 vitae
961 1103 1107 1141 securita-

231 1157 298 1186 ,tem
319 1149 496 1193 postulanti
516 1149 574 1183 fibi
587 1150 707 1194 porrigi
720 1151 909 1192 dexteram,
934 1151 1126 1196 respondet.¹
1170 1158 1193 1196 g

53 1205 214 1241 Lar-cao,
226 1199 316 1242 apud
338 1198 555 1236 Ammianum
565 1199 795 1239 Marcellinum
807 1201 955 1246 Julianus
970 1200 1105 1245 Aposta-

227 1256 262 1282 ta
285 1247 471 1294 Augustus:
499 1250 589 1293 ‚Quid
606 1255 709 1283 amicis
730 1256 902 1292 precipuum
918 1249 1102 1297 servavero,

218 1296 291 1341 fitu
301 1309 422 1334 manum
446 1310 542 1336 meam
564 1302 717 1344 tetigeris?
743 1300 878 1341 Petere,
904 1301 999 1341 date,
1024 1303 1104 1339 acci-

223 1359 302 1392 pere
313 1373 325 1390 ,
350 1349 459 1385 fallere
472 1348 636 1385 dexteram
653 1349 905 1396 frequentissime
920 1350 1005 1397 leges
1013 1352 1101 1396 ⁴apud

222 1399 378 1443 antiquos
398 1399 595 1444 Scriptores,
621 1400 733 1444 estque
755 1398 841 1434 idem
862 1401 950 1445 quod
976 1412 1102 1447 petere,

222 1447 319 1488 dare,
343 1449 511 1493 accipere,
535 1450 646 1487 fallere
663 1449 784 1489 fidem,
807 1460 847 1487 ex
859 1451 1003 1495 apposito
1027 1451 1102 1485 dex-

221 1504 297 1532 terae
311 1498 417 1541 sigillo
427 1499 544 1535 factam
564 1497 791 1535 inviolabilem
803 1509 840 1531 ac
852 1499 1084 1533 sacrosanctam
1093 1524 1100 1531 .

220 1545 317 1583 Hinc
328 1545 413 1590 apud
427 1547 567 1582 Lucium
582 1546 718 1581 Florum
729 1545 842 1582 Part-hi
854 1547 965 1582 Crasso
980 1548 1100 1583 Rorna-

219 1607 341 1631 norum
354 1596 513 1634 consuli,
538 1596 628 1638 quod
649 1595 800 1630 faederum
820 1595 918 1630 fidem
930 1597 1076 1632 violasset
1089 1622 1100 1642 ‚
1114 1635 1116 1638 ,

227 1645 396 1680 dexteram
410 1670 422 1687 ‚
448 1656 511 1689 qua
522 1644 612 1679 illam
625 1644 794 1687 stipulatus
805 1645 930 1687 fuerat,
954 1639 1116 1709 amputa-ff

218 1703 299 1730 runt
311 1719 319 1727 .
347 1694 392 1730 Et
402 1694 527 1730 dudum
547 1693 655 1738 postea
666 1693 832 1730 Rudolfus
845 1695 964 1731 Sireviae
981 1696 1062 1731 Dux
1079 1696 1097 1734 a

219 1743 388 1790 Gregorio
409 1743 732 1790 septimo-pontifice
749 1743 900 1782 adversus
913 1746 1096 1782 Henricum

218 1804 370 1837 quartum
381 1794 574 1829 constitutus
586 1794 763 1838 Imperator
772 1818 784 1835 ‚
809 1794 845 1830 in
856 1795 964 1838 praelio
976 1797 1078 1830 vietus
1085 1821 1096 1838 ,

216 1854 259 1877 nc
274 1855 317 1878 ex
337 1845 472 1880 dexterae
494 1855 610 1879 manus
631 1844 764 1881 vulnere
779 1843 987 1888 postmodum
1012 1857 1095 1878 mor-

217 1901 295 1927 tuus
306 1915 318 1933 ,
342 1896 452 1929 casum
463 1895 556 1928 suurn
568 1894 698 1930 violatae
707 1919 717 1935 ,
732 1905 830 1937 quam
841 1904 940 1928 manu
951 1895 1009 1927 ista
1024 1904 1094 1937 pro-

216 1943 314 1978 fessus
326 1942 478 1977 Henrico
489 1944 595 1978 fuerat
604 1966 617 1982 ‚
642 1943 850 1985 subjectionis
864 1943 940 1976 fidei
955 1943 1031 1977 tulit
1043 1954 1094 1977 ac-

216 2002 375 2036 ceptum.
402 1991 453 2026 Ita
470 1992 512 2026 *in
536 1992 724 2026 Sclavorum
744 1991 902 2028 chronico
923 1992 1095 2035 Presbyter

215 2040 429 2077 Hemboldus
441 2039 586 2074 'testatur-
624 2040 718 2076 Hinc
730 2041 810 2076 item
830 2040 870 2074 de
881 2042 981 2075 Petro
1001 2042 1035 2075 &
1047 2042 1095 2084 Ja-

214 2089 302 2125 cobo
311 2089 435 2125 Sanctis
448 2087 619 2133 Apostolis
632 2087 740 2122 scribit
760 2089 800 2122 ad
815 2089 950 2123 Galatas
961 2091 1094 2125 Sanetus

214 2139 338 2175 Paulus
351 2152 359 2173 ι
386 2143 534 2174 Dexteras
550 2139 693 2173 dederunt
706 2136 790 2171 mihi
801 2139 836 2173 Q?
848 2139 991 2182 Barnabq
1008 2137 1095 2182 socie-

212 2195 309 2224 tatis.
337 2189 484 2233 Exponit
505 2188 540 2222 in
561 2186 841 2232 Praescriptionum
863 2187 948 2223 libro
960 2189 1093 2224 Tertul-

213 2240 341 2274 lianus:
370 2243 532 2274 Dexteram
542 2239 686 2272 dederunt
690 2236 804 2282 fignum
816 2240 963 2281 concordie
981 2240 1016 2273 (a'
1027 2251 1091 2274 con-

214 2295 377 2332 venientiq.
412 2289 456 2324 Et
479 2290 515 2324 in
534 2288 671 2333 Synodo
693 2288 951 2323 Claromontana
979 2290 1089 2324 statuit

214 2339 376 2375 Urbanus
396 2338 554 2374 secundus
575 2338 730 2372 Pontifex
748 2349 756 2369 :
784 2342 835 2371 Ne
858 2337 1019 2382 Episcopus
1038 2340 1091 2374 vel

211 2390 354 2423 Sacerdos
366 2393 438 2432 Regi
449 2389 501 2423 vel
509 2389 596 2422 alicui
607 2391 695 2422 Laic'o
706 2394 738 2421 in
749 2387 887 2422 manibus
902 2391 1006 2432 ligiam
1014 2390 1087 2433 fidess

211 2440 328 2472 litatem
343 2438 455 2481 faciat.
484 2437 648 2481 Exprimit
672 2439 802 2472 causam
819 2438 903 2481 apud
916 2438 1085 2483 Rogerum

210 2487 444 2523 Hovedensem
458 2502 468 2521 :
497 2493 613 2522 Nimis‘
629 2487 788 2522 execrabile
809 2489 955 2527 videtur,
980 2498 1012 2521 ut
1024 2501 1084 2523 ma-

209 2550 269 2571 nus
287 2562 298 2578 ‚
325 2548 381 2580 que
403 2544 436 2571 in
456 2544 572 2570 tantam
596 2543 784 2571 eminentiam
802 2546 996 2571 ,excreverant
1016 2557 1027 2577 ·,
1051 2549 1084 2572 ut
1104 2553 1106 2555 ·

209 2589 289 2630 quod
309 2588 381 2621 nulli
406 2589 575 2630 Angelorum
599 2591 748 2631 conceffum
769 2587 808 2627 est
826 2612 837 2628 ,
865 2590 960 2620 Deum
981 2589 1083 2621 cundia

208 2646 360 2671 creantem
362 2635 414 2680 suo
417 2635 564 2681 signaculo
584 2647 712 2678 creent,
726 2638 903 2672 &eumdem
923 2636 1082 2680 ipfiimpro

207 2685 305 2730 salute
326 2692 416 2720 totius
444 2688 546 2720 mundi
569 2690 626 2721 Dei
638 2690 741 2721 Patris
766 2686 914 2720 obtutibus
928 2686 1084 2728 offerant,

209 2742 244 2769 in
255 2736 331 2770 hanc
340 2742 494 2780 ignaviam
510 2738 562 2771 vel
563 2736 725 2778 flultitIam
736 2738 936 2771 detrudantur
949 2761 960 2778 ‚
987 2746 1020 2770 ut
1032 2750 1085 2770 an-

208 2787 285 2819 cillae
293 2785 368 2827 fiant
375 2788 639 2829 emum‘manuum,
650 2787 705 2829 que
719 2787 781 2821 dies
790 2788 827 2820 6·
838 2786 934 2820 nolles
945 2786 1081 2830 obscoenis

209 2835 393 2869 contafflbus
406 2837 605 2879 in'qmnantur
615 2859 627 2876 ‚
646 2837 710 2879 five
720 2842 833 2879 rapinis
846 2848 880 2869 ac
889 2837 1005 2879 injustae
1013 2837 1083 2881 san-

207 2889 309 2928 guinir
319 2884 571 2928 effufioniaddic‘lf
582 2888 786 2921 maculantur.
815 2887 906 2922 Dum
930 2888 1001 2931 quis
1014 2888 1082 2922 sut>

210 2934 385 2977 jestionem
408 2935 683 2971 &obedientiam
707 2937 875 2980 profitetur
900 2962 911 2978 ‚
949 2948 1082 2973 manum

207 2984 298 3018 suam
320 2985 434 3018 alienae
457 2987 568 3020 manui
581 2987 725 3030 implicat
747 2986 780 3020 &
794 2987 968 3030 supponit,
996 2988 1084 3021 ided-

208 3044 273 3077 que
296 3033 331 3067 &
350 3032 494 3068 ancillari
510 3046 512 3049 ·
526 3036 637 3071 facit.-
664 3038 790 3072 Sacram
810 3047 920 3070 autem
942 3039 1080 3080 profanae

208 3084 323 3118 manui
348 3082 507 3128 implicari
541 3086 576 3119 ἀ
600 3087 747 3121 ancillari
772 3087 819 3122 est
845 3087 974 3131 penitus
1001 3087 1083 3122 indi·

202 3143 314 3179 gnum
329 3158 335 3165 .

257 3183 351 3218 Hinc
371 3184 472 3229 igitur
495 3185 638 3229 quaesivit
656 3186 761 3221 nostra
773 3186 946 3230 synodus,
972 3190 1026 3222 cui
1047 3189 1081 3223 &

206 3232 244 3267 ἰιι
251 3234 344 3276 cujus
358 3234 505 3269 manibus
516 3235 590 3279 lapsi
603 3236 637 3269 in
648 3235 848 3271 Photianum
860 3237 992 3271 schisma
1005 3239 1079 3281 Epi-

207 3283 296 3327 scopi
319 3285 352 3318 &
364 3284 483 3319 Clerici
497 3284 651 3320 deberent
672 3286 814 3330 profiteri
829 3287 1080 3330 poenitentiam?

207 3329 391 3377 Respondit
406 3335 482 3370 vero
495 3334 679 3370 Patriarcha
698 3336 865 3380 ignatius:
893 3338 1026 3371 Ponatur
1044 3339 1079 3371 li-

202 3378 298 3415 bellus
314 3382 403 3429 super
425 3384 555 3430 pretiosa
564 3386 646 3431 ligna
665 3384 811 3430 &sanila
829 3388 1018 3431 Evangelia,
1044 3389 1078 3422 (δ’

1891 189 1984 236 375

1175 248 1217 291 fic
1234 260 1301 283 eum
1320 254 1493 291 accipiant,
1516 252 1633 285 &dent
1654 255 1727 288 mibi
1748 282 1755 290 .
1781 256 1910 294 Placuit
1932 258 1996 295 hoc
2020 261 2055 296 δι

1182 299 1343 339 Romanis
1353 299 1386 334 δε
1399 300 1624 338 Orientalibus
1631 302 1764 346 Legatis
1774 330 1785 346 ,
1808 319 1909 353 atque
1919 310 1964 343 ita
1974 321 2053 345 mox

1177 357 1320 396 ponentes
1333 347 1475 392 Episcopi
1487 351 1617 385 libellum
1623 350 1713 395 super
1718 350 1827 395 sanda
1839 361 2008 404 Evangelia
2019 361 2053 393 (9

1175 398 1305 442 pretiosa
1326 400 1410 443 ligna
1430 424 1441 440 ,
1470 402 1505 434 Ca·
1524 401 1630 437 ,rursus
1646 400 1798 444 sumentes
1813 415 1882 438 eum
1904 411 2052 442 dederunt

1179 453 1294 493 ignatio
1314 449 1492 489 saniliffimo
1514 450 1707 490 Patriarcbae
1742 453 2025 497 constantinopoleos
2043 483 2054 499 ,

1177 498 1294 543 infiiper
1305 498 1746 548 Patriarchastiperhumeralia
1756 504 1886 537 tradidit
1896 510 1942 540 eis
1956 529 1964 537 .
1986 506 2054 540 Pri-

1175 547 1232 583 mo
1245 559 1355 587 autem
1366 549 1517 584 omnium
1537 551 1626 585 dedit
1637 551 1825 590 Theodoro
1851 554 2055 599 ¹Stauropoli·

1176 608 1254 633 rano
1266 599 1430 643 Episcopo
1444 624 1454 639 ,
1472 600 1576 638 Cariae
1588 602 1806 646 Metropolitae
1818 627 1828 643 ‚
1855 605 1889 638 &
1901 604 1986 639 dixit
1999 607 2029 639 ei
2047 619 2054 638 :

1176 653 1251 683 Ecce
1259 648 1462 692 sanusfat‘lus
1472 662 1505 689 es
1522 674 1534 691 ,
1551 652 1623 692 jam
1633 651 1692 684 noli
1696 659 1816 697 peccare
1827 677 1838 693 ,
1866 665 1902 687 ne
1920 656 2051 689 deterius

1175 699 1229 731 tibi
1239 700 1360 741 aliquid
1373 699 1450 741 fiat.
1478 701 1516 740 ln
1530 701 1683 738 Sanstum
1706 700 1892 746 Ignatium,
1922 705 2055 741 fastam-

1178 748 1294 792 quein
1326 747 1393 791 ejus
1415 750 1566 788 manibus
1593 750 1821 795 professionem
1856 755 2053 796 praevaricati

1177 800 1304 833 fuerant
1315 799 1493 836 consecrati
1506 800 1548 834 ab
1569 801 1639 844 ipso
1652 801 1823 844 Episcopi,
1850 803 1990 847 ideoque
2002 806 2051 839 di-

1177 858 1278 891 gnum
1290 848 1354 882 fuit
1374 859 1412 884 ac
1422 848 1542 892 justum
1554 874 1565 890 ‚
1582 847 1628 884 'ut
1639 850 1673 884 in
1684 851 1825 894 ejusdem
1839 853 1989 887 manibus
2002 855 2051 888 lae-

1176 897 1242 930 sam
1261 896 1456 933 obedientia»,
1482 900 1712 943 professionem
1742 913 1829 936 nova
1851 904 2049 947 poenitentiae

1174 948 1368 990 profeffione
1377 959 1590 990 renovarent,-
1619 951 1717 990 Recte
1738 952 1867 986 libellus
1887 954 2050 992 sacrosan·

1174 998 1232 1031 stis
1255 997 1446 1041 Evangeliis
1471 1000 1505 1033 ὅ(
1527 999 1697 1036 benedicto
1719 1003 1904 1042 Dominicae
1929 1004 2048 1040 Crucis

1172 1046 1267 1091 ligno
1288 1047 1350 1081 fuit
1361 1047 1570 1091 superpositus
1581 1062 1593 1082 .-
1618 1049 1777 1085 Profeffio
1786 1053 1876 1089 enim
1887 1052 1932 1086 est
1944 1054 2047 1090 solen-

1173 1096 1292 1131 niffimi
1303 1097 1475 1141 juramenti
1495 1099 1633 1141 species,
1659 1098 1694 1132 ὅ(
1714 1100 1804 1143 super
1825 1103 1931 1136 sansta
1943 1102 2050 1137 Evan-

1194 1147 1255 1182 elia
1269 1143 1307 1182 ac
1316 1147 1532 1183 Dominicam
1543 1149 1796 1191 Crucemjurare
1820 1152 1865 1185 est
1880 1152 2047 1186 vetustissi-

1170 1209 1225 1234 ma
1252 1197 1513 1236 Christianorum
1533 1199 1736 1237 consuetudo
1760 1225 1768 1232 .
1796 1199 1942 1237 Amissus
1964 1201 2045 1239 item

1171 1247 1383 1292 Episcopatus
1392 1249 1475 1289 reste
1486 1249 1631 1288 redditur
1642 1261 1695 1294 per
1706 1248 1828 1285 reddita
1839 1251 1872 1284 su
1876 1250 1975 1295 perhu
1981 1263 2047 1286 me·

1169 1299 1248 1332 ralia
1258 1300 1310 1333 seu
1325 1299 1423 1344 pallia
1434 1325 1441 1332 .
1470 1299 1517 1334 lta
1530 1298 1570 1335 de
1591 1295 1759 1338 Re'rnenfis
1769 1300 1957 1335 Dioeceseos
1969 1302 2044 1345 Epi-

1167 1348 1273 1392 scopis
1283 1349 1318 1383 in
1328 1345 1415 1383 'male
1427 1360 1595 1394 acceptum
1609 1351 1836 1394 Episcopatum
1849 1350 1889 1389 ab
1901 1351 2043 1386 Ebbone

1167 1397 1381 1440 Metropolita
1402 1399 1556 1437 restitutis
1577 1399 1683 1438 scribit
1704 1401 1743 1438 ad
1768 1400 1921 1437 Sanstum
1940 1401 2046 1436 Nico-

1166 1446 1255 1480 laum
1278 1447 1476 1483 Pontificem
1496 1451 1695 1483 Francorum
1720 1450 1794 1483 Rex
1817 1450 1952 1483 Carolus
1969 1451 2044 1484 Cal-

1166 1506 1247 1528 vus:
1276 1497 1405 1529 Annulos
1431 1497 1588 1534 &baculos
1613 1501 1646 1532 (5·
1654 1498 1718 1541 suae
1732 1497 1958 1539 confirmationis
1971 1498 2044 1542 scri-

1159 1553 1220 1587 pta
1233 1568 1243 1584 ,
1269 1557 1346 1578 more
1375 1546 1556 1580 Gallicarum
1578 1548 1787 1588 Ecclefiarum‚
1814 1548 1853 1580 ab
1879 1560 1911 1582 eo
1931 1558 2043 1591 accepe-

1162 1602 1232 1629 runt
1258 1617 1264 1624 .
1310 1594 1425 1628 Exstat
1447 1595 1592 1639 Epistola
1616 1597 1700 1639 apud
1721 1597 1878 1639 Iacobum
1899 1598 2044 1632 Sirmon·

1162 1642 1241 1676 dum
1262 1644 1297 1677 in
1322 1643 1461 1687 synodo
1484 1645 1664 1682 Tricassina
1679 1671 1686 1678 .
1714 1644 1809 1680 'Dicit
1823 1672 1832 1687 ,
1859 1649 2042 1682 Gallicarum
2062 1684 2071 1687 ,

1162 1690 1354 1734 Ecclelt‘arum
1364 1705 1460 1731 more:
1487 1694 1621 1733 Etenim
1645 1694 1730 1740 apud
1745 1695 1882 1730 Latinos
1906 1697 2061 1732 baculus-

1160 1742 1193 1777 &
1205 1743 1345 1781 annulus
1355 1767 1365 1784 ,
1388 1743 1478 1788 apud
1491 1745 1622 1779 Graecos
1633 1744 1889 1790 superhumerale
1910 1748 1964 1779 seu
1975 1747 2042 1788 pal-

1160 1792 1241 1827 lium
1267 1794 1343 1828 sunt
1378 1794 1574 1838 praecipuum
1597 1804 1830 1828 ornamentum
1862 1793 2040 1838 Episcopi,

1159 1838 1301 1882 ideoque
1313 1851 1491 1883 percorum
1503 1839 1670 1876 dationem
1696 1842 1937 1880 &ablationem
1960 1845 2041 1880 sole-

1152 1887 1215 1922 :bat
1236 1889 1318 1923 olim
1343 1889 1515 1932 apudillos
1532 1893 1604 1934 quis
1617 1892 1813 1935 Episcopatu
1837 1893 1872 1926 δε
1894 1895 2039 1931 investiri

1159 1938 1193 1971 &
1207 1938 1363 1981 expoliari
1376 1962 1381 1968 .
1408 1939 1457 1971 lta
1470 1939 1640 1974 investitus
1652 1943 1855 1975 Theodorus
1866 1943 2038 1987 Metropo-

1159 1986 1216 2021 lita
1241 1987 1309 2030 egit
1331 1986 1463 2031 Ignatio
1482 1989 1621 2032 gratias,
1650 1990 1683 2023 ὅ(
1706 1990 1809 2025 dixit:
1838 1993 2045 2036 confugimus.

1158 2036 1403 2070 adsanci'itaeem
1424 2048 1508 2077 tuam
1531 2046 1595 2072 tota
1605 2045 1708 2072 anima
1731 2042 1870 2074 &mente
1893 2045 2007 2077 munda
2022 2067 2035 2084 ,

1158 2087 1310 2120 tradentes
1317 2091 1440 2129 propria
1453 2100 1544 2122 manu
1566 2089 1698 2127 libellum
1709 2091 1896 2132 Confeffionis
1909 2092 2010 2131 nostrae
2017 2116 2029 2133 ,

1157 2137 1191 2174 ᾧ·
1198 2135 1368 2179 profitenter
1380 2136 1468 2180 usque
1479 2140 1523 2171 ad
1532 2148 1625 2173 totam
1636 2145 1733 2174 vitam
1745 2141 1869 2181 nostram
1880 2140 2033 2185 conserva-

1152 2186 1210 2226 re,
1235 2198 1300 2229 quae
1319 2187 1378 2220 illic
1384 2186 1498 2230 scripta
1503 2187 1597 2231 sunt,
1622 2190 1807 2233 inconvulsa.
1840 2190 1883 2226 Et
1895 2191 2035 2227 Patriar-

1156 2234 1216 2269 cha
1230 2250 1241 2269 .-
1267 2238 1345 2271 Ecce
1349 2235 1473 2285 fitfiipio
1495 2250 1549 2271 vos
1563 2262 1574 2278 ,
1588 2238 1666 2282 ficus
1679 2239 1838 2283 misericors
1861 2242 1896 2274 (ct
1907 2242 2032 2276 benevo-

1153 2287 1201 2318 lus
1213 2289 1302 2320 Pater
1321 2289 1475 2330 prodigum
1489 2290 1603 2321 Filium
1609 2288 1697 2332 ficum
1720 2289 1870 2331 reversam
1888 2292 1931 2323 ad
1935 2297 2037 2333 poeni-¹

1152 2342 1298 2369 tentiam.
1326 2339 1486 2378 Propterea
1500 2343 1570 2379 quia
1597 2338 1744 2382 &sanc‘la
1764 2344 1959 2374 Romanorum
1971 2345 2031 2375 Ec-

1151 2435 1296 2478 vestram,
1322 2436 1426 2481 quibus
1447 2439 1481 2471 (9·
1493 2440 1742 2480 concordaverunt
1758 2448 1847 2481 ctiam
1860 2443 2027 2475 Orientales

1149 2487 1256 2518 Sedes.
1284 2486 1412 2522 Eodem
1427 2487 1528 2522 modo
1552 2488 1753 2523 fecerunt&
1773 2491 1826 2523 alii
1853 2490 1924 2533 lapfi
1948 2491 2032 2534 Epie

1149 2536 1235 2578 scopi
1250 2549 1260 2569 .·
1288 2539 1332 2569 Et
1341 2537 1494 2579 postquam
1504 2547 1677 2580 acceperant
1682 2538 1937 2581 superhumeralia
1943 2538 1968 2581 s
1963 2553 2001 2573 ua
2014 2564 2026 2580 ,

1140 2583 1280 2626 sederunt
1294 2585 1402 2629 singuli
1414 2592 1446 2619 in
1458 2589 1559 2621 ordine
1575 2586 1648 2631 suo.
1677 2588 1808 2632 Utpote
1829 2588 1861 2622 in
1884 2589 2023 2632 gradum

1148 2634 1370 2679 Episcopalem
1383 2635 1538 2674 restituti.
1738 2635 1741 2639 ’

1194 2683 1248 2718 Ad
1263 2686 1401 2720 anetam
1413 2687 1585 2731 Synodum
1613 2688 1750 2731 perrexit
1771 2688 1812 2722 de
1834 2689 1925 2732 lapsis
1937 2687 2021 2723 Pres-

1146 2733 1413 2777 byteris··Paulus
1433 2735 1706 2781 Carthophylax:
1735 2738 1889 2781 Postquam
1912 2739 2022 2782 ingreffi

1140 2783 1212 2827 sunt
1235 2784 1501 2830 in'hancsandiam
1516 2788 1654 2825 synodum
1666 2786 1823 2830 Episcopi,
1850 2794 1900 2830 qui
1912 2789 2024 2822 cecide-

1144 2843 1215 2868 runt
1227 2859 1237 2874 ‚
1260 2845 1318 2869 ecce
1326 2836 1421 2882 prffo
1430 2835 1504 2879 sunt
1526 2837 1560 2871 δε
1574 2837 1759 2877 Presbyteri,
1783 2837 1927 2872 habentes
1942 2849 2021 2874 eum-

1145 2886 1211 2920 dem
1220 2885 1349 2921 libellum
1361 2910 1372 2926 ‚
1398 2887 1432 2921 δε
1444 2896 1579 2930 rogantes
1591 2886 1786 2921 sanititatem
1805 2887 1934 2928 vestram
1944 2913 1953 2927 ,
1984 2895 2019 2922 ut

1143 2940 1253 2969 intrent
1263 2942 1296 2969 in
1308 2935 1384 2971 hanc
1392 2935 1531 2980 sanilam
1543 2938 1682 2977 synodum
1695 2949 1702 2969 :
1729 2939 1819 2981 ‚Quid
1829 2950 1896 2981 ergo
1919 2940 2021 2979 placet

1142 2982 1322 3019 Sanc‘iitati'fl
1334 2985 1466 3028 vqstrae?
1492 2986 1637 3029 Rogavit
1651 2988 1824 3033 Synodus‚
1852 2990 1948 3029 Cujus
1958 2999 2021 3020 con-

1137 3034 1327 3080 secrationem
1348 3036 1491 3071 haberent
1513 3059 1523 3075 ,
1559 3036 1594 3069 <Sc
1615 3037 1728 3071 audito
1755 3037 1843 3082 quod
1857 3038 1880 3074 ,a
1904 3038 2021 3072 Sanfio

1143 3085 1273 3130 Ignatio
1297 3093 1353 3120 aut
1376 3086 1491 3119 Sancto
1504 3083 1681 3120 Methodio
1702 3089 1801 3122 essent
1818 3087 2018 3125 consecrati,

1143 3135 1324 3179 respondit:
1351 3139 1482 3169 Intrent.
1508 3134 1642 3170 Intravit
1655 3148 1730 3171 cum
1745 3138 1897 3178 undecim
1910 3134 2017 3178 Colle.

1144 3186 1222 3230 legis
1261 3183 1413 3219 Thomas
1448 3184 1600 3220 Ecclefiae
1641 3185 2015 3232 Constantinopolitanae

1143 3235 1334 3279 Presbyter,
1359 3233 1487 3269 tradens
1496 3234 1642 3273 libellum
1658 3234 1876 3281 poenitentiae,
1898 3236 2014 3276 &iscri-

1143 3285 1221 3319 bens
1234 3284 1380 3319 libellum
1393 3284 1584 3320 Romanum
1596 3311 1608 3328 ,
1632 3288 1853 3332 accipienfirue
1870 3285 2012 3323 orarium

1141 3336 1192 3368 seu
1214 3334 1470 3377 Presbyter-alem
1491 3336 1607 3372 stolam
1626 3336 1668 3371 de
1691 3348 1788 3374 manu
1800 3333 2011 3374 Parriarchae»

1141 3384 1279 3420 dicentis
1288 3384 1328 3420 ad
1340 3395 1396 3419 eos
1407 3397 1418 3418 .-
1445 3385 1610 3431 Cognoftm·
1619 3410 1631 3429 ‚
1654 3393 1727 3429 quia
1738 3399 1833 3423 verax
1826 3384 1924 3477 (5me
1928 3380 2010 3424 sum,

1884 3441 1960 3465 erm0

1151 2384 1229 2426 clefia
1250 2387 1408 2430 benigniori
1431 2387 1535 2429 affec‘lu
1560 2398 1639 2422 mota
1662 2389 1699 2429 est
1721 2402 1789 2434 erga
1813 2394 2028 2426 Reverentiam
