2340 3762
45 1710 163 1750 Captet..

54 2587 97 2619 Ο
118 2606 126 2617 .
144 2595 156 2617 1
183 2603 191 2612 ·

97 2593 118 2627 p
165 2598 190 2651 ι’
228 2638 389 2685 pbemetur
398 2652 501 2674 nomen
512 2639 634 2675 Christi
644 2649 676 2676 in
688 2642 773 2677 nobis
785 2669 796 2685 ‚
815 2643 848 2686 fi
853 2646 930 2687 quid
940 2644 977 2678 de
993 2643 1117 2686 pristino

611 136 924 193 Scupi-115,
960 129 1248 179 etNons
1292 143 1671 181 utus-rann.
1893 145 1986 183 161

229 224 287 275 ad
332 222 575 275 videntium
618 221 929 271 detrimentum
965 255 979 280 ,
1028 215 1137 267 scite
1171 218 1432 280 excogitatis
1467 217 1649 267 nexibus
1689 255 1703 280 ,
1754 220 1968 272 adornant
2021 226 2065 273 &

225 310 497 361 componunt
522 331 536 356 ‚
572 296 615 342 &
650 290 830 341 infirmis
865 291 1022 338 animis
1056 286 1196 338 escam
1231 304 1283 336 ea
1318 289 1488 336 ratione
1523 287 1765 354 objiciunt,
1801 295 2066 343 convenien-

226 365 266 414 ti
299 362 512 433 supplicio
546 360 725 432 paterne
760 377 994 419 curamu33
1042 357 1156 427 ipsos
1191 357 1463 410 instituentes
1514 362 1557 408 &
1591 374 1884 427 temperanter
1918 364 2068 412 vivere

226 433 437 485 docentes
461 472 475 496 ‚
510 449 559 483 ut
594 434 740 483 reneca
776 430 923 480 fraude
961 435 1005 479 &
1040 430 1239 479 vanitate
1280 465 1295 491 ‚
1344 446 1443 496 quae
1462 446 1530 477 vex
1564 433 1749 480 materia
1783 432 1920 480 oritur
1952 466 1966 491 ‚
2013 430 2070 479 ad

226 508 367 557 exitio
401 519 617 556 carentem
656 504 918 568 beatamque
951 503 1090 550 vitam
1117 537 1130 560 ,
1167 514 1357 548 mentem
1394 498 1552 548 affidue
1588 499 1820 550 traducant
1853 538 1867 563 ‚
1906 504 1950 550 &
1985 502 2071 550 1η..

227 578 389 626 timore
435 592 587 644 puram
634 578 678 624 δε
724 572 909 623 [αηᾶεῑῐι
960 568 1334 622 conversationem
1371 567 1560 618 habeant
1605 589 1619 627 3
1656 574 1699 620 &
1734 576 1837 621 Deo
1860 608 1875 632 ‚
1921 569 2070 638 quoad

227 651 321 712 ejus
355 643 448 697 fieri
494 644 639 714 'potest
673 681 687 707 ‚
739 642 1093 710 appropinquent
1127 658 1205 707 per
1238 642 1343 690 vitae
1378 641 1615 707 puritatem
1654 659 1695 698 3.
1721 643 1765 689 &
1810 644 2072 690 internum-,s

227 717 370 779 magis
404 733 540 783 quam
574 730 797 775 externum
834 713 1057 762 hominem
1091 710 1327 763 virtutibus
1372 715 1415 760 &
1452 709 1580 761 bonis
1615 709 1939 778 inculpatisque
1976 727 2071 761 rno-

226 786 348 837 ribus
382 801 630 844 exornent3
667 801 717 839 ut
751 784 890 833 nullas
926 785 974 835 in
996 781 1050 838 ‚se
1085 779 1227 831 ferant
1260 781 1467 847 reliquias
1502 778 1733 832 diabolicae
1756 780 2068 849 perverfitatis.

226 857 273 909 Si
319 858 420 922 quis
463 871 611 912 autem
657 871 812 922 praeter
857 854 975 905 hunc
1010 853 1242 908 Canonem
1287 848 1482 903 versatus
1529 849 1659 903 fuerit
1698 888 1712 914 ,
1775 853 2072 903 excommuni-

229 938 353 977 cetur
375 960 390 975 .

386 1089 912 1146 ’ὃσΗοιῙοικμ
1123 1095 1136 1291 ἱ

335 1248 525 1283 'Ortuorum
545 1247 670 1291 capillis
680 1248 745 1283 sese
765 1257 882 1281 ornare
891 1245 937 1282 est
958 1248 1111 1292 antiquus

368 1298 553 1333 Graecatum
572 1299 749 1333 mulierum
772 1296 871 1331 fastus
904 1309 942 1332 ac
967 1298 1112 1339 abusus,

227 1350 381 1384 adversus
390 1359 488 1392 quern
508 1347 618 1382 scribit
639 1349 788 1382 trastatus
799 1347 936 1382 Parrum
959 1348 1115 1383 Praedica-

227 1409 342 1434 torum
362 1397 773 1441 constantinopolitanus.
800 1398 941 1429 Mulieres
957 1421 968 1437 ‚
997 1398 1114 1439 deserto

228 1449 361 1481 naturali
369 1447 449 1478 cultu
467 1447 639 1487 capillorum
652 1469 663 1484 ,
689 1451 779 1478 eomls
792 1453 971 1477 mortuorum
993 1445 1116 1486 denfiffl-

227 1503 286 1529 mis
307 1494 511 1539 subornantur
530 1518 541 1534 ,
566 1501 669 1528 contra
695 1498 884 1526 monitionem
911 1493 995 1527 beati
1026 1498 1113 1528 Petri

225 1545 351 1589 Apostoli
364 1569 375 1586 ,
400 1545 526 1578 dicentis
539 1558 550 1578 .·
576 1542 889 1579 MULIERIBUS
910 1543 1019 1580 NON
1032 1545 1108 1579 SIT

225 1593 574 1630 EXTRINSECUS
593 1592 952 1629 CAPILLATURA
975 1619 982 1626 .
1010 1595 1114 1630 Eum·

226 1645 306 1680 dem
325 1643 413 1688 apud
423 1645 562 1678 Latinas
582 1643 733 1678 mulieres
752 1643 918 1677 excessum
945 1644 1055 1690 culpat
1078 1645 1114 1679 in

227 1693 318 1729 libro
336 1695 378 1729 de
397 1694 601 1728 faeminarum
622 1693 714 1728 cultu
735 1692 965 1728 Tertullianus
988 1719 994 1726 .
1025 1696 1117 1739 ,Quid

223 1752 320 1777 tanta
329 1744 493 1778 ordinandi
502 1749 593 1777 crinis
605 1741 757 1786 operofitas
767 1741 945 1786 adsalutem
964 1743 1053 1787 subm
1059 1750 1116 1778 ini-

218 1793 303 1837 strat
313 1794 331 1826 ,Ρ
357 1794 454 1836 ,Quod
460 1793 591 1827 crinibus
602 1793 709 1834 vestris
720 1792 861 1837 quiefhere
877 1805 935 1826 non
945 1794 1015 1827 licet
1028 1818 1039 1835 ,
1059 1806 1114 1827 mo-

227 1846 269 1878 do
288 1842 452 1887 substric‘lis
474 1868 485 1884 ‚
511 1844 596 1877 modo
616 1845 766 1877 relaxatis
789 1867 799 1883 ,
826 1845 912 1876 modo
932 1842 1091 1887 ficftltatis
1103 1868 1115 1885 ,

230 1894 316 1928 modo
326 1892 401 1936 elisis
412 1919 419 1926 .
447 1894 522 1928 Aliae
527 1892 654 1939 gestiunt
664 1898 697 1926 in
707 1898 857 1927 cincinnos
869 1904 996 1927 coercere
1007 1918 1018 1934 ,
1044 1895 1115 1928 aliae

229 1952 266 1979 ut
275 1949 349 1987 vagi
366 1945 401 1980 (5
412 1945 545 1977 volucres
556 1943 718 1978 elabantur
736 1954 797 1976 non
809 1943 886 1977 bona
901 1941 1096 1986 fimplicitate
1107 1969 1115 1976 .

230 1994 358 2038 Affigitis
364 1994 516 2036 praetere'a
533 1992 625 2038 neftio
634 2004 711 2037 quas
723 1999 916 2028 enormitates
921 1993 1057 2038 sutilium
1071 2003 1118 2027 at-

229 2053 288 2087 que
298 2044 448 2077 textilium
465 2044 740 2085 capillamentorum
753 2068 764 2084 ‚
792 2055 867 2076 nune
884 2049 917 2076 in
938 2046 1036 2087 galeri
1059 2057 1117 2077 mo-

231 2093 328 2131 dum,
351 2091 435 2135 quast
438 2098 584 2136 vaginam
604 2097 712 2134 capitis
733 2094 944 2135 &operculum
966 2100 1092 2126 verticis
1106 2118 1118 2133 ‚

234 2147 503 2176 nuncincervlcem
521 2140 780 2187 retrosuggestum.
810 2143 842 2175 5i
854 2154 912 2176 non
920 2143 1017 2185 pudet
1038 2154 1119 2177 enor-

233 2198 374 2233 mitatis,
395 2192 512 2233 pudeat
520 2196 736 2235 inquinamenti
757 2206 769 2226 .·
795 2197 848 2226 Ne
869 2199 1000 2226 exuvias
1026 2193 1117 2226 alieni

233 2246 366 2285 capitis,
385 2241 495 2285 forsan
506 2243 674 2283 immundi,
692 2242 808 2284 forsan
817 2249 946 2277 nocenm
968 2242 1118 2287 &gehen-

232 2303 287 2326 nae
297 2291 454 2331 destinati,
475 2291 582 2333 sanRo
601 2294 636 2327 o·
646 2291 815 2334 christiano
822 2299 913 2336 capiti
922 2291 1114 2336 supparem.

232 2344 329 2374 Immo
339 2353 453 2376 omnem
463 2341 539 2374 hanc
544 2351 669 2376 ornatus
686 2341 867 2386 servitutem
879 2346 899 2375 ἃ
908 2343 996 2376 libero
1020 2350 1117 2386 capite

235 2391 391 2432 depellite.
418 2391 546 2431 Frustra
557 2392 704 2426 laboratis
725 2403 841 2427 ornatae
852 2394 975 2434 videri,
993 2393 1113 2435 frustra

229 2440 414 2484 peritiffimos
424 2439 547 2485 quosque
551 2440 707 2481 struc‘lores
728 2444 918 2486 capillaturae
939 2443 1091 2477 adhibetis
1105 2458 1116 2477 .·

234 2493 320 2523 Deus
332 2502 386 2524 vos
397 2493 498 2524 velari
499 2492 590 2533 jubet
600 2516 608 2525 .
637 2493 681 2526 Et
691 2492 886 2538 quibusdam
899 2493 1067 2528 nobilibus
1078 2506 1116 2528 ac

232 2540 403 2583 opulentis
413 2541 604 2576 mulieribus
613 2567 624 2584 ,
651 2554 752 2587 nuper
765 2543 806 2578 ad
825 2542 923 2579 fidem
936 2555 976 2579 ex
985 2544 1115 2588 gentili-

229 2598 305 2624 tate
324 2591 507 2632 convertis,
534 2590 673 2636 ideoque
691 2593 930 2638 excipientibus
944 2618 954 2634 ,
977 2598 1030 2628 Ne
1043 2592 1116 2637 blaefi

1178 1097 1243 1129 dit.
1271 1090 1484 1131 Peritiffimos
1495 1093 1571 1131 illos
1582 1095 1780 1141 capillatura:
1790 1095 1958 1131 strucstores
1987 1096 2021 1129 in
2035 1093 2072 1128 li-

1179 1147 1244 1180 bris
1255 1146 1295 1180 ad
1309 1157 1446 1180 uxorem
1468 1158 1565 1181 vocat
1579 1150 1776 1181 Germanicos
1790 1149 1919 1189 Bajulos
1934 1171 1946 1188 ‚
1974 1146 2008 1180 &
2020 1153 2074 1187 pr·
2093 1157 2153 1186 L„
2175 1164 2232 1189 c·4·

1180 1201 1306 1240 regrinae
1314 1201 1506 1239 proceritatis
1528 1202 1691 1231 cinerarios
1706 1221 1717 1238 ,
1743 1197 1858 1241 utpote
1873 1208 1943 1232 non
1967 1195 2075 1231 solum

1179 1247 1322 1281 crinibus
1341 1246 1457 1281 alienis
1467 1246 1589 1282 additis
1612 1259 1650 1282 ac
1663 1248 1871 1288 intertextis,
1891 1245 1946 1282 sed
1969 1246 2004 1280 &
2020 1256 2078 1279 au-

1179 1296 1239 1331 reis
1263 1308 1300 1331 ac
1317 1298 1423 1331 rutilis
1444 1297 1607 1332 cineribus
1628 1297 1852 1341 capillaturam
1879 1307 1994 1332 ornare
2017 1296 2079 1330 do·

1179 1348 1268 1388 etos,
1295 1346 1470 1388 statuitque
1483 1347 1654 1382 adversum
1673 1348 1750 1381 illos
1761 1346 1916 1391 Synodus
1936 1344 2076 1380 Eliberi·
2094 1348 2168 1385 Cap.
2185 1349 2233 1381 67·

1180 1407 1222 1428 na
1237 1408 1248 1427 .·
1275 1400 1325 1427 Ne
1334 1407 1392 1437 qua
1399 1395 1500 1436 fidelis
1516 1405 1571 1429 aut
1580 1397 1789 1430 catechumena
1800 1405 1855 1429 aut
1883 1405 2011 1429 comatos
2022 1403 2075 1428 aut

1182 1449 1264 1476 viros
1277 1449 1437 1477 cinerarios
1447 1443 1576 1478 habeat.
1604 1446 1689 1478 Earn
1703 1446 1900 1489 capillorum
1914 1444 2078 1479 irrufatio-

1183 1503 1259 1526 nem
1279 1493 1410 1527 Sanetus
1422 1493 1649 1538 Hieronymus
1676 1504 1773 1530 vocat
1796 1496 1884 1541 ignis
1907 1494 2079 1530 infernalis

1183 1541 1380 1583 exordium,
1407 1543 1582 1589 rigideque
1605 1543 1772 1580 interdicit
1784 1546 1991 1581 Demetriadi
2017 1545 2084 1579 vir-
2141 1582 2147 1588 ,

1180 1592 1252 1637 gini
1267 1617 1278 1633 ‚
1303 1605 1340 1627 ne
1351 1595 1459 1626 aliems
1470 1596 1591 1636 capillis
1606 1618 1616 1634 ,
1643 1600 1787 1628 turritum
1797 1601 1941 1633 verticem
1953 1595 2052 1636 struat
2063 1620 2072 1629 .
2096 1579 2219 1622 ¹39¹st’3’

1183 1641 1343 1677 Eamdem
1357 1643 1537 1678 vanitatem
1547 1644 1682 1679 damnat
1696 1645 1732 1678 in
1743 1645 1861 1681 litteris
1880 1644 1922 1680 ad
1938 1644 2083 1680 Marcel-

1184 1691 1265 1726 lam.
1294 1693 1339 1726 Et
1353 1692 1455 1737 longe
1467 1693 1660 1739 rigidiffime
1683 1694 2083 1740 EberardiSalisburgen-
2098 1695 2188 1738 Epist.
2212 1701 2263 1733 23:

1155 1786 1159 1789 1
1185 1743 1221 1776 [is
1234 1741 1509 1787 Archi-Episcopi
1523 1745 1679 1787 Synodus
1693 1743 1805 1780 habita
1829 1745 1887 1780 sub
1897 1744 2079 1793 Pontificaff

1184 1802 1220 1826 tu
1236 1791 1377 1827 Martini
1390 1792 1497 1836 quinti
1510 1820 1517 1826 .
2037 1837 2044 1840 Α

1237 1842 1338 1876 Rene
1348 1842 1438 1876 addit
1450 1843 1559 1878 noster
1570 1844 1692 1881 Canon
1709 1846 1785 1882 istas
1795 1845 1971 1884 mulierum
1985 1846 2074 1881 vani-

1186 1901 1272 1926 tates
1295 1892 1358 1926 esse
1378 1892 1562 1929 videntium
1585 1896 1819 1932 detrimentum
1842 1921 1854 1938 ‚
1882 1897 1916 1931 ὁ(
1936 1897 2079 1932 infirnfis

1185 1940 1304 1976 animis
1322 1942 1427 1978 escam
1451 1969 1458 1975 .
1487 1944 1638 1988 Exponit
1664 1947 1698 1980 in
1724 1948 1873 1982 sermone
1898 1947 1940 1982 de
1961 1946 2080 1982 habitu

1185 1992 1366 2037 Virginum
1381 1994 1516 2028 sanstus
1527 1994 1713 2037 Cyprianus
1726 2022 1733 2028 .
1761 2000 1837 2031 situ
1849 2005 1878 2030 te
1882 1996 2081 2040 sumptuosius

1183 2053 1282 2075 comas
1299 2065 1310 2081 ,
1336 2043 1371 2075 ό*
1390 2050 1444 2083 per
1457 2043 1608 2085 publicum
1640 2046 1797 2080 notabilior
1823 2048 1960 2088 incedas,
1987 2048 2080 2081 oculos

1183 2097 1215 2124 in
1225 2092 1435 2132 tejuventutis
1455 2093 1563 2127 illicIas
1581 2118 1592 2134 ‚
1612 2094 1743 2139 suspiria
1768 2096 1997 2140 adolefientium
2014 2096 2079 2139 post

1184 2150 1214 2174 te
1233 2140 1340 2175 trahas
1352 2166 1363 2182 ,
1389 2143 1607 2187 concupiftendi
1627 2145 1785 2181 libidinem
1811 2152 1932 2181 nutrias
1944 2173 1955 2189 ‚
1976 2145 2078 2190 suspi-

1183 2192 1275 2224 randi
1284 2191 1420 2235 fomenta
1436 2191 1602 2236 succendas
1615 2221 1625 2237 ,
1652 2206 1686 2229 ut
1696 2196 1751 2239 etsi
1771 2196 1839 2242 ipsa
1861 2209 1919 2230 non
1945 2205 2055 2239 pereas
2070 2221 2081 2237 ,

1183 2241 1259 2274 alios
1272 2251 1375 2276 tamen
1381 2245 1500 2285 perdas
1514 2269 1524 2285 ,
1551 2247 1586 2279 ἐν
1598 2247 1681 2280 velut
1685 2249 1823 2291 gladium
1840 2257 1870 2281 te
1885 2250 1920 2281 6·
1930 2258 2081 2281 venenum

1183 2292 1359 2325 videntibus
1370 2293 1509 2335 praebeas
1520 2319 1531 2335 ,
1557 2295 1690 2340 excusari
1702 2309 1761 2331 non
1769 2307 1853 2340 potes
1869 2322 1881 2339 ,
1908 2296 1992 2340 quast
2001 2307 2082 2332 men-

1183 2351 1212 2375 te
1223 2341 1302 2382 casta
1308 2341 1349 2384 fis
1375 2344 1409 2377 ὀ*
1417 2345 1529 2386 pudica
1541 2370 1548 2377 .

1235 2391 1395 2426 Eamdem
1412 2394 1446 2427 in
1460 2395 1560 2436 viris,
1586 2407 1625 2430 ac
1644 2397 1678 2431 in
1692 2397 1762 2442 ipso
1775 2396 1914 2434 Othone
1926 2396 2082 2442 Augusto

1184 2443 1363 2476 vanitatem
1392 2442 1528 2479 damnat
1561 2444 1666 2481 homo
1704 2448 1839 2493 gentilis
1863 2473 1874 2488 ,
1902 2448 2082 2483 Svetonius

1182 2491 1422 2535 Tranquillus.
1449 2497 1674 2530 Munditlarum
1688 2507 1756 2532 erat
1774 2500 1855 2541 pene
1866 2498 2055 2531 muliebrium
2067 2524 2078 2538 ‚
2099 2503 2166 2536 L.8.
2184 2513 2262 2536 car..

1182 2540 1265 2584 vulso
1287 2551 1424 2585 corpore,
1444 2547 1606 2588 galericulo
1629 2553 1722 2590 capiti
1735 2573 1747 2589 ‚
1767 2555 1893 2590 propter
1915 2554 2073 2583 raritatem

1181 2593 1351 2634 capillorum
1363 2596 1510 2637 adaptato
1532 2598 1567 2631 et
1578 2608 1695 2632 annexa
1707 2623 1718 2639 ,
1743 2607 1777 2631 ut
1789 2609 1873 2633 nemo
1887 2597 2078 2642 dignosceret.

1183 2641 1389 2679 Galericulos
1402 2645 1481 2680 istos
1495 2646 1659 2690 Iuvenalis
1672 2659 1770 2684 vocat
1781 2649 1909 2694 galeros
1924 2673 1931 2679 .
1960 2649 2023 2682 sed
2030 2654 2078 2682 ni-

234 2689 345 2724 babitu
371 2692 494 2725 &cultu
510 2692 706 2727 detrahamur
718 2718 730 2734 ,
756 2694 930 2738 respondet
943 2720 950 2727 .
978 2698 1052 2727 Non
1066 2704 1117 2727 au·
1176 2704 1267 2737 grum
1281 2693 1364 2734 flavo
1382 2705 1474 2739 caput
1495 2698 1688 2742 abfiondeme
1701 2701 1806 2744 galero
1828 2723 1835 2731 .
1868 2698 1912 2732 Et
1934 2697 2054 2735 iteriim
2066 2724 2074 2731 .

229 2739 371 2783 feramus
383 2744 450 2785 ergo
463 2746 543 2775 vitia
548 2743 676 2784 pristina
685 2769 695 2785 ,
705 2742 793 2785 fimus
805 2746 839 2780 Cr
849 2745 978 2779 moribus
988 2742 1116 2787 eisdem,

229 2788 263 2832 fi
278 2792 313 2825 Θ
318 2788 468 2833 ficperficie
477 2793 579 2827 eadem
592 2817 599 2825 .
622 2796 668 2826 Et
676 2803 746 2829 tunc
767 2797 839 2830 vere
851 2807 908 2829 non
932 2793 1001 2838 blas
993 2794 1116 2837 phema-

237 2838 314 2873 bunt
325 2847 460 2876 nationes
470 2867 478 2874 .
505 2845 643 2877 Grandis
655 2844 837 2889 blasphemia
848 2846 886 2888 est
899 2870 909 2886 ,
929 2844 957 2888 fi
965 2857 1026 2888 qua
1036 2846 1115 2877 dica-

235 2898 290 2926 tur
301 2912 314 2930 ‚
337 2901 375 2924 ex
384 2902 438 2934 quo
445 2892 539 2935 falla
559 2893 600 2935 est
619 2894 792 2937 Christiana
816 2921 828 2939 ‚
851 2896 1016 2941 pauperius
1039 2901 1116 2929 ince-

1182 2746 1271 2775 Nam
1293 2745 1331 2779 de
1344 2746 1455 2787 deJeHo
1475 2754 1565 2782 nituit
1578 2749 1670 2792 frons
1698 2751 1781 2783 nuda
1800 2749 1925 2794 galero,
1951 2747 2073 2791 discolor

1180 2792 1313 2836 appofita
1332 2808 1399 2839 quae
1413 2797 1482 2839 ficit
1507 2809 1581 2834 ante
1606 2811 1689 2834 coma
1706 2825 1714 2831 .
1754 2797 1892 2835 Easdem
1911 2799 2073 2835 vanitates

1181 2841 1283 2879 hodie
1296 2845 1331 2880 in
1342 2846 1494 2885 fidelibus
1506 2850 1577 2885 nost
1583 2850 1624 2885 ris
1635 2850 1791 2886 dolemus
1803 2873 1812 2883 .

333 3466 437 3508 Christ.
450 3469 528 3514 Lupi
539 3472 622 3513 oper.
635 3470 712 3503 Tom.
725 3472 782 3504 nt.

1578 3470 1615 3506 X
1851 3469 2026 3506 CANON
