2340 3762
534 171 537 173 “
596 159 1005 217 S.ci101.11s‚·.=.r
1040 153 1232 203 Nous
1266 167 1322 202 ιι
1346 148 1654 204 L-(isrniirr.
1896 169 1970 222 77,

216 255 350 315 flent3
381 268 557 323 propter
589 252 712 321 quod
745 251 773 302 ‘a
806 252 947 317 gratia
979 246 1253 309 exciderunt,
1300 249 1345 296 &
1377 244 1436 295 ab
1457 258 1524 310 ep
1569 244 1612 295 se
1657 247 1834 315 penitus
1865 249 2034 301 alienos

214 323 409 375 efficiunt
422 361 435 387 ,
469 324 631 380 Clerici
666 323 819 374 habitu
853 321 1116 372 tondeantur
1130 356 1142 367 .
1180 323 1253 369 Sin
1298 333 1444 369 autem
1489 333 1579 368 non
1625 314 1696 368 sua
1744 316 1897 386 sponte
1944 318 2032 370 hoc

214 396 451 459 elegerint,
486 411 660 445 comam
693 395 799 444 ficut
835 393 937 443 laici
971 393 1165 442 nutriant
1179 426 1193 453 ,
1229 388 1386 457 utpote
1420 390 1502 457 qui
1536 386 1801 441 mundanam
1853 405 2034 441 conver-

217 463 425 517 sationem
460 467 565 516 vitae
598 466 761 515 coelesti
794 461 1114 532 p'raeposuerunt
1129 497 1143 509 .

561 763 1238 851 CANON
1353 758 1670 846 XXII.
1876 806 1888 825 ι

321 937 386 981 Os
399 967 412 992 ,
447 931 527 996 qui
561 932 756 997 pecuniis
790 929 1045 980 ordinantur
1070 965 1083 989 ‚
1121 924 1208 978 fiv'e
1253 924 1493 995 Episcopos
1517 963 1530 988 ,
1580 925 1667 976 five
1703 919 2036 993 qualescumque

354 1002 573 1061 Clericos,
610 1005 653 1050 &
688 1018 776 1051 non
810 1019 887 1069 per
921 1000 1289 1050 examinationem
1325 1013 1377 1046 ac
1414 1000 1517 1048 vitae
1551 996 1834 1059 electionem,
1870 993 2033 1063 deponi

213 1073 432 1138 jubemus,
467 1069 538 1121 sed
571 1074 615 1121 δι
649 1088 726 1122 eos
762 1074 895 1123 etiam
910 1109 923 1135 ‚
960 1072 1039 1139 qui
1074 1067 1407 1119 ordinaverunt.

534 1369 753 1451 CA
811 1369 1054 1448 ΝΟ
1113 1369 1211 1446 N
1324 1366 1699 1449 XXIII.

357 1533 398 1582 T
433 1531 572 1582 nullus
608 1531 696 1582 sive
731 1529 965 1599 Episcopus
979 1565 992 1590 ‚
1029 1517 1128 1578 five·
1151 1527 1385 1596 Presbyter
1401 1565 1415 1591 ‚
1467 1529 1556 1579 sive
1591 1529 1844 1587 DiaconuS,
1893 1529 2048 1577 imma-

214 1535 315 1672 ἱ
391 1603 587 1651 culatam
626 1601 816 1670 praebens
851 1601 1229 1660 communionem,
1267 1599 1323 1648 ab
1358 1617 1437 1659 eo,
1474 1600 1555 1666 qui
1591 1599 1920 1659 communicat,
1957 1603 2048 1663 ejus

215 1674 563 1743 participationis
599 1674 739 1734 gratia
773 1671 951 1732 obolos,
987 1671 1057 1720 vel
1093 1671 1295 1738 quamvis
1331 1670 1462 1718 aliam
1501 1667 1689 1737 speciem
1728 1669 1875 1731 exigat
1891 1707 1902 1718 .
1938 1672 2049 1718 Non

212 1745 277 1795 est
311 1746 427 1792 enim
449 1743 627 1791 venalis
663 1743 825 1805 gratia,
862 1759 941 1792 nec
977 1758 1058 1809 pro
1091 1742 1286 1808 pecuniis
1323 1741 1507 1807 Spiritus
1544 1737 1928 1788 sanetificationem
1965 1741 2047 1787 im-

216 1815 452 1884 partimur:
490 1810 571 1861 Sed
605 1828 655 1860 ea
690 1814 769 1873 iis,
805 1813 883 1878 qui
919 1809 1042 1873 digni
1076 1809 1201 1870 sunt,
1237 1807 1398 1876 absque
1432 1810 1522 1858 ulla
1557 1809 1618 1858 est
1653 1807 1896 1859 calliditate
1924 1827 2046 1859 com-

217 1881 500 1933 municanda.
536 1883 578 1930 Si
612 1883 712 1949 quis
746 1896 891 1931 autem
927 1898 1101 1941 eorum,
1138 1881 1216 1947 qui
1252 1878 1348 1929 sunt
1384 1882 1431 1928 in
1466 1881 1587 1929 Cleri
1623 1881 1856 1944 catalogo,
1893 1879 2047 1942 abeo,

216 1957 288 2004 cui
323 1953 644 2005 immaculatam
682 1954 875 2020 impertit
910 1952 1289 2011 communionem,
1325 1950 1457 2000 ullam
1494 1949 1678 2019 speciem
1723 1954 1893 2015 exigere
1929 1950 2044 2002 visus

215 2024 373 2086 fuerit,
409 2022 650 2091 deponatur
665 2058 678 2083 ‚
714 2039 762 2072 ut
798 2023 1031 2072 Simoniaci
1065 2023 1220 2072 erroris
1255 2025 1299 2071 &
1334 2019 1540 2071 maleficii
1576 2019 1802 2071 aemulator
1823 2057 1837 2069 .

1161 2197 1233 2226 Haec
1264 2189 1428 2232 fimoniacae
1454 2189 1566 2232 baerefis
1600 2192 1653 2235 esse
1682 2191 1828 2231 detestata
1863 2191 1902 2232 est
1933 2191 2046 2236 sanda

1159 2242 1306 2282 synodus,
1332 2243 1366 2276 (5
1379 2241 1671 2278 anathematizavit.
1699 2244 1868 2276 statuimus
1894 2246 1961 2286 ergo
1977 2268 1988 2284 ,
2010 2252 2048 2276 ut

1158 2291 1196 2325 de
1207 2301 1309 2325 caetero
1332 2302 1382 2325 nec
1400 2300 1457 2333 pro
1474 2298 1670 2326 communione
1694 2293 1859 2335 quidquam
1879 2297 2040 2336 exigatur,

301 2340 404 2376 Tiam
416 2340 453 2374 in
465 2340 615 2375 Remenfi
628 2339 766 2385 Synodo
776 2339 887 2374 statuit
900 2341 971 2374 Leo
991 2350 1098 2374 nonus
1113 2363 1116 2387 ;
1153 2339 1313 2385 sedgratts
1336 2343 1414 2374 dona
1425 2341 1535 2381 Christi
1541 2347 1682 2385 gratuita
1703 2340 1922 2385 dispensatione
1934 2344 2042 2376 donen-

303 2389 308 2394 ’
326 2391 501 2426 Pontifex:
528 2396 579 2425 Ne
591 2397 657 2434 quis
667 2399 725 2433 pro
733 2390 921 2431 Eucharistia
931 2391 1094 2433 quidquam
1159 2400 1225 2425 tur.
1253 2394 1285 2424 51
1297 2397 1364 2434 quis
1373 2402 1475 2424 contra
1497 2390 1560 2425 baec
1577 2393 1681 2434 facere
1699 2390 1945 2435 praesumpserit,
1970 2404 2045 2426 ana·-

218 2446 342 2486 exigat.
369 2441 459 2476 Idem
482 2438 604 2475 ibidem
625 2441 643 2474 ὲ,
665 2440 801 2476 Calixto
827 2440 968 2475 stcundo
987 2431 1116 2475 confir-3
1158 2440 1258 2475 thema
1260 2438 1317 2482 fit.
1346 2441 1486 2475 Plurimi
1512 2441 1669 2476 Canones
1689 2441 1805 2476 eodem
1824 2442 1934 2487 rigore
1953 2441 2045 2487 quid-

58 2523 85 2552 Α
219 2499 346 2525 matum
355 2490 511 2525 testantur
523 2492 668 2532 Symeon
695 2488 876 2525 monachus
899 2474 1117 2525 numinum-¹
1159 2502 1256 2535 quam
1265 2491 1356 2536 exigi
1369 2501 1480 2526 vetant
1491 2502 1548 2534 pro
1560 2492 1677 2536 quovis
1691 2492 1904 2527 sacramento
1915 2518 1926 2533 ,
1945 2493 2044 2528 etiam

60 2539 96 2591 A'
120 2525 194 2591 {³²5
220 2541 279 2581 fis,
305 2541 338 2574 ὅ(
351 2539 531 2574 Richardus
543 2540 638 2574 Prior
649 2540 682 2574 in
706 2540 790 2575 libro
802 2540 842 2574 de
854 2540 941 2575 bello
954 2533 1116 2575 Standar-‘
1161 2540 1219 2576 sub
1238 2551 1393 2584 praetextu
1413 2541 1676 2582 consuetudinis,
1713 2541 1754 2576 de
1777 2553 1840 2586 qua
1853 2542 1938 2585 apud
1962 2543 2047 2577 Gui-

90 2581 96 2590 '
157 2570 172 2598 3
197 2584 203 2592 ’
221 2590 317 2624 dico.
345 2590 389 2624 Et
400 2589 553 2632 Synodus
563 2588 779 2625 Londinenfis
798 2589 858 2624 sub
887 2591 1046 2624 Honorio
1057 2563 1116 2633 ste-i
1160 2590 1306 2624 lielmum
1329 2590 1591 2637 Neubrigensem
1612 2591 1695 2626 reste
1717 2591 1908 2627 Alexander
1929 2593 2044 2627 tertius

222 2640 334 2674 cundo
347 2655 357 2674 .-
385 2641 613 2681 interdicimus,
639 2647 670 2672 ue
686 2648 742 2682 pro
759 2646 955 2674 communione
976 2638 1118 2683 corporiss
1161 2640 1317 2676 Pontifex
1351 2641 1385 2675 in
1419 2640 1555 2685 synodo
1589 2642 1777 2677 Turonenfi
1799 2655 1806 2674 :
1850 2646 2043 2677 Diuturnitaes
2067 2653 2219 2690 r1„2‚e,15‚

221 2688 336 2730 Christi
338 2695 468 2733 pretium
478 2694 616 2734 exigatur
627 2715 634 2723 .
649 2689 692 2724 Et
706 2688 892 2724 Richardus
904 2688 1100 2734 Archi-Epi·
1160 2697 1299 2733 temporis
1310 2702 1368 2724 non
1377 2696 1487 2726 minuit
1503 2700 1627 2735 peccata
1637 2715 1647 2732 ‚
1667 2691 1729 2736 sed
1735 2700 1824 2736 auget
1841 2717 1848 2724 .
1885 2691 1992 2726 Addit
2007 2694 2043 2727 in

222 2740 338 2784 scopus
357 2739 618 2780 Cantuarienfis,
644 2740 753 2775 Sancti
776 2738 922 2774 Thomae
939 2739 1098 2783 Martyris
1161 2741 1225 2775 suis
1236 2741 1363 2776 statutis
1375 2741 1485 2777 Gualo
1509 2742 1713 2777 cardinalis.
1743 2746 1920 2777 Moneantur
1942 2750 2042 2777 tamen

222 2790 402 2831 successor,
427 2790 463 2824 in
488 2788 625 2832 Synodo
651 2789 980 2825 Westmonasterienfi
1003 2791 1103 2825 relata
1160 2791 1229 2824 laic}
1238 2792 1416 2835 diligenter,
1441 2794 1570 2836 nequod
1586 2800 1643 2835 pro
1654 2798 1824 2827 reverentia
1845 2794 2043 2826 §aeramento-

224 2850 280 2882 per
301 2840 471 2886 Rogerum
503 2838 755 2875 Hovedensem.
789 2840 907 2874 mavum
942 2841 980 2882 est
1010 2839 1114 2907 solere!
1161 2852 1228 2875 rum
1238 2842 1355 2876 devotio
1360 2843 1494 2886 fidelium
1513 2844 1699 2886 introduxit,
1726 2853 1763 2876 ex
1784 2846 1921 2877 avaritia
1944 2843 2043 2879 velint

227 2898 358 2924 nummos
382 2897 415 2924 in
441 2889 616 2933 quibusdam
638 2890 706 2924 locu
730 2890 800 2925 dari
821 2898 878 2934 pro
889 2897 1101 2926 communione:
1162 2892 1352 2935 aliquatenur
1362 2904 1517 2928 revocare.
2049 2897 2054 2901 *

415 2197 905 2241 Sen0L1-0N.

569 3167 1244 3258 CANON
1322 3168 1727 3259 XXIV.

375 3337 411 3381 E
446 3334 515 3381 cui
551 3334 679 3382 liceat
714 3352 880 3396 eorum,
915 3339 992 3402 qui
1028 3340 1075 3386 in
1108 3337 1359 3388 sacerdotali
1393 3336 1562 3387 Ordine
1609 3354 1933 3399 enumerantur,
1969 3340 2041 3388 vel

409 3403 748 3466 Monachorum‚
783 3406 829 3455 in
865 3423 1075 3474 equorum
1110 3409 1331 3458 curriculis
1366 3406 1602 3470 subsistere,
1648 3409 1719 3461 vel
1754 3407 1942 3525 sceniccqs
1977 3408 2041 3455 lu-

1918 3493 1967 3525 os
