2340 3762
129 412 215 456 tpist.
222 427 236 448 i.
241 436 251 449 .

119 1061 206 1102 epist.
229 1073 276 1103 γι.

120 1110 196 1147 1:725.

379 167 479 223 298

306 257 358 296 aa
367 258 553 301 frequenter
570 255 652 293 dicit
663 259 727 293 effe
737 257 957 300 consuetudines
972 254 1166 287 barbarorum
1183 278 1190 288 .

307 307 458 353 Exponit
482 308 518 343 in
527 307 641 346 litteris
652 309 693 343 ad
705 307 861 343 Faustum
885 315 922 337 ac
932 302 1168 346 Symmachum
1181 328 1193 345 ,

306 360 470 397 Romana
481 357 568 394 urbis
574 358 748 394 Senatores
761 378 772 393 ‚
798 354 934 390 Sanctus
944 353 1064 387 Avitus
1075 352 1193 389 Archi-

305 409 493 455 Episcopus
503 405 700 445 Viennensis
711 428 720 436 .
749 403 884 438 Primum
888 403 998 445 fuerat
1017 405 1088 438 talis
1095 403 1193 445 status

306 471 408 497 rerum
416 456 623 501 defiderandus
636 477 647 493 ‚
673 461 709 486 ut
718 451 835 496 ipfiper
845 465 899 488 nos
915 455 1018 491 urbem
1032 454 1095 489 orbi
1107 466 1193 491 vene-

305 511 430 546 rabilem
438 516 495 549 pro
506 504 708 546 dependendis
719 505 846 547 Divinis¹
867 502 1061 549 humanisque
1075 513 1190 547 expete·

305 571 406 598 remus
419 557 518 598 qffidts
528 578 536 585 .
562 553 624 591 Sed
632 559 706 597 quia
720 554 881 597 -t'studjam
903 556 1019 590 dudum
1026 564 1081 597 per
1101 562 1192 591 ratio·

305 621 371 646 nem
389 612 553 647 temporum
569 603 638 651 fieri
655 604 732 649 poffi·
751 605 869 649 ceffavit
879 630 891 648 ,
917 607 1062 643 vellemus
1074 629 1086 646 ,
1113 607 1193 649 quod

295 657 464 703 fatendum
475 653 514 696 est
522 679 534 696 ,
554 655 615 691 ‘vel
623 657 655 693 ecl
663 654 837 698 securitatis
847 657 982 691 accedere
995 681 1006 697 ‚
1030 666 1065 690 ut
1076 667 1144 699 quae
1158 663 1191 692 in

300 705 391 752 causa
400 711 543 742 communi
559 703 725 749 supplicari·
747 715 859 749 oportet
871 732 882 749 ,
908 707 1079 750 Amplitudo
1090 706 1189 750 vestra

300 766 542 805 congregator-ian
553 757 665 791 Gallie
676 757 865 795 sacerdotum
874 759 1019 796 relatione
1044 755 1188 803 cognosce-

299 818 349 843 eet
360 832 369 845 ,
396 805 505 845 Gothi
515 832 527 849 ,
539 806 697 845 Vandali
707 832 718 850 ‚
730 807 870 851 Franci,
882 808 1054 857 Burgundi
1068 833 1079 850 ‚
1099 808 1189 842 Lon·

298 857 460 904 gabardi,
471 857 569 893 Svevi
579 881 591 899 ,
617 857 820 895 Nortmauni
834 883 845 901 ,
863 859 1016 906 Hungari
1026 883 1037 899 ‚
1066 858 1187 901 aliique

299 906 430 947 barbari
446 907 603 947 occiduas
614 906 761 946 Romani
774 908 902 954 imperii
925 910 1070 945 ditiones
1079 909 1188 946 miset-

297 958 382 995 rime
392 960 547 995 laceratas
569 958 604 995 in
617 969 717 1004 regna
728 960 814 996 varia
825 970 905 994 tunc
923 970 1092 996 erexerant
1105 983 1116 1000 ‚
1143 960 1188 993 fe-

295 1015 474 1054 cerantque
484 1008 576 1051 quod
586 1009 628 1043 de
640 1009 791 1055 Bulgaris
801 1010 912 1047 scribit
926 1012 1061 1051 Sanetus
1074 1009 1186 1046 Ponti·

295 1060 351 1097 {ex
361 1058 527 1094 Nicolaus
537 1058 662 1103 primus
674 1071 682 1094 t
711 1058 944 1103 consuetudinis
955 1061 1060 1102 vestrae
1067 1064 1184 1102 patriae

296 1111 349 1154 effe
355 1109 519 1154 perhibetis
529 1133 541 1151 ,
554 1106 673 1156 semper
683 1109 812 1154 custodes
825 1115 904 1144 inter
910 1117 1048 1153 patriam
1060 1109 1187 1152 vestram

278 1202 280 1207 ,
297 1162 471 1198 &aliorum
482 1159 584 1203 juxta
603 1165 747 1193 terminos
768 1160 953 1205 invigilare,
981 1162 1016 1195 Θ
1033 1158 1065 1202 Ji‘
1078 1157 1186 1202 servus

117 1827 194 1859 Cod-

116 1867 230 1901 Theodi

134 2976 165 3009 F.
189 2977 259 3011 652.

145 3317 177 3350 F.
197 3324 264 3351 7¹4·

292 1222 352 1247 aiut
362 1212 435 1245 liber
451 1218 509 1253 per
520 1209 657 1245 eamdem
672 1208 830 1253 custodiam
842 1221 1021 1253 quocumque
1041 1210 1125 1243 modo
1131 1210 1188 1252 fu-

291 1268 396 1308 gem,
414 1258 478 1301 fine
497 1264 578 1291 omni
603 1260 804 1303 intermiffione
821 1260 948 1301 custodes
957 1268 1012 1303 pro
1037 1272 1072 1295 ea
1084 1266 1187 1295 interi-

293 1318 435 1345 muntur.
463 1308 576 1343 Etiam
589 1308 772 1353 Episcopos
792 1311 827 1347 ὃς
839 1311 985 1348 Clericos
998 1310 1056 1347 sub
1065 1312 1184 1355 gravis-

292 1361 380 1396 simis
390 1359 496 1404 poenis
511 1358 591 1398 dieti
604 1358 737 1396 Barbari
751 1370 922 1397 vetuerunt
944 1362 1037 1406 regni
1051 1362 1099 1397 sui
1114 1361 1186 1396 fini·

294 1411 356 1446 bus
376 1409 512 1455 egredi,
540 1408 618 1444 licet
639 1420 780 1447 evocato
802 1412 844 1446 ad
858 1412 1032 1455 provinciae
1052 1413 1115 1446 suae
1128 1411 1186 1453 Sy-

294 1461 425 1497 nodum
446 1470 503 1494 aut
515 1458 691 1494 Ecclesiam
718 1460 908 1497 Romanam
921 1484 929 1495 ,
956 1461 1037 1494 Haec
1048 1460 1094 1493 est
1107 1469 1186 1495 tem-

295 1522 413 1556 porum
436 1511 522 1545 ratio
546 1533 558 1551 ,
583 1519 684 1553 quam
707 1510 841 1548 Sanetus
873 1510 995 1546 Avitus
1017 1508 1184 1554 deplorat.

294 1561 458 1604 Deplorat
489 1561 526 1595 in
540 1559 650 1595 Gallia
661 1559 807 1595 dormire
825 1561 859 1596 δε
869 1560 958 1593 silere
981 1559 1137 1595 Canones
1149 1559 1187 1592 il-

295 1611 348 1645 los
365 1635 376 1650 ‚
404 1620 489 1653 quos
509 1606 681 1644 adversum
706 1609 815 1643 San-sti
839 1609 965 1644 Hilarii
989 1608 1186 1645 Arelatensis

294 1657 569 1703 Archi-Episcopi
582 1658 825 1692 contumaciam
837 1657 966 1692 executi
975 1654 1187 1693 Theodofius

295 1708 459 1748 secundus
481 1710 516 1743 δε
539 1704 797 1743 Valentinianus
817 1708 930 1744 tertius
944 1706 1087 1752 Augusti
1112 1707 1185 1742 scri·

297 1761 425 1806 pserant
437 1758 521 1792 olim
540 1757 581 1791 ad
595 1757 732 1793 AEtium
743 1759 910 1801 utriusque
933 1759 966 1790 in
980 1757 1088 1794 Gallia
1102 1757 1187 1792 mili-

297 1812 349 1849 tiae
363 1808 564 1854 Magistrum
574 1832 582 1839 .
614 1809 742 1842 Perenni
751 1805 905 1850 santffione
915 1809 1099 1842 decernimus
1110 1830 1122 1846 ,
1150 1819 1186 1839 ne

303 1861 383 1906 quid
402 1869 467 1894 tam
477 1856 635 1903 Episcopi:
648 1858 812 1890 Gallicanis
822 1882 833 1898 ‚
858 1869 951 1902 quam
973 1857 1104 1890 aliarum
1114 1858 1185 1890 Pro-

305 1917 477 1946 vinciarum
496 1916 600 1943 contra
622 1905 860 1950 consuetudinem
884 1914 1012 1941 veterem
1031 1908 1118 1940 liceat
1121 1904 1185 1947 fine

303 1961 489 1998 venet-abila
510 1964 575 1993 viri
589 1960 686 1998 Papae
697 1956 780 1991 urbis
797 1966 919 1991 aeternae
931 1956 1103 1990 auctoritate
1112 1965 1185 1990 tem-

297 2021 390 2057 ptare
400 2023 414 2052 ;
436 2007 495 2054 sed
505 2008 588 2047 illi-r,
614 2004 801 2049 omnibusque
806 2014 863 2048 pro
881 2004 987 2050 legi-fit
999 2030 1009 2046 ,
1036 2007 1186 2050 quidquid

296 2061 405 2107 sanxit
425 2058 477 2094 vel
490 2055 633 2102 sanxerit
647 2055 814 2098 apostolica
826 2057 910 2092 Sedis
923 2054 1085 2090 audiamus
1098 2069 1109 2089 .-
1134 2057 1185 2090 lta

298 2122 333 2146 ut
354 2108 490 2155 quisquis
509 2106 720 2151 Episcoporum
738 2108 933 2149 adjudicium
946 2108 1076 2139 Romam·
1103 2110 1185 2138 Anti·—

292 2164 375 2205 flitis
395 2167 531 2194 evocatur
553 2168 657 2193 ventre
677 2156 837 2201 neglexeris
859 2182 870 2200 ‚
893 2166 947 2199 per
969 2157 1184 2190 Moderatorem

301 2210 435 2256 eJ'usdem
447 2213 619 2243 Provinciae
634 2207 725 2251 adesse
734 2217 854 2251 cogatur
867 2231 878 2248 ,
899 2216 956 2250 per
966 2215 1066 2240 omnia
1082 2204 1185 2249 serva-

301 2270 366 2301 tis,
391 2271 459 2304 que
471 2264 547 2293 Divi
559 2261 705 2292 Parentes
726 2258 970 2298 nostriRomanae
994 2255 1129 2298 Ecclefiae
1139 2258 1186 2290 de·

302 2315 451 2347 tulerunt.
479 2308 590 2345 Patres
616 2308 740 2348 nostri,
767 2306 865 2343 fausti
889 2306 1042 2351 Episcopi
1065 2317 1187 2340 memo-

302 2373 392 2398 ratos
405 2361 560 2398 barbaros
570 2359 726 2402 patientia
739 2359 773 2393 ἀ
784 2357 929 2392 ἀοᾶτίηει
941 2356 1043 2393 fecere
1055 2356 1185 2392 tandem

303 2413 480 2449 Romanos
502 2407 755 2445 &orthodoxos
775 2407 1002 2447 Christianos,
1026 2407 1060 2441 &
1081 2407 1100 2443 a
1122 2406 1185 2441 bar-

306 2462 393 2497 baris
414 2464 448 2496 in
463 2460 720 2497 Ecclefiafficam
743 2459 938 2502 potestatem
959 2457 1127 2492 violentiis
1146 2457 1186 2491 ad

305 2512 520 2558 plenissimam
533 2507 715 2545 Catholicae
731 2509 842 2545 matris
859 2507 1084 2544 obedientiam
1095 2507 1188 2550 pede·

307 2562 430 2600 tentim
455 2560 668 2596 traduxerunt
681 2584 689 2591 .
715 2559 907 2595 Dolendum
926 2558 1053 2602 estjam
1065 2557 1188 2592 dudum

314 2613 529 2659 proscriptam
539 2635 550 2651 ,
576 2610 761 2643 damnatam
772 2634 783 2651 ‚
795 2621 833 2644 ac
845 2609 879 2643 in
892 2610 1021 2645 inferno
1033 2607 1189 2652 sepultam

311 2662 496 2700 barbariem
518 2661 555 2694 in
577 2659 771 2695 Romanum
781 2671 888 2696 aerem
907 2659 949 2696 ab
963 2658 1188 2705 Episcopisre-

311 2711 443 2750 vocari.

361 2762 531 2808 Legitima
553 2770 664 2795 tamen
683 2757 878 2804 quibusdam
897 2759 1052 2805 gentibus
1072 2772 1127 2806 per
1138 2761 1190 2795 Se·

311 2814 391 2850 ilem
402 2811 631 2856 Apostolicam
643 2812 719 2845 data
730 2810 900 2855 privilegia
921 2822 1060 2845 veneror
1071 2822 1113 2845 ex
1124 2809 1193 2844 ani-

311 2876 372 2900 mo
386 2889 394 2896 .
420 2862 557 2899 Etenim
570 2861 754 2897 Clementis
764 2861 850 2895 tertii
862 2860 1039 2895 Pontificis
1061 2861 1102 2895 ad
1114 2859 1195 2893 Gui-

313 2914 465 2949 lielmum
490 2912 608 2947 Scotiae
618 2911 745 2955 Regem
759 2911 882 2945 litteras
892 2912 987 2945 refert
1007 2911 1041 2943 in
1054 2909 1194 2945 Annali·
1221 2934 1224 2939 .

315 2964 377 3000 bus
399 2964 463 2998 suis
489 2964 644 3008 Rogerus
664 2960 869 2995 Hovedenfis
878 2974 890 2995 .·
917 2959 1106 2993 Prohibemus
1124 2984 1135 3000 ,
1162 2968 1195 2992 ut

318 3013 540 3055 controverfiae,
566 3011 760 3057 quaefuerint
768 3016 802 3043 in
815 3015 915 3056 Regno
923 3012 972 3043 illo
991 3011 1028 3043 de
1035 3010 1196 3053 posseffloni-

319 3063 374 3097 bus
386 3067 450 3103 eius
461 3072 575 3098 exortae
585 3086 598 3104 ‚
622 3064 666 3095 ad
674 3073 800 3096 examen
811 3070 900 3096 extra
908 3063 1040 3105 Regnum
1045 3058 1198 3103 pofitorum

313 3114 449 3155 judicum
470 3125 528 3146 non
538 3111 704 3146 trahantur
713 3137 725 3153 ,
751 3111 807 3155 nifi
814 3113 859 3146 ad
866 3115 1034 3145 Romanam
1044 3109 1198 3152 Ecclesiam

313 3161 414 3206 fuerit
422 3165 601 3205 appellatum
610 3188 619 3195 .
642 3162 787 3196 Primam
798 3161 1013 3207 quarumdam
1031 3161 1197 3195 causarum

321 3210 509 3249 instantiam
536 3222 623 3248 vetar
640 3213 742 3247 etiam
752 3213 898 3247 Romam
918 3211 1049 3246 evocari
1063 3224 1070 3244 :
1096 3208 1199 3256 Qod

324 3262 428 3306 ipsum
439 3260 621 3296 celestinus
631 3264 746 3299 tertius
757 3261 967 3307 postmodnm
977 3259 1182 3297 confirmavit
1189 3286 1196 3293 .

325 3310 441 3347 Simile
451 3319 509 3353 pro
518 3311 674 3345 omnibus
684 3313 780 3347 caufis
791 3312 809 3347 a
820 3313 935 3348 Leone
944 3312 1074 3347 decimo
1086 3311 1200 3346 Ponti·

325 3363 390 3396 fiee
411 3358 619 3404 privilegium
641 3359 797 3396 habemus
817 3375 878 3397 nos
902 3363 1010 3408 Belgae
1024 3386 1035 3403 ,
1058 3362 1100 3396 de
1111 3361 1203 3404 cujus

326 3410 514 3451 occafione,
539 3406 701 3444 intellectu
714 3431 726 3448 ,
734 3411 949 3453 amplitudine
961 3421 1109 3448 occurret
1120 3411 1202 3447 alius

326 3459 462 3497 dicendi
473 3459 564 3494 loeus
579 3481 588 3493 ,

621 167 911 216 CANONi-:s
947 170 1171 216 syN-om
1208 172 1447 211 o'c‘ravffi
1468 164 1844 217 -Geunimns,

1303 253 1435 301 Qut&
1462 256 1595 299 praesens
1618 255 1739 292 Canon
1769 259 1875 295 laicos
1896 261 2062 308 Principes
2079 270 2137 298 am

1256 315 1370 340 eorum
1386 305 1487 340 laicos
1501 305 1655 341 Vicarios
1678 317 1766 342 vetat
1789 308 1891 344 adesse
1902 312 2045 354 Synodis
2057 311 2136 348 Pro-

1257 355 1451 391 vincialibus
1461 357 1722 397 ,Nationalibus
1738 383 1749 399 ‚
1775 370 1829 394 aut
1843 359 2114 398 Patriarchalibus
2125 387 2136 396 .

1257 405 1444 442 Confirmat
1468 406 1604 442 Nicolai
1616 406 1790 443 Pontificis
1802 410 2008 454 Rescriptum
2019 413 2059 447 ad
2069 413 2137 448 Mi-

1256 455 1403 493 chaelem
1425 456 1636 502 Augustum:
1662 461 1781 500 Dicite,
1807 460 1930 494 ubinam
1951 461 2059 506 legistis
2079 466 2136 496 Im-
2194 498 2200 505 ,

1252 515 1402 550 peratores
1418 507 1606 552 Anteceffores
1617 508 1728 549 vestros
1741 516 1775 544 in
1786 511 1978 552 synodalibus
1987 518 2137 546 conventi·
2152 498 2267 540 ¹39¹st‘8'

1256 557 1311 592 bus
1322 557 1488 605 interfutffe
1500 583 1511 599 ,
1525 558 1579 601 mfi
1581 557 1689 605 forsan
1699 565 1732 593 in
1741 561 1846 604 quibus
1857 564 1895 595 de
1901 560 1963 605 fide
1972 562 2135 596 traducum

1254 607 1294 649 est
1306 632 1318 650 ‚
1344 620 1410 651 quae
1420 607 1602 652 universalis
1614 609 1651 649 est
1662 634 1672 651 ‚
1687 621 1755 653 quae
1766 618 1893 645 omnium
1903 618 2065 646 communis
2075 612 2114 652 est
2125 636 2137 655 ,

1255 670 1320 702 quae
1332 669 1390 693 non
1398 657 1492 706 filum
1514 661 1558 692 ad
1566 661 1693 694 clericos
1708 684 1718 699 ‚
1742 662 1846 694 verum
1855 669 1947 696 etiam
1970 664 2015 696 ad
2022 664 2135 704 laic013

1255 710 1288 746 ὁ*
1298 711 1342 743 ad
1348 721 1448 743 omnes
1460 712 1576 743 omnini
1584 715 1717 752 pertinet
1730 710 1908 752 Christianos
1921 713 1934 746 Ρ
1961 717 2025 747 Vox
2035 722 2135 746 autem

1255 771 1311 792 non
1319 758 1414 803 solim
1427 761 1535 800 Synodo
1546 766 1578 794 in
1589 759 1678 803 causa
1689 763 1856 795 sacerdotis
1866 761 1987 796 collet‘lae
2000 762 2135 804 interfui-

1247 809 1304 849 stis
1325 835 1334 850 ,
1361 810 1466 845 verum
1487 815 1577 843 etiam
1605 809 1756 854 numerosa
1765 810 1956 855 saecularium
1978 813 2073 846 millia
2092 814 2138 847 ad

1252 861 1417 896 videndum
1429 862 1494 901 ejus
1505 861 1690 903 opprobrium
1704 862 1891 909 aggregastis.
1919 863 2006 897 Eum
2016 862 2135 909 arguit,

1252 909 1341 954 quod
1356 911 1517 946 criminali
1530 921 1620 945 extra
1633 909 1731 945 fidem
1755 913 1787 945 in
1803 914 1956 948 San-stum
1967 913 2136 958 Ignatium

1251 959 1474 997 Patriarcham
1495 960 1618 1005 judicio
1637 985 1647 1002 ,
1673 961 1707 996 ὃς
1731 960 1862 1006 quidem
1885 962 2137 997 numerofiffima

1253 1009 1482 1046 Palatinorum
1495 1022 1533 1045 ac
1544 1011 1657 1054 populi
1677 1021 1783 1046 turma
1795 1012 1931 1056 stipatus
1940 1036 1950 1052 ‚
1975 1014 2138 1049 interfuiss

1252 1061 1315 1096 set.
1343 1060 1583 1096 Criminalibus
1605 1070 1769 1103 namque,
1797 1060 1902 1096 liceta
1924 1062 2063 1106 Synodo
2082 1074 2137 1108 ge-

1254 1111 1353 1145 nerali
1376 1109 1487 1149 fastis,
1515 1109 1551 1143 in
1563 1109 1743 1153 Episcopos
1765 1121 1822 1144 aut
1834 1109 1983 1147 Clericos
1998 1120 2089 1146 extra
2099 1114 2137 1149 fi·

1253 1160 1328 1194 dem
1339 1159 1573 1203 quaestionibus
1590 1159 1709 1194 laicum
1722 1159 1909 1204 Principem
1923 1171 1979 1196 aut
1989 1161 2058 1203 ejus
2074 1161 2139 1196 vi·-

1252 1211 1357 1245 carios
1371 1210 1477 1245 adesse
1488 1221 1555 1244 non
1570 1211 1658 1255 posse
1673 1208 1782 1245 lucide
1793 1223 1834 1245 ex
1846 1221 1971 1256 recepta
1986 1211 2137 1247 Ecclesia

1252 1260 1381 1307 Regula
1397 1261 1513 1295 docuit
1535 1261 1570 1294 in
1583 1260 1845 1295 Chalcedonenfi
1868 1260 2005 1306 synodo
2016 1261 2138 1297 Cecro-

1254 1311 1323 1356 pius
1346 1310 1527 1353 Episcopus
1551 1309 1876 1354 sebastopolitanus,
1897 1311 2066 1346 Dioscoro
2076 1311 2138 1347 Pa·
2154 1331 2219 1363 Ast.
2238 1331 2266 1362 3,

1252 1360 1398 1396 triarchae
1409 1360 1637 1396 Alexandrino
1648 1386 1658 1402 ,
1673 1361 1852 1405 postulanti
1865 1361 2091 1398 criminalibus
2099 1363 2137 1398 in
2183 1355 2195 1363 ⁹

1253 1414 1284 1447 se
1294 1411 1479 1447 astionibus
1499 1411 1604 1445 adeste
1625 1411 1969 1456 magnificentiffimos
1988 1411 2141 1457 judices,

1252 1459 1468 1505 respondens:
1496 1462 1632 1503 ,Quando
1654 1463 1833 1504 Regularta,
1857 1462 1890 1497 id
1914 1463 1980 1504 est,
2007 1463 2137 1507 Episto-

1253 1521 1368 1555 pornm
1380 1520 1436 1544 aut
1449 1509 1655 1544 Clericorum
1677 1511 1711 1545 in
1724 1511 1871 1556 Regulas
1881 1512 2017 1547 crimina
2027 1537 2040 1554 ,
2063 1521 2138 1548 exat

1252 1567 1427 1599 minantur,
1452 1571 1544 1602 neque
1557 1562 1691 1608 Judices
1713 1571 1807 1603 neque
1830 1563 1904 1595 alios
1925 1563 2013 1596 laicos
2040 1561 2136 1605 adeffe

1251 1618 1380 1651 oportet.
1408 1608 1451 1642 Et
1464 1608 1543 1642 hinc
1554 1609 1664 1643 scribit
1677 1611 1850 1644 Facundus
1861 1611 2139 1653 EpiscopusHer·

1253 1658 1442 1694 mianenlis:
1469 1656 1709 1699 Cbalcedonenfis
1722 1660 1827 1697 synodi
1834 1658 1915 1691 Anio
1924 1665 2017 1699 tertia
2028 1658 2137 1704 absqoe
2153 1679 2210 1715 [55.
2230 1685 2288 1717 οὔ

1245 1711 1277 1755 J
1280 1708 1416 1744 aditibus
1436 1717 1472 1740 ac
1485 1709 1595 1741 senatu
1607 1707 1755 1742 celebrata
1775 1708 1814 1742 effi
1827 1734 1838 1750 ,
1858 1712 2041 1754 propterea,
2059 1709 2135 1752 ficut

1249 1758 1401 1798 exislimo,
1428 1763 1501 1800 quia
1521 1764 1555 1791 in
1579 1757 1698 1791 afflone
1713 1764 1818 1801 prima
1833 1755 1992 1801 judicatus
2015 1759 2058 1794 de
2068 1758 2137 1796 fide

1252 1806 1403 1851 Dioscorus
1423 1814 1487 1842 erat
1497 1806 1564 1849 jam
1584 1807 1630 1844 ob
1640 1807 1819 1852 Regularia
1840 1809 1958 1844 delicia
1970 1808 2135 1854 Epfiopa-

1250 1867 1300 1891 tus
1312 1858 1417 1892 honore
1424 1859 1600 1899 privandus
1610 1882 1617 1890 .
1658 1858 1753 1892 Hinc
1766 1861 1846 1894 item
1860 1859 2037 1904 Eutycheti
2049 1884 2061 1900 ,
2072 1859 2136 1894 Re-

1248 1907 1338 1951 giam
1351 1908 1384 1941 in
1399 1907 1507 1941 Sancti
1518 1908 1669 1941 Flaviani
1681 1907 2046 1952 constantinopolitani
2059 1910 2138 1955 Epi-z

1248 1958 1339 2003 scopi
1361 1956 1500 2000 synodo
1526 1957 1763 2000 protectionem
1783 1957 1819 1992 &
1838 1960 1983 2003 personae
2001 1961 2062 1994 suae
2081 1960 2135 1994 ad·

1251 2007 1379 2044 versum
1404 2004 1578 2052 synodales
1601 2006 1772 2042 violentias
1799 2009 2006 2044 securitatem
2026 2009 2136 2053 postu-

1249 2056 1332 2092 lanti
1346 2081 1358 2097 ‚
1383 2056 1588 2091 Florentium
1607 2055 1787 2091 Patricium
1809 2057 1963 2100 adjunxit
1972 2056 2136 2093 Theodo-

1250 2108 1310 2141 sius
1328 2105 1499 2150 Augustus
1509 2130 1520 2146 ,
1547 2116 1646 2150 atqiy:
1657 2104 1699 2140 de
1710 2105 1769 2140 illo
1782 2107 1901 2151 scripsit
1912 2107 1953 2142 ad
1965 2107 2138 2147 laudatam,

1250 2157 1440 2200 Synodum:
1469 2156 1621 2198 ,Quoniam
1632 2154 1743 2199 scimus
1753 2157 2064 2202 magnificentiffimum
2074 2161 2134 2191 Pa-

1250 2213 1366 2241 tritium
1381 2207 1566 2242 Florentium
1574 2204 1754 2249 effi-fidelem
1764 2230 1775 2246 ‚
1802 2208 1838 2242 &
1846 2207 2015 2249 testimoniis
2024 2207 2136 2251 proba-

1250 2266 1315 2291 tum
1324 2257 1362 2291 de
1372 2254 1452 2291 reela
1474 2256 1557 2300 fide,
1582 2256 1718 2291 volumus
1737 2254 1835 2300 ipsum
1856 2259 1988 2304 inter-effe
2008 2259 2136 2293 audien·

1250 2313 1302 2341 n'ae
1324 2307 1429 2346 synodi
1449 2330 1460 2347 ,
1486 2311 1627 2350 quoniam
1648 2316 1718 2341 non
1745 2306 1788 2342 de
1812 2307 1950 2354 regulari
1970 2309 2134 2349 crimine,

1250 2359 1304 2392 cui
1318 2357 1419 2391 laicus
1433 2366 1475 2389 ex
1488 2355 1579 2391 nulla
1599 2358 1693 2390 causa
1705 2356 1808 2399 potest
1819 2381 1830 2397 ,
1862 2358 1915 2392 sed
1922 2356 2018 2400 sermo
2027 2359 2065 2392 de
2069 2357 2139 2400 fiale⁹

1249 2407 1307 2449 est.
1335 2407 1388 2441 Ex
1410 2406 1524 2441 eadem
1544 2406 1656 2450 regula
1677 2405 1916 2442 Constantinus
1939 2405 2134 2452 Augustus,

1251 2457 1341 2501 quod
1355 2457 1390 2491 in
1413 2456 1548 2491 adduaa
1572 2455 1615 2490 ad
1625 2454 1813 2499 Augustum
1833 2454 2037 2492 Michaelem
2057 2455 2136 2501 Epi-

1252 2508 1332 2543 stola
1343 2507 1492 2542 laudatus
1504 2505 1662 2540 Pontifex
1674 2506 1835 2540 Nicolaus
1857 2506 2018 2547 advertit,
2043 2506 2139 2542 obla-³

1252 2568 1304 2594 tos
1320 2557 1361 2593 ab
1374 2557 1544 2601 Episcopis
1564 2555 1732 2591 adversum
1745 2556 1928 2600 Episcopos
1948 2557 1984 2591 in
1993 2555 2135 2593 Nicaent

1252 2607 1391 2652 Synodo
1401 2605 1586 2643 criminales
1607 2605 1735 2642 libellos
1748 2617 1809 2642 nec
1819 2607 1976 2652 inspicere
1989 2607 2134 2652 presum-

1253 2660 1313 2704 pfit
1326 2683 1338 2700 ,
1364 2657 1418 2694 sed
1435 2655 1563 2702 publice
1574 2657 1749 2691 cremavit.

1305 2708 1364 2743 Ab
1383 2708 1622 2753 Hispaniarum
1642 2706 1792 2752 Regibus
1803 2707 1896 2741 fuiffe
1918 2708 2041 2750 semper
2058 2715 2132 2740 exa·

1254 2757 1388 2793 &iffime
1407 2760 1565 2793 servatam
1578 2756 1744 2802 Regulam
1755 2756 1873 2804 istam,
1899 2756 2003 2799 liquet
2022 2766 2063 2789 ex
2073 2755 2132 2798 Sy-

1257 2807 1353 2843 nodis
1363 2808 1541 2843 Toletanis
1552 2831 1561 2840 .
1586 2806 1715 2848 Synodi
1734 2805 1848 2839 locum
1865 2805 1942 2840 Rex
1965 2816 2042 2840 cum
2054 2804 2133 2850 Epi·

1258 2859 1363 2902 scopis
1372 2856 1511 2891 intrabat
1522 2880 1533 2896 ,
1561 2855 1637 2889 fidei
1647 2855 1786 2890 formam
1797 2866 1835 2888 ac
1847 2854 2138 2893 reformandorum]

1254 2919 1384 2942 morum
1393 2916 1523 2942 tomum
1534 2905 1657 2940 summa
1678 2916 1754 2940 cum
1764 2904 1975 2940 submiffione
1996 2905 2062 2940 illis
2072 2914 2136 2940 tra·

1255 2957 1371 2999 debat,
1397 2958 1519 2992 redium
1540 2955 1727 2999 supplicans
1744 2955 1876 2999 proferri
1887 2953 2066 2999 judicium,
2085 2953 2136 2991 di*

1250 3010 1365 3053 ‘citque
1389 3007 1431 3041 de
1455 3008 1549 3051 Rege
1562 3006 1713 3051 Egicano
1732 3006 1861 3041 decima
1883 3005 2018 3050 septima
2028 3005 2134 3048 Syno-

1256 3060 1317 3095 dus
1338 3082 1346 3092 .
1372 3059 1445 3102 ,Qua
1460 3055 1542 3101 sacri
1563 3062 1622 3089 oris
1644 3054 1690 3099 sui
1711 3062 1841 3090 oratione
1852 3055 1945 3099 finita
1966 3079 1977 3096 ,
2003 3057 2020 3089 ἒ
2039 3053 2134 3088 medio

1257 3107 1367 3151 nostri,
1389 3106 1587 3142 benedidione
1594 3114 1738 3148 percepta
1751 3129 1763 3146 ,
1788 3105 1926 3149 absceffit.
1952 3100 2134 3146 Tunc-unus-

1257 3157 1376 3203 quisque
1396 3157 1550 3199 nostrorum
1571 3154 1700 3199 refidens
1718 3154 1772 3200 suo
1784 3161 1817 3189 in
1839 3157 1897 3190 loco
1918 3163 2027 3190 tomum
2036 3148 2132 3196 ipsum

1257 3208 1383 3254 reserari
1401 3213 1617 3250 pra-cepimus,
1643 3208 1678 3240 (⁰1
1698 3216 1766 3248 quae
1787 3206 1942 3250 neceffaria
1952 3212 2061 3243 orant,
2086 3201 2134 3235 al·

1259 3270 1346 3294 terna
1355 3260 1506 3294 collatione
1519 3257 1706 3300 perti-aeluro
1725 3261 1917 3291 curavimus.
1946 3253 2013 3289 Uti
2026 3250 2132 3286 crimi·

1260 3310 1389 3344 nalibus
1409 3309 1444 3343 in
1468 3308 1649 3352 Episcopos
1671 3316 1727 3341 aut
1752 3302 2058 3348 Clericosjudiciis‚
2084 3301 2132 3337 ita

1259 3361 1293 3395 δε
1312 3360 1384 3405 ipfis
1416 3359 1494 3393 fidei
1518 3356 1750 3403 quaestionibus
1771 3366 1828 3390 aut
1853 3363 1983 3388 morum
2003 3351 2134 3386 statutis

1259 3410 1364 3445 adesse
1395 3410 1527 3453 Reges,
1552 3420 1623 3443 non
1644 3406 1742 3441 verbo
1761 3404 1938 3447 &lingua,
1964 3400 2018 3437 sed
2037 3412 2135 3445 opere

1259 3472 1297 3496 ac
1309 3459 1444 3496 veritate
1455 3459 1577 3501 semper
1586 3454 1777 3494 Catholici,
1803 3464 1872 3488 non
1885 3451 2135 3497 praesumebanr.

1973 3502 2087 3537 Etiam
